{"gold_per_floor":[113,113,128,142,9,50,50,83,83,83,101,175,55,71,71,202,202,226,226,241,261,221,221,257,270,270,295,295,335,355,24,24,149,149,164,188,208,208,208,208,239,262,262,283,297,321,321,321,321,321],"floor_reached":51,"playtime":3944,"items_purged":[],"score":857,"play_id":"bd0ac00c-ea76-4f1f-9b82-eae4c0877b31","local_time":"20190602184534","is_ascension_mode":true,"campfire_choices":[{"floor":7.0,"key":"REST"},{"floor":15.0,"key":"REST"},{"floor":23,"key":"REST"},{"floor":28,"key":"REST"},{"floor":32,"key":"REST"},{"data":"Enlightenment","floor":40,"key":"SMITH"},{"floor":47,"key":"REST"},{"data":"Adrenaline","floor":49,"key":"SMITH"}],"neow_cost":"NONE","seed_source_timestamp":616379980964368,"circlet_count":0,"master_deck":["Defend_G","Defend_G","Defend_G","Defend_G","Defend_G","Strike_G","Strike_G","Strike_G","Strike_G","Strike_G","Survivor","Neutralize","Bouncing Flask","Caltrops","Masterful Stab","Poisoned Stab","Jack Of All Trades","Cloak And Dagger","Poisoned Stab","Bane+1","Enlightenment+1","Well Laid Plans","Burst+1","Slice","Crippling Poison","Cloak And Dagger","Adrenaline+1","Calculated Gamble","Blade Dance","Crippling Poison","Blade Dance+1","Swift Strike","Violence","Blade Dance","Night Terror+1","Catalyst+1","Catalyst+1","Deadly Poison+1","Parasite","Deadly Poison+1","Bane+1","Night Terror","Slice"],"special_seed":0,"relics":["Ring of the Snake","Golden Idol","Letter Opener","Shuriken","Darkstone Periapt","Snake Skull","Black Star","Anchor","Pen Nib","Ancient Tea Set","Potion Belt","Bird Faced Urn","Eternal Feather","Frozen Egg 2","Blood Vial","Ornamental Fan"],"potions_floor_usage":[18,24,33,33,37,44,46,50],"damage_taken":[{"damage":0.0,"enemies":"2 Louse","floor":1.0,"turns":3.0},{"damage":5.0,"enemies":"Jaw Worm","floor":3.0,"turns":3.0},{"damage":0.0,"enemies":"Cultist","floor":4.0,"turns":4.0},{"damage":23.0,"enemies":"3 Sentries","floor":6.0,"turns":10.0},{"damage":13.0,"enemies":"Lagavulin","floor":8.0,"turns":6.0},{"damage":0.0,"enemies":"Large Slime","floor":11.0,"turns":3.0},{"damage":8.0,"enemies":"3 Sentries","floor":12.0,"turns":6.0},{"damage":1.0,"enemies":"Exordium Wildlife","floor":14.0,"turns":3.0},{"damage":0.0,"enemies":"Hexaghost","floor":16.0,"turns":7.0},{"damage":3,"enemies":"2 Thieves","floor":18,"turns":3},{"damage":0,"enemies":"3 Byrds","floor":20,"turns":3},{"damage":9,"enemies":"Centurion and Healer","floor":21,"turns":6},{"damage":43,"enemies":"Gremlin Leader","floor":24,"turns":6},{"damage":9,"enemies":"Snecko","floor":25,"turns":4},{"damage":1,"enemies":"Snake Plant","floor":27,"turns":4},{"damage":31,"enemies":"Book of Stabbing","floor":29,"turns":5},{"damage":0,"enemies":"Centurion and Healer","floor":30,"turns":5},{"damage":54,"enemies":"Collector","floor":33,"turns":8},{"damage":1,"enemies":"3 Shapes","floor":35,"turns":4},{"damage":1,"enemies":"3 Darklings","floor":36,"turns":3},{"damage":31,"enemies":"Sphere and 2 Shapes","floor":37,"turns":5},{"damage":43,"enemies":"Nemesis","floor":41,"turns":5},{"damage":15,"enemies":"Writhing Mass","floor":42,"turns":4},{"damage":7,"enemies":"Jaw Worm Horde","floor":44,"turns":4},{"damage":8,"enemies":"3 Darklings","floor":45,"turns":3},{"damage":8,"enemies":"Spire Growth","floor":46,"turns":3},{"damage":27,"enemies":"Time Eater","floor":50,"turns":4}],"seed_played":"-6726576952900976437","potions_obtained":[{"floor":0.0,"key":"Strength Potion"},{"floor":0.0,"key":"Energy Potion"},{"floor":0.0,"key":"AttackPotion"},{"floor":8.0,"key":"FearPotion"},{"floor":14.0,"key":"GhostInAJar"},{"floor":16.0,"key":"FairyPotion"},{"floor":20,"key":"SpeedPotion"},{"floor":21,"key":"Block Potion"},{"floor":24,"key":"GhostInAJar"},{"floor":33,"key":"SteroidPotion"},{"floor":35,"key":"Swift Potion"},{"floor":37,"key":"SneckoOil"},{"floor":44,"key":"Strength Potion"},{"floor":45,"key":"Ancient Potion"},{"floor":46,"key":"Explosive Potion"}],"is_trial":false,"path_per_floor":["M","?","M","M","$","E","R","E","T","?","M","?","$","M","R","B",null,"M","?","M","M","?","R","E","M","T","M","R","E","M","$","R","B",null,"M","M","M","?","?","R","E","M","T","M","M","M","R","?","R","B",null],"character_chosen":"THE_SILENT","items_purchased":["Poisoned Stab","Jack Of All Trades","Bane","Enlightenment","Swift Strike","Violence","Blade Dance"],"campfire_rested":6,"item_purchase_floors":[5,5,13,13,31,31,31],"current_hp_per_floor":[70,53,48,48,48,25,46,33,33,56,56,48,48,47,68,68,70,67,67,67,58,58,70,27,18,18,17,38,7,11,11,32,7,70,69,70,41,41,41,62,23,18,18,17,11,5,51,51,72,45],"gold":321,"neow_bonus":"THREE_SMALL_POTIONS","is_prod":false,"is_daily":false,"chose_seed":false,"campfire_upgraded":2,"win_rate":0,"timestamp":1559490334,"path_taken":["M","?","M","M","$","E","R","E","T","?","M","?","$","M","R","BOSS","M","?","M","M","?","R","E","M","T","?","R","E","M","$","R","BOSS","M","M","M","?","?","R","E","M","T","M","?","M","R","?","R","BOSS"],"build_version":"2019-01-23","purchased_purges":0,"victory":true,"max_hp_per_floor":[70,70,70,70,70,70,70,70,70,70,70,70,70,70,70,70,70,70,70,70,70,70,70,70,70,70,70,70,70,70,70,70,70,70,70,70,70,70,70,70,70,76,76,76,76,76,76,72,72,72],"card_choices":[{"not_picked":["Dagger Throw","Prepared"],"picked":"Bouncing Flask","floor":1.0},{"not_picked":["Outmaneuver","Dodge and Roll"],"picked":"Caltrops","floor":3.0},{"not_picked":["All Out Attack","Outmaneuver"],"picked":"Masterful Stab","floor":4.0},{"not_picked":["Wraith Form v2","Choke","Blade Dance"],"picked":"SKIP","floor":6.0},{"not_picked":["Footwork","Outmaneuver"],"picked":"Cloak And Dagger","floor":8.0},{"not_picked":["Accuracy","Dagger Spray"],"picked":"Poisoned Stab","floor":11.0},{"not_picked":["Eviscerate","Endless Agony"],"picked":"Well Laid Plans","floor":14.0},{"not_picked":["After Image","Doppelganger"],"picked":"Burst","floor":16.0},{"not_picked":["Dagger Spray","Dash+1"],"picked":"Slice","floor":18},{"not_picked":["Flying Knee","Dagger Throw"],"picked":"Cloak And Dagger","floor":20},{"not_picked":["Setup","Prepared"],"picked":"Adrenaline","floor":21},{"not_picked":["Quick Slash+1","Predator+1"],"picked":"Calculated Gamble","floor":24},{"not_picked":["Acrobatics","All Out Attack"],"picked":"Blade Dance","floor":25},{"not_picked":["Quick Slash","Concentrate+1","Dagger Throw"],"picked":"SKIP","floor":27},{"not_picked":["Dagger Throw","Terror"],"picked":"Crippling Poison","floor":29},{"not_picked":["Prepared","Endless Agony"],"picked":"Blade Dance+1","floor":30},{"not_picked":["After Image","A Thousand Cuts"],"picked":"Night Terror","floor":33},{"not_picked":["Well Laid Plans+1","Acrobatics"],"picked":"Catalyst+1","floor":35},{"not_picked":["Eviscerate","Riddle With Holes+1","PiercingWail"],"picked":"SKIP","floor":36},{"not_picked":["Terror+1","Poisoned Stab"],"picked":"Catalyst+1","floor":37},{"not_picked":["Acrobatics+1","Tactician"],"picked":"Deadly Poison+1","floor":41},{"not_picked":["Quick Slash","Prepared+1"],"picked":"Deadly Poison+1","floor":42},{"not_picked":["Flying Knee+1","All Out Attack+1"],"picked":"Bane+1","floor":44},{"not_picked":["Calculated Gamble+1","Quick Slash+1"],"picked":"Night Terror","floor":45},{"not_picked":["Prepared","Flechettes+1"],"picked":"Slice","floor":46}],"player_experience":1443302,"relics_obtained":[{"floor":6.0,"key":"Letter Opener"},{"floor":8.0,"key":"Shuriken"},{"floor":9.0,"key":"Darkstone Periapt"},{"floor":24,"key":"Anchor"},{"floor":24,"key":"Pen Nib"},{"floor":26,"key":"Ancient Tea Set"},{"floor":29,"key":"Potion Belt"},{"floor":29,"key":"Bird Faced Urn"},{"floor":41,"key":"Frozen Egg 2"},{"floor":41,"key":"Blood Vial"},{"floor":43,"key":"Ornamental Fan"}],"event_choices":[{"damage_healed":0.0,"max_hp_gain":0.0,"max_hp_loss":0.0,"gold_gain":0.0,"event_name":"Golden Idol","player_choice":"Take Damage","floor":2.0,"gold_loss":0.0,"damage_taken":17.0,"relics_obtained":["Golden Idol"]},{"damage_healed":23.0,"max_hp_gain":0.0,"max_hp_loss":0.0,"gold_gain":0.0,"event_name":"Big Fish","player_choice":"Banana","floor":10.0,"gold_loss":0.0,"damage_taken":0.0},{"damage_healed":0.0,"max_hp_gain":0.0,"max_hp_loss":0.0,"gold_gain":0.0,"event_name":"Dead Adventurer","player_choice":"Searched \u00272\u0027 times","floor":12.0,"gold_loss":0.0,"damage_taken":0.0,"relics_obtained":["Snake Skull"]},{"damage_healed":0,"gold_gain":0,"player_choice":"Read","damage_taken":0,"max_hp_gain":0,"max_hp_loss":0,"event_name":"The Library","floor":19,"gold_loss":0,"cards_obtained":["Crippling Poison"]},{"damage_healed":0,"gold_gain":0,"player_choice":"Upgraded Two","damage_taken":0,"max_hp_gain":0,"max_hp_loss":0,"event_name":"Designer","floor":22,"gold_loss":40,"cards_upgraded":["Bane","Burst"]},{"damage_healed":0,"gold_gain":0,"player_choice":"Ignored","damage_taken":0,"max_hp_gain":0,"max_hp_loss":0,"event_name":"Tomb of Lord Red Mask","floor":38,"gold_loss":0},{"damage_healed":0,"gold_gain":0,"player_choice":"Upgraded","damage_taken":0,"max_hp_gain":0,"max_hp_loss":0,"event_name":"Upgrade Shrine","floor":39,"gold_loss":0,"cards_upgraded":["Night Terror"]},{"damage_healed":0,"gold_gain":0,"player_choice":"Max HP","damage_taken":0,"max_hp_gain":0,"max_hp_loss":4,"event_name":"Winding Halls","floor":48,"gold_loss":0}],"is_beta":false,"boss_relics":[{"not_picked":["Sozu","Empty Cage"],"picked":"Black Star"},{"not_picked":["Runic Pyramid","Calling Bell"],"picked":"Eternal Feather"}],"items_purged_floors":[],"is_endless":false,"potions_floor_spawned":[1,4,8,14,16,20,21,24,27,33,35,37,44,45,46],"ascension_level":2}