{"gold_per_floor":[111,127,202,127,140,140,26,56,356,66,89,89,124,138,138,217,217,229,255,255,274,292,292,61,61,61,33,50,82,100,135,135,209,209,229,240,240,250,265,265,300,300,354,384,396,255,308,327,327,327,327,327,327,106,136,136],"floor_reached":57,"playtime":3463,"items_purged":["Anger","Strike_R"],"score":2810,"play_id":"22b4134b-9c7e-4092-a8f9-fde3892fbd72","local_time":"20190708193618","is_ascension_mode":true,"campfire_choices":[{"data":"Bash","floor":6.0,"key":"SMITH"},{"data":"Apotheosis","floor":15.0,"key":"SMITH"},{"data":"Inflame","floor":23,"key":"SMITH"},{"data":"Corruption","floor":32,"key":"SMITH"},{"data":"Evolve","floor":40,"key":"SMITH"},{"data":"Barricade","floor":42,"key":"SMITH"},{"floor":45,"key":"RECALL"},{"data":"Entrench","floor":49,"key":"SMITH"},{"data":"Battle Trance","floor":53,"key":"SMITH"}],"neow_cost":"TEN_PERCENT_HP_LOSS","seed_source_timestamp":50960415725400,"circlet_count":0,"master_deck":["AscendersBane","Defend_R","Defend_R","Defend_R","Defend_R+1","Bash+1","Pommel Strike+1","Feed","Evolve+1","True Grit+1","Power Through","Apotheosis+1","Disarm","Inflame+1","Spot Weakness","Impervious","Corruption+1","Pommel Strike+1","Second Wind","Power Through","Entrench+1","Shrug It Off","Cleave+1","Battle Trance+1","Juggernaut","Barricade+1","Sentinel","Battle Trance+1","Entrench+1","Exhume","Master of Strategy"],"special_seed":0,"relics":["Burning Blood","Turnip","Thread and Needle","Old Coin","Ancient Tea Set","War Paint","Runic Dome","Red Mask","Membership Card","Red Skull","Sundial","Runic Cube","Meat on the Bone","Pen Nib","MawBank","Art of War","Mango","Whetstone","Letter Opener"],"potions_floor_usage":[29,29,38,41,56,56],"damage_taken":[{"damage":3.0,"enemies":"Small Slimes","floor":1.0,"turns":3.0},{"damage":2.0,"enemies":"Jaw Worm","floor":2.0,"turns":3.0},{"damage":8.0,"enemies":"2 Louse","floor":5.0,"turns":3.0},{"damage":8.0,"enemies":"Gremlin Nob","floor":8.0,"turns":3.0},{"damage":18.0,"enemies":"3 Sentries","floor":13.0,"turns":8.0},{"damage":12.0,"enemies":"Lots of Slimes","floor":14.0,"turns":5.0},{"damage":8.0,"enemies":"Hexaghost","floor":16.0,"turns":9.0},{"damage":0.0,"enemies":"Shell Parasite","floor":18.0,"turns":8.0},{"damage":21.0,"enemies":"Masked Bandits","floor":19.0,"turns":6.0},{"damage":16,"enemies":"2 Thieves","floor":21,"turns":5},{"damage":0,"enemies":"Snecko","floor":22,"turns":7},{"damage":16,"enemies":"Centurion and Healer","floor":28,"turns":8},{"damage":45,"enemies":"Slavers","floor":29,"turns":6},{"damage":4,"enemies":"Snake Plant","floor":30,"turns":5},{"damage":14,"enemies":"Book of Stabbing","floor":31,"turns":6},{"damage":12,"enemies":"Champ","floor":33,"turns":7},{"damage":7,"enemies":"Orb Walker","floor":35,"turns":4},{"damage":22,"enemies":"3 Darklings","floor":36,"turns":7},{"damage":22,"enemies":"Transient","floor":38,"turns":6},{"damage":3,"enemies":"Sphere and 2 Shapes","floor":39,"turns":5},{"damage":25,"enemies":"Reptomancer","floor":41,"turns":6},{"damage":28,"enemies":"3 Darklings","floor":44,"turns":5},{"damage":29,"enemies":"2 Orb Walkers","floor":47,"turns":6},{"damage":0,"enemies":"Jaw Worm Horde","floor":48,"turns":5},{"damage":0,"enemies":"Time Eater","floor":50,"turns":17},{"damage":25,"enemies":"Awakened One","floor":51,"turns":6},{"damage":4,"enemies":"Shield and Spear","floor":55,"turns":6},{"damage":25,"enemies":"The Heart","floor":56,"turns":8}],"seed_played":"-9195015702961500986","potions_obtained":[{"floor":5.0,"key":"Fire Potion"},{"floor":14.0,"key":"Weak Potion"},{"floor":16.0,"key":"Fire Potion"},{"floor":18.0,"key":"SkillPotion"},{"floor":22,"key":"Poison Potion"},{"floor":28,"key":"Ancient Potion"},{"floor":30,"key":"Poison Potion"},{"floor":31,"key":"PowerPotion"},{"floor":39,"key":"Fire Potion"},{"floor":48,"key":"SpeedPotion"}],"is_trial":false,"path_per_floor":["M","M","?","?","M","R","$","E","T","$","T","?","E","M","R","B",null,"M","?","?","M","M","R","$","?","T","$","M","E","M","E","R","B",null,"M","M","T","M","M","R","E","R","T","M","R","$","?","M","R","B","B",null,"R","$","E","B",null],"character_chosen":"IRONCLAD","items_purchased":["Evolve","True Grit","Apotheosis","Disarm","Membership Card","AttackPotion","Block Potion","Art of War","Master of Strategy","Whetstone"],"campfire_rested":0,"item_purchase_floors":[7,7,10,10,24,27,46,46,54,54],"current_hp_per_floor":[68,68,57,57,55,55,55,53,53,53,53,46,38,36,36,34,66,76,64,64,58,68,68,68,68,68,68,62,27,29,25,25,23,86,85,73,73,69,76,76,73,73,73,67,67,67,70,76,76,86,83,130,130,130,136,117],"gold":136,"neow_bonus":"ONE_RARE_RELIC","is_prod":false,"is_daily":false,"chose_seed":false,"campfire_upgraded":8,"win_rate":0,"timestamp":1562582178,"path_taken":["M","M","?","?","M","R","$","E","T","?","?","?","E","M","R","BOSS","M","?","?","?","M","R","?","?","T","$","?","E","M","E","R","BOSS","M","M","?","M","?","R","E","R","T","M","R","$","?","M","R","BOSS","BOSS","R","$","E","BOSS"],"build_version":"2019-07-05","purchased_purges":2,"victory":true,"max_hp_per_floor":[68,68,68,68,68,68,68,68,68,68,68,68,72,76,76,76,76,80,83,83,87,91,91,91,91,91,91,95,99,99,103,103,107,107,107,111,111,111,115,115,119,119,119,123,123,123,137,137,137,141,145,145,145,145,149,149],"card_choices":[{"not_picked":["Heavy Blade","Havoc"],"picked":"Pommel Strike","floor":1.0},{"not_picked":["Twin Strike","Heavy Blade"],"picked":"Anger","floor":2.0},{"not_picked":["Spot Weakness","Pommel Strike"],"picked":"Feed","floor":5.0},{"not_picked":["Anger","Wild Strike","Power Through"],"picked":"SKIP","floor":8.0},{"not_picked":["Anger","Wild Strike"],"picked":"Power Through","floor":8.0},{"not_picked":["Carnage","Pummel"],"picked":"Inflame","floor":13.0},{"not_picked":["Flex","Burning Pact"],"picked":"Spot Weakness","floor":14.0},{"not_picked":["Brutality","Feed"],"picked":"Impervious","floor":16.0},{"not_picked":["Havoc","Warcry"],"picked":"Corruption","floor":18.0},{"not_picked":["Clash+1","True Grit"],"picked":"Pommel Strike","floor":19.0},{"not_picked":["Twin Strike","Flex"],"picked":"Power Through","floor":21},{"not_picked":["Bludgeon","Metallicize"],"picked":"Entrench","floor":22},{"not_picked":["Thunderclap+1","Armaments"],"picked":"Shrug It Off","floor":28},{"not_picked":["Infernal Blade","Clothesline"],"picked":"Cleave+1","floor":29},{"not_picked":["Heavy Blade","Clash"],"picked":"Battle Trance+1","floor":30},{"not_picked":["Metallicize","Flame Barrier+1"],"picked":"Juggernaut","floor":31},{"not_picked":["Exhume","Immolate"],"picked":"Barricade","floor":33},{"not_picked":["Intimidate","Carnage","Wild Strike"],"picked":"SKIP","floor":35},{"not_picked":["Anger+1","Shrug It Off"],"picked":"Sentinel","floor":36},{"not_picked":["Thunderclap+1","Flex","Shrug It Off+1"],"picked":"SKIP","floor":38},{"not_picked":["Clash","Wild Strike+1"],"picked":"Battle Trance","floor":39},{"not_picked":["Sword Boomerang+1","Sentinel"],"picked":"Entrench+1","floor":41},{"not_picked":["Seeing Red","Headbutt","Flex"],"picked":"SKIP","floor":44},{"not_picked":["Pommel Strike","Clash+1"],"picked":"Exhume","floor":47},{"not_picked":["Bloodletting","True Grit","Armaments"],"picked":"SKIP","floor":48},{"not_picked":["Dropkick","Sword Boomerang","Perfected Strike"],"picked":"SKIP","floor":55}],"player_experience":947567,"relics_obtained":[{"floor":8.0,"key":"Thread and Needle"},{"floor":9.0,"key":"Old Coin"},{"floor":11.0,"key":"Ancient Tea Set"},{"floor":13.0,"key":"War Paint"},{"floor":19.0,"key":"Red Mask"},{"floor":29,"key":"Red Skull"},{"floor":31,"key":"Sundial"},{"floor":37,"key":"Meat on the Bone"},{"floor":41,"key":"Pen Nib"},{"floor":43,"key":"MawBank"},{"floor":47,"key":"Mango"},{"floor":55,"key":"Letter Opener"}],"event_choices":[{"damage_healed":0.0,"max_hp_gain":0.0,"max_hp_loss":0.0,"gold_gain":75.0,"event_name":"World of Goop","player_choice":"Gather Gold","floor":3.0,"gold_loss":0.0,"damage_taken":11.0},{"cards_removed":["Strike_R"],"damage_healed":0.0,"max_hp_gain":0.0,"max_hp_loss":0.0,"gold_gain":0.0,"event_name":"The Cleric","player_choice":"Card Removal","floor":4.0,"gold_loss":75.0,"damage_taken":0.0},{"cards_removed":["Strike_R"],"damage_healed":0.0,"max_hp_gain":0.0,"max_hp_loss":0.0,"gold_gain":0.0,"event_name":"Golden Wing","player_choice":"Card Removal","floor":12.0,"gold_loss":0.0,"damage_taken":7.0},{"damage_healed":0.0,"max_hp_gain":0.0,"max_hp_loss":0.0,"gold_gain":0.0,"event_name":"Masked Bandits","player_choice":"Fought Bandits","floor":19.0,"gold_loss":0.0,"damage_taken":0.0},{"damage_healed":0.0,"max_hp_gain":0.0,"max_hp_loss":0.0,"gold_gain":0.0,"cards_transformed":["Strike_R"],"event_name":"Transmorgrifier","player_choice":"Transformed","floor":20.0,"gold_loss":0.0,"damage_taken":0.0,"cards_obtained":["Second Wind"]},{"cards_removed":["Strike_R"],"damage_healed":0,"gold_gain":0,"player_choice":"Purged","damage_taken":0,"max_hp_gain":0,"max_hp_loss":0,"event_name":"Purifier","floor":25,"gold_loss":0},{"damage_healed":0,"gold_gain":0,"player_choice":"Fight","damage_taken":0,"max_hp_gain":0,"max_hp_loss":0,"event_name":"Mysterious Sphere","floor":47,"gold_loss":0}],"is_beta":false,"boss_relics":[{"not_picked":["Cursed Key","Tiny House"],"picked":"Runic Dome"},{"not_picked":["Empty Cage","Velvet Choker"],"picked":"Runic Cube"}],"items_purged_floors":[46,54],"is_endless":false,"potions_floor_spawned":[5,14,16,18,22,28,30,31,36,39,48,55],"ascension_level":20}