{"gold_per_floor":[116,41,41,41,55,55,87,87,140,160,190,204,204,54,54,128,128,138,413,258,95,70,70],"floor_reached":23,"playtime":651,"items_purged":["Strike_B","Regret"],"score":394,"play_id":"4d77b8d2-00b3-4d7c-bb2e-bec6d8033afa","local_time":"20190620152600","is_ascension_mode":true,"campfire_choices":[{"data":"Zap","floor":6,"key":"SMITH"},{"floor":8,"key":"REST"},{"data":"Dualcast","floor":13,"key":"SMITH"},{"floor":15,"key":"REST"}],"neow_cost":"TEN_PERCENT_HP_LOSS","seed_source_timestamp":64878878837800,"circlet_count":0,"master_deck":["AscendersBane","Strike_B","Defend_B","Defend_B","Defend_B","Zap+1","Dualcast+1","Undo","Ball Lightning","Self Repair","Defragment","Biased Cognition","Capacitor+1","Coolheaded"],"relics":["Cracked Core","Gremlin Horn","Pen Nib","Boot","DataDisk","Ornamental Fan","Snecko Eye","Bag of Preparation"],"potions_floor_usage":[7,11,16],"damage_taken":[{"damage":7,"enemies":"Jaw Worm","floor":1,"turns":3},{"damage":0,"enemies":"2 Louse","floor":5,"turns":1},{"damage":20,"enemies":"Lagavulin","floor":7,"turns":7},{"damage":0,"enemies":"Cultist","floor":10,"turns":3},{"damage":11,"enemies":"Gremlin Nob","floor":11,"turns":3},{"damage":0,"enemies":"Gremlin Gang","floor":12,"turns":3},{"damage":32,"enemies":"Slime Boss","floor":16,"turns":8},{"damage":1,"enemies":"Spheric Guardian","floor":18,"turns":3},{"damage":12,"enemies":"2 Thieves","floor":22,"turns":4},{"damage":65,"enemies":"Gremlin Leader","floor":23,"turns":6}],"seed_played":"7712110048579560552","potions_obtained":[{"floor":5,"key":"FearPotion"},{"floor":7,"key":"FearPotion"},{"floor":11,"key":"Swift Potion"}],"is_trial":false,"path_per_floor":["M","?","?","?","M","R","E","R","T","M","E","M","R","$","R","B",null,"M","?","$","$","M","E"],"character_chosen":"DEFECT","items_purchased":["Defragment","Coolheaded","Bag of Preparation"],"campfire_rested":2,"item_purchase_floors":[14,20,21],"current_hp_per_floor":[57,57,31,31,31,31,11,30,30,30,19,19,19,19,38,13,51,57,57,57,57,52,0],"gold":70,"neow_bonus":"REMOVE_TWO","is_prod":false,"is_daily":false,"chose_seed":false,"campfire_upgraded":2,"win_rate":0,"timestamp":1561011960,"path_taken":["M","?","?","?","?","R","E","R","T","?","E","M","R","$","R","BOSS","M","?","?","$","?","E"],"build_version":"2019-01-23","purchased_purges":2,"victory":false,"max_hp_per_floor":[64,64,64,64,64,64,64,64,64,64,64,64,64,64,64,64,64,64,64,64,64,64,64],"card_choices":[{"not_picked":["Gash","Auto Shields"],"picked":"Consume","floor":1},{"not_picked":["Beam Cell","Rebound"],"picked":"Undo","floor":5},{"not_picked":["Stack","Reboot"],"picked":"Ball Lightning","floor":7},{"not_picked":["Rebound","Steam","Leap"],"picked":"SKIP","floor":10},{"not_picked":["Redo","Go for the Eyes","Beam Cell"],"picked":"SKIP","floor":11},{"not_picked":["Hello World","Chaos"],"picked":"Self Repair","floor":12},{"not_picked":["Seek","Multi-Cast"],"picked":"Biased Cognition","floor":16},{"not_picked":["Static Discharge","Leap"],"picked":"Capacitor+1","floor":18},{"not_picked":["Go for the Eyes","Barrage","Skim"],"picked":"SKIP","floor":22}],"player_experience":703383,"relics_obtained":[{"floor":7,"key":"Boot"},{"floor":9,"key":"DataDisk"},{"floor":11,"key":"Ornamental Fan"}],"event_choices":[{"cards_removed":["Strike_B"],"damage_healed":0,"gold_gain":0,"player_choice":"Card Removal","damage_taken":0,"max_hp_gain":0,"max_hp_loss":0,"event_name":"The Cleric","floor":2,"gold_loss":75},{"damage_healed":0,"gold_gain":0,"player_choice":"Success","damage_taken":26,"relics_obtained":["Gremlin Horn"],"max_hp_gain":0,"max_hp_loss":0,"event_name":"Scrap Ooze","floor":3,"gold_loss":0},{"cards_removed":["Consume"],"damage_healed":0,"gold_gain":0,"player_choice":"Gave Card","damage_taken":0,"relics_obtained":["Pen Nib"],"max_hp_gain":0,"max_hp_loss":0,"event_name":"WeMeetAgain","floor":4,"gold_loss":0},{"damage_healed":0,"gold_gain":275,"player_choice":"Desecrate","damage_taken":0,"max_hp_gain":0,"max_hp_loss":0,"event_name":"Golden Shrine","floor":19,"gold_loss":0,"cards_obtained":["Regret"]}],"is_beta":false,"boss_relics":[{"not_picked":["Lizard Tail","Fusion Hammer"],"picked":"Snecko Eye"}],"items_purged_floors":[14,20],"is_endless":false,"potions_floor_spawned":[5,7,11],"killed_by":"Gremlin Leader","ascension_level":20}