{"gold_per_floor":[119,135,135,148,174,208,208,235,315,331,363,383,383,397,397,473,473,492,492,505,189,208,208,208],"floor_reached":24,"playtime":755,"items_purged":["Strike_B"],"score":436,"play_id":"70782567-d9ac-45dd-bf61-fb35ececbd82","local_time":"20190723215211","is_ascension_mode":true,"campfire_choices":[{"data":"Sunder","floor":7,"key":"SMITH"},{"data":"Beam Cell","floor":13,"key":"SMITH"},{"data":"Go for the Eyes","floor":15,"key":"SMITH"},{"data":"Zap","floor":23,"key":"SMITH"}],"neow_cost":"NONE","seed_source_timestamp":368436998566800,"circlet_count":0,"master_deck":["AscendersBane","Strike_B","Defend_B","Defend_B","Defend_B","Defend_B","Zap+1","Dualcast","Self Repair","Double Energy","Sunder+1","Turbo","Rip and Tear","Beam Cell+1","Cold Snap","Cold Snap","Go for the Eyes+1","All For One","Force Field"],"relics":["Cracked Core","NeowsBlessing","Bag of Marbles","Orichalcum","Gremlin Horn","Meat on the Bone","Smiling Mask","Cursed Key","Kunai"],"potions_floor_usage":[11,16,24,24],"damage_taken":[{"damage":0,"enemies":"2 Louse","floor":1,"turns":1},{"damage":0,"enemies":"Cultist","floor":2,"turns":1},{"damage":0,"enemies":"Small Slimes","floor":4,"turns":1},{"damage":35,"enemies":"Lagavulin","floor":6,"turns":6},{"damage":22,"enemies":"3 Sentries","floor":8,"turns":8},{"damage":13,"enemies":"Gremlin Gang","floor":10,"turns":3},{"damage":24,"enemies":"Lagavulin","floor":11,"turns":6},{"damage":0,"enemies":"3 Louse","floor":12,"turns":2},{"damage":10,"enemies":"Large Slime","floor":14,"turns":2},{"damage":33,"enemies":"Hexaghost","floor":16,"turns":11},{"damage":11,"enemies":"Shell Parasite","floor":18,"turns":4},{"damage":0,"enemies":"Chosen","floor":20,"turns":3},{"damage":27,"enemies":"Shelled Parasite and Fungi","floor":22,"turns":5},{"damage":61,"enemies":"Gremlin Leader","floor":24,"turns":8}],"seed_played":"-4318909825368840425","potions_obtained":[{"floor":2,"key":"Dexterity Potion"},{"floor":8,"key":"EssenceOfSteel"},{"floor":12,"key":"Weak Potion"},{"floor":14,"key":"SteroidPotion"},{"floor":16,"key":"FocusPotion"},{"floor":18,"key":"Fire Potion"}],"is_trial":false,"path_per_floor":["M","M","?","M","T","E","R","E","T","M","E","M","R","M","R","B",null,"M","?","M","$","M","R","E"],"character_chosen":"DEFECT","items_purchased":["Kunai"],"campfire_rested":0,"item_purchase_floors":[21],"current_hp_per_floor":[64,64,64,64,64,36,36,21,21,27,22,34,34,36,36,22,59,55,55,62,62,54,54,0],"gold":208,"neow_bonus":"THREE_ENEMY_KILL","is_prod":false,"is_daily":false,"chose_seed":false,"campfire_upgraded":4,"win_rate":0,"timestamp":1563886331,"path_taken":["M","M","?","?","?","E","R","E","T","M","E","M","R","M","R","BOSS","M","?","M","$","M","R","E"],"build_version":"2019-07-17","purchased_purges":1,"victory":false,"max_hp_per_floor":[71,71,71,71,71,71,71,71,71,71,71,71,71,71,71,71,71,71,71,71,71,71,71,71],"card_choices":[{"not_picked":["Compile Driver","Aggregate","Rebound"],"picked":"SKIP","floor":1},{"not_picked":["BootSequence","Steam"],"picked":"Self Repair","floor":2},{"not_picked":["Reboot","Go for the Eyes"],"picked":"Sunder","floor":4},{"not_picked":["Streamline","Hyperbeam"],"picked":"Turbo","floor":6},{"not_picked":["Blizzard","Storm"],"picked":"Rip and Tear","floor":8},{"not_picked":["Gash","Stack","Beam Cell"],"picked":"SKIP","floor":10},{"not_picked":["Gash","Stack"],"picked":"Beam Cell","floor":10},{"not_picked":["Sunder","Redo"],"picked":"Cold Snap","floor":11},{"not_picked":["Barrage","Auto Shields"],"picked":"Cold Snap","floor":12},{"not_picked":["Tempest","Thunder Strike"],"picked":"Go for the Eyes","floor":14},{"not_picked":["Rainbow","Core Surge"],"picked":"All For One","floor":16},{"not_picked":["Rebound","Cold Snap","Reprogram"],"picked":"SKIP","floor":18},{"not_picked":["Rebound","Compile Driver","Cold Snap"],"picked":"SKIP","floor":20},{"not_picked":["Hologram","Go for the Eyes","Turbo"],"picked":"SKIP","floor":22}],"player_experience":1160632,"relics_obtained":[{"floor":5,"key":"Bag of Marbles"},{"floor":6,"key":"Orichalcum"},{"floor":8,"key":"Gremlin Horn"},{"floor":9,"key":"Meat on the Bone"},{"floor":11,"key":"Smiling Mask"}],"event_choices":[{"damage_healed":0,"gold_gain":0,"cards_transformed":["Strike_B"],"player_choice":"Transformed","damage_taken":0,"max_hp_gain":0,"max_hp_loss":0,"event_name":"Transmorgrifier","floor":3,"gold_loss":0,"cards_obtained":["Double Energy"]},{"damage_healed":0,"gold_gain":0,"cards_transformed":["Strike_B"],"player_choice":"Transformed","damage_taken":0,"max_hp_gain":0,"max_hp_loss":0,"event_name":"Transmorgrifier","floor":19,"gold_loss":0,"cards_obtained":["Force Field"]}],"is_beta":false,"boss_relics":[{"not_picked":["Philosopher\u0027s Stone","Eternal Feather"],"picked":"Cursed Key"}],"items_purged_floors":[21],"is_endless":false,"potions_floor_spawned":[2,8,12,14,16,18],"killed_by":"Gremlin Leader","ascension_level":20}