{"gold_per_floor":[216,491,503,503,519,519,549,569,569,589,589,607,627,306,306,381,381,398,270,185,204,204,204,233,251,251,251,251],"floor_reached":28,"playtime":956,"items_purged":["Regret","Strike_R"],"score":476,"play_id":"ea0099cd-795b-4778-a1c6-df26475c2e75","local_time":"20190702174116","is_ascension_mode":true,"campfire_choices":[{"data":"Whirlwind","floor":6,"key":"SMITH"},{"data":"Bash","floor":11,"key":"SMITH"},{"data":"Evolve","floor":15,"key":"SMITH"},{"data":"Dark Embrace","floor":23,"key":"SMITH"},{"data":"Immolate","floor":27,"key":"SMITH"}],"neow_cost":"NONE","seed_source_timestamp":291892415223600,"circlet_count":0,"master_deck":["AscendersBane","Strike_R","Strike_R","Strike_R","Strike_R","Defend_R","Defend_R","Defend_R","Defend_R","Bash+1","Whirlwind+1","Twin Strike","Evolve+1","Flame Barrier","Power Through","Immolate+1","Sword Boomerang","Corruption","Dark Embrace+1","Power Through","Entrench"],"relics":["Burning Blood","PreservedInsect","Pantograph","Vajra","Odd Mushroom","Bag of Preparation","Black Star","Anchor","Self Forming Clay","Incense Burner","Unceasing Top"],"potions_floor_usage":[12,13,16,24,28],"damage_taken":[{"damage":4,"enemies":"2 Louse","floor":1,"turns":3},{"damage":4,"enemies":"Cultist","floor":3,"turns":4},{"damage":12,"enemies":"Jaw Worm","floor":5,"turns":4},{"damage":35,"enemies":"Gremlin Nob","floor":7,"turns":4},{"damage":9,"enemies":"2 Fungi Beasts","floor":8,"turns":2},{"damage":2,"enemies":"Exordium Wildlife","floor":10,"turns":2},{"damage":16,"enemies":"Exordium Thugs","floor":12,"turns":3},{"damage":0,"enemies":"The Mushroom Lair","floor":13,"turns":2},{"damage":38,"enemies":"Slime Boss","floor":16,"turns":8},{"damage":3,"enemies":"Chosen","floor":18,"turns":5},{"damage":27,"enemies":"Shell Parasite","floor":21,"turns":8},{"damage":26,"enemies":"Gremlin Leader","floor":24,"turns":6},{"damage":17,"enemies":"Centurion and Healer","floor":25,"turns":10},{"damage":24,"enemies":"Book of Stabbing","floor":28,"turns":5}],"seed_played":"4862890964106281895","potions_obtained":[{"floor":1,"key":"GamblersBrew"},{"floor":3,"key":"Block Potion"},{"floor":7,"key":"BloodPotion"},{"floor":10,"key":"SteroidPotion"},{"floor":12,"key":"BloodPotion"},{"floor":21,"key":"AttackPotion"},{"floor":25,"key":"Swift Potion"}],"is_trial":false,"path_per_floor":["M","?","M","?","M","R","E","M","T","M","R","M","?","$","R","B",null,"M","$","?","M","?","R","E","M","T","R","E"],"character_chosen":"IRONCLAD","items_purchased":["Bag of Preparation","Power Through","Sword Boomerang"],"campfire_rested":0,"item_purchase_floors":[14,14,19],"current_hp_per_floor":[70,70,72,72,66,66,37,34,34,38,38,46,70,70,70,43,67,70,70,70,49,49,49,29,18,18,18,0],"gold":251,"neow_bonus":"HUNDRED_GOLD","is_prod":false,"is_daily":false,"chose_seed":false,"campfire_upgraded":5,"win_rate":0,"timestamp":1562056876,"path_taken":["M","?","?","?","?","R","E","M","T","M","R","M","?","$","R","BOSS","M","$","?","M","?","R","E","M","T","R","E"],"build_version":"2019-07-01","purchased_purges":2,"victory":false,"max_hp_per_floor":[75,75,75,75,75,75,75,75,75,75,75,75,75,75,75,75,75,75,75,75,75,75,75,75,75,75,75,75],"card_choices":[{"not_picked":["Pummel","Body Slam","Bloodletting"],"picked":"SKIP","floor":1},{"not_picked":["Wild Strike","Body Slam","Warcry"],"picked":"SKIP","floor":3},{"not_picked":["Second Wind","Searing Blow"],"picked":"Whirlwind","floor":5},{"not_picked":["Body Slam","Clash","Pummel"],"picked":"SKIP","floor":7},{"not_picked":["Flex","Body Slam","Wild Strike"],"picked":"SKIP","floor":8},{"not_picked":["Havoc","Headbutt"],"picked":"Twin Strike","floor":10},{"not_picked":["Clash","Heavy Blade"],"picked":"Evolve","floor":12},{"not_picked":["Pommel Strike","Blood for Blood"],"picked":"Flame Barrier","floor":13},{"not_picked":["Brutality","Dark Embrace"],"picked":"Immolate","floor":16},{"not_picked":["Iron Wave","Body Slam","Clothesline+1"],"picked":"SKIP","floor":18},{"not_picked":["Warcry+1","Feel No Pain"],"picked":"Corruption","floor":21},{"not_picked":["Rage","Iron Wave"],"picked":"Power Through","floor":24},{"not_picked":["Whirlwind","Sword Boomerang"],"picked":"Entrench","floor":25}],"player_experience":905416,"relics_obtained":[{"floor":4,"key":"PreservedInsect"},{"floor":7,"key":"Pantograph"},{"floor":9,"key":"Vajra"},{"floor":13,"key":"Odd Mushroom"},{"floor":24,"key":"Self Forming Clay"},{"floor":24,"key":"Incense Burner"},{"floor":26,"key":"Unceasing Top"}],"event_choices":[{"damage_healed":0,"gold_gain":275,"player_choice":"Desecrate","damage_taken":0,"max_hp_gain":0,"max_hp_loss":0,"event_name":"Golden Shrine","floor":2,"gold_loss":0,"cards_obtained":["Regret"]},{"damage_healed":0,"gold_gain":0,"player_choice":"Relic","damage_taken":0,"max_hp_gain":0,"max_hp_loss":0,"event_name":"Wheel of Change","floor":4,"gold_loss":0},{"damage_healed":0,"gold_gain":0,"player_choice":"Fought Mushrooms","damage_taken":0,"max_hp_gain":0,"max_hp_loss":0,"event_name":"Mushrooms","floor":13,"gold_loss":0},{"damage_healed":0,"gold_gain":0,"player_choice":"Obtained Relic","damage_taken":0,"relics_obtained":["Anchor"],"max_hp_gain":0,"max_hp_loss":0,"event_name":"Addict","floor":20,"gold_loss":85},{"damage_healed":0,"gold_gain":0,"player_choice":"Read","damage_taken":0,"max_hp_gain":0,"max_hp_loss":0,"event_name":"The Library","floor":22,"gold_loss":0,"cards_obtained":["Dark Embrace"]}],"is_beta":false,"boss_relics":[{"not_picked":["Astrolabe","Velvet Choker"],"picked":"Black Star"}],"items_purged_floors":[14,19],"is_endless":false,"potions_floor_spawned":[1,3,7,10,12,21,25],"killed_by":"Book of Stabbing","ascension_level":20}