{"gold_per_floor":[14,14,31,44,61,61,95,108,108,108,140,35,35,35],"floor_reached":14,"playtime":523,"items_purged":[],"score":200,"play_id":"b52db591-a96b-4754-b71b-e13c606e066c","local_time":"20190714124923","is_ascension_mode":true,"campfire_choices":[{"data":"Demon Form","floor":6,"key":"SMITH"},{"floor":10,"key":"REST"}],"neow_cost":"NO_GOLD","seed_source_timestamp":0,"circlet_count":0,"master_deck":["AscendersBane","Strike_R","Strike_R","Strike_R","Strike_R","Defend_R","Defend_R","Defend_R","Defend_R","Bash","Demon Form+1","Feel No Pain","Feel No Pain","Armaments","Evolve","Shrug It Off"],"special_seed":0,"relics":["Burning Blood","Potion Belt","Bag of Marbles","Pen Nib","Golden Idol"],"potions_floor_usage":[8,11,11,14],"damage_taken":[{"damage":4.0,"enemies":"2 Louse","floor":1.0,"turns":4.0},{"damage":7.0,"enemies":"Cultist","floor":3.0,"turns":5.0},{"damage":12,"enemies":"Jaw Worm","floor":4,"turns":3},{"damage":7,"enemies":"2 Fungi Beasts","floor":5,"turns":4},{"damage":25,"enemies":"3 Sentries","floor":7,"turns":11},{"damage":34,"enemies":"Lots of Slimes","floor":8,"turns":7},{"damage":33,"enemies":"Gremlin Nob","floor":11,"turns":5},{"damage":0,"enemies":"Large Slime","floor":14,"turns":4}],"seed_played":"5549562206915886562","potions_obtained":[{"floor":4,"key":"Ancient Potion"},{"floor":5,"key":"SpeedPotion"},{"floor":8,"key":"Swift Potion"}],"is_trial":false,"path_per_floor":["M","?","M","M","M","R","E","M","T","R","E","$","?","M"],"character_chosen":"IRONCLAD","items_purchased":["AttackPotion","Shrug It Off"],"campfire_rested":1,"item_purchase_floors":[12,12],"current_hp_per_floor":[70,70,69,63,62,62,43,15,15,37,10,10,10,10],"gold":35,"neow_bonus":"THREE_RARE_CARDS","is_prod":false,"is_daily":false,"chose_seed":false,"campfire_upgraded":1,"win_rate":0,"timestamp":1563076163,"path_taken":["M","?","?","M","M","R","E","?","T","R","E","$","?","M"],"build_version":"2019-07-05","purchased_purges":0,"victory":false,"max_hp_per_floor":[75,75,75,75,75,75,75,75,75,75,75,75,68,68],"card_choices":[{"not_picked":["Exhume","Feed"],"picked":"Demon Form","floor":0.0},{"not_picked":["Shrug It Off","Hemokinesis"],"picked":"Feel No Pain","floor":1.0},{"not_picked":["Rage","Clash","Rampage"],"picked":"SKIP","floor":3},{"not_picked":["Rage","Headbutt"],"picked":"Feel No Pain","floor":4},{"not_picked":["Flame Barrier","Headbutt"],"picked":"Armaments","floor":5},{"not_picked":["Reckless Charge","Wild Strike"],"picked":"Evolve","floor":7},{"not_picked":["Bloodletting","Fire Breathing","Perfected Strike"],"picked":"SKIP","floor":8},{"not_picked":["Flex","Ghostly Armor","Body Slam"],"picked":"SKIP","floor":11}],"player_experience":1020887,"relics_obtained":[{"floor":7,"key":"Potion Belt"},{"floor":9,"key":"Bag of Marbles"},{"floor":11,"key":"Pen Nib"}],"event_choices":[{"cards_removed":["Strike_R"],"damage_healed":0.0,"max_hp_gain":0.0,"max_hp_loss":0.0,"gold_gain":0.0,"event_name":"Purifier","player_choice":"Purged","floor":2.0,"gold_loss":0.0,"damage_taken":0.0},{"damage_healed":0,"gold_gain":0,"player_choice":"Lose Max HP","damage_taken":0,"relics_obtained":["Golden Idol"],"max_hp_gain":0,"max_hp_loss":7,"event_name":"Golden Idol","floor":13,"gold_loss":0}],"is_beta":false,"boss_relics":[],"items_purged_floors":[],"is_endless":false,"potions_floor_spawned":[4,5,8],"killed_by":"Large Slime","ascension_level":20}