{"gold_per_floor":[12,12,32,44,58,90,15,40,40,40,40,40,40,68,68,140,140,155,155,165,183,17,31,31,81,150,182,193,108,108,126,126,205,205,223,239,239,253,8,8,8],"floor_reached":41,"playtime":1433,"items_purged":["Strike_B","Defend_B"],"score":862,"play_id":"e802d0c2-482e-412f-b0d5-80096731c7f8","local_time":"20190620150439","is_ascension_mode":true,"campfire_choices":[{"data":"Darkness","floor":10.0,"key":"SMITH"},{"floor":12.0,"key":"REST"},{"data":"Defragment","floor":15.0,"key":"SMITH"},{"floor":24.0,"key":"REST"},{"data":"Capacitor","floor":30.0,"key":"SMITH"},{"floor":32.0,"key":"REST"},{"data":"Loop","floor":40,"key":"SMITH"}],"neow_cost":"NO_GOLD","seed_source_timestamp":62715717127900,"circlet_count":0,"master_deck":["AscendersBane","Strike_B+1","Defend_B+1","Defend_B","Zap+1","Dualcast","Biased Cognition","Turbo","Cold Snap","Ball Lightning+1","Darkness+1","Storm","Defragment+1","Biased Cognition","Chill+1","Turbo+1","Undo+1","Conserve Battery+1","Redo+1","Darkness+1","Capacitor+1","Seek+1","Self Repair","Core Surge","Coolheaded+1","Reboot+1","Coolheaded+1","Loop+1"],"special_seed":0,"relics":["Cracked Core","Toxic Egg 2","Whetstone","Bottled Tornado","Turnip","Nloth\u0027s Gift","Symbiotic Virus","Lantern","Centennial Puzzle","Philosopher\u0027s Stone"],"potions_floor_usage":[33,41],"damage_taken":[{"damage":0.0,"enemies":"Small Slimes","floor":1.0,"turns":3.0},{"damage":0.0,"enemies":"Cultist","floor":3.0,"turns":2.0},{"damage":0.0,"enemies":"2 Louse","floor":4.0,"turns":1.0},{"damage":0.0,"enemies":"Large Slime","floor":5.0,"turns":3.0},{"damage":28.0,"enemies":"3 Sentries","floor":6.0,"turns":6.0},{"damage":25.0,"enemies":"Lagavulin","floor":8.0,"turns":7.0},{"damage":3.0,"enemies":"Gremlin Nob","floor":14.0,"turns":3.0},{"damage":10.0,"enemies":"Slime Boss","floor":16.0,"turns":7.0},{"damage":0.0,"enemies":"Spheric Guardian","floor":18.0,"turns":5.0},{"damage":9.0,"enemies":"Shell Parasite","floor":20.0,"turns":4.0},{"damage":1.0,"enemies":"Snecko","floor":21.0,"turns":4.0},{"damage":11.0,"enemies":"3 Cultists","floor":23.0,"turns":5.0},{"damage":23.0,"enemies":"Gremlin Leader","floor":27.0,"turns":6.0},{"damage":5.0,"enemies":"Sentry and Sphere","floor":28.0,"turns":5.0},{"damage":3.0,"enemies":"Shelled Parasite and Fungi","floor":31.0,"turns":2.0},{"damage":21,"enemies":"Automaton","floor":33,"turns":8},{"damage":9,"enemies":"Orb Walker","floor":35,"turns":4},{"damage":0,"enemies":"3 Shapes","floor":36,"turns":7},{"damage":32,"enemies":"Jaw Worm Horde","floor":38,"turns":5},{"damage":44,"enemies":"Reptomancer","floor":41,"turns":2}],"seed_played":"2124531926177313112","potions_obtained":[{"floor":1.0,"key":"Dexterity Potion"},{"floor":5.0,"key":"Regen Potion"},{"floor":6.0,"key":"Dexterity Potion"},{"floor":8.0,"key":"FairyPotion"},{"floor":20.0,"key":"Block Potion"},{"floor":23.0,"key":"PowerPotion"},{"floor":35,"key":"AttackPotion"}],"is_trial":false,"path_per_floor":["M","?","M","M","M","E","$","E","T","R","?","R","?","E","R","B",null,"M","?","M","M","$","M","R","?","T","E","M","?","R","M","R","B",null,"M","M","$","M","$","R","E"],"character_chosen":"DEFECT","items_purchased":["Darkness+1","Capacitor","Coolheaded+1","Loop"],"campfire_rested":3,"item_purchase_floors":[22,22,39,39],"current_hp_per_floor":[64,64,64,64,64,50,50,25,25,25,25,46,25,22,22,12,56,56,56,47,46,46,35,56,56,56,33,28,28,28,25,46,32,61,52,59,59,34,34,34,0],"gold":8,"neow_bonus":"TRANSFORM_TWO_CARDS","is_prod":false,"is_daily":false,"chose_seed":false,"campfire_upgraded":4,"win_rate":0,"timestamp":1561010679,"path_taken":["M","?","M","M","?","E","$","E","T","R","?","R","?","E","R","BOSS","M","?","M","?","?","M","R","?","T","E","M","?","R","?","R","BOSS","M","M","?","M","$","R","E"],"build_version":"2019-01-23","purchased_purges":2,"victory":false,"max_hp_per_floor":[71,71,71,71,71,71,71,71,71,71,71,71,71,71,71,71,71,71,71,71,71,71,71,71,71,71,71,71,71,71,71,71,71,71,71,71,71,71,71,71,71],"card_choices":[{"not_picked":["Blizzard","Rebound"],"picked":"Turbo","floor":1.0},{"not_picked":["Double Energy","Reprogram","Turbo"],"picked":"SKIP","floor":3.0},{"not_picked":["Double Energy","Reprogram","Turbo"],"picked":"SKIP","floor":3.0},{"not_picked":["Hologram","Stack"],"picked":"Ball Lightning","floor":4.0},{"not_picked":["Leap","Aggregate"],"picked":"Darkness","floor":5.0},{"not_picked":["Stack","Thunder Strike","Fusion"],"picked":"SKIP","floor":6.0},{"not_picked":["Ball Lightning","Gash","Scrape"],"picked":"SKIP","floor":8.0},{"not_picked":["Steam+1","BootSequence+1"],"picked":"Defragment","floor":14.0},{"not_picked":["Rainbow+1","Hyperbeam"],"picked":"Biased Cognition","floor":16.0},{"not_picked":["Darkness+1","Compile Driver"],"picked":"Chill+1","floor":17.0},{"not_picked":["Aggregate+1","Barrage"],"picked":"Turbo+1","floor":17.0},{"not_picked":["Rip and Tear","Ball Lightning"],"picked":"Undo+1","floor":17.0},{"not_picked":["Beam Cell","Cold Snap"],"picked":"Conserve Battery+1","floor":17.0},{"not_picked":["Rebound","Gash","Aggregate+1"],"picked":"SKIP","floor":18.0},{"not_picked":["Cold Snap","Streamline"],"picked":"Redo+1","floor":20.0},{"not_picked":["Streamline","Redo+1","Barrage+1"],"picked":"SKIP","floor":21.0},{"not_picked":["Cold Snap+1","FTL"],"picked":"Seek+1","floor":23.0},{"not_picked":["Leap+1","Melter","Biased Cognition"],"picked":"SKIP","floor":27.0},{"not_picked":["Rip and Tear+1","Stack+1","Machine Learning"],"picked":"SKIP","floor":28.0},{"not_picked":["Conserve Battery+1","Aggregate+1"],"picked":"Self Repair","floor":31.0},{"not_picked":["Creative AI","Reboot+1"],"picked":"Core Surge","floor":33},{"not_picked":["Beam Cell","Steam+1"],"picked":"Coolheaded+1","floor":35},{"not_picked":["Streamline+1","Redo+1","Leap+1"],"picked":"SKIP","floor":36},{"not_picked":["Turbo+1","Steam+1"],"picked":"Reboot+1","floor":38}],"player_experience":701338,"relics_obtained":[{"floor":6.0,"key":"Toxic Egg 2"},{"floor":8.0,"key":"Whetstone"},{"floor":9.0,"key":"Bottled Tornado"},{"floor":14.0,"key":"Turnip"},{"floor":26.0,"key":"Symbiotic Virus"},{"floor":27.0,"key":"Lantern"}],"event_choices":[{"damage_healed":0.0,"max_hp_gain":0.0,"max_hp_loss":0.0,"gold_gain":0.0,"cards_transformed":["Stack"],"event_name":"Transmorgrifier","player_choice":"Transformed","floor":2.0,"gold_loss":0.0,"damage_taken":0.0,"cards_obtained":["Cold Snap"]},{"damage_healed":0.0,"max_hp_gain":0.0,"max_hp_loss":0.0,"gold_gain":0.0,"cards_transformed":["Strike_B"],"event_name":"Living Wall","player_choice":"Change","floor":11.0,"gold_loss":0.0,"damage_taken":0.0,"cards_obtained":["Storm"]},{"damage_healed":0.0,"max_hp_gain":0.0,"max_hp_loss":0.0,"gold_gain":0.0,"event_name":"Shining Light","player_choice":"Entered Light","floor":13.0,"gold_loss":0.0,"damage_taken":21.0,"cards_upgraded":["Zap","Defend_B"]},{"damage_healed":0.0,"max_hp_gain":0.0,"max_hp_loss":0.0,"gold_gain":0.0,"event_name":"N\u0027loth","player_choice":"Traded Relic","floor":19.0,"relics_lost":["Orrery"],"gold_loss":0.0,"damage_taken":0.0,"relics_obtained":["Nloth\u0027s Gift"]},{"damage_healed":0.0,"max_hp_gain":0.0,"max_hp_loss":0.0,"gold_gain":50.0,"event_name":"Nest","player_choice":"Stole From Cult","floor":25.0,"gold_loss":0.0,"damage_taken":0.0},{"damage_healed":0.0,"max_hp_gain":0.0,"max_hp_loss":0.0,"gold_gain":0.0,"event_name":"Addict","player_choice":"Obtained Relic","floor":29.0,"gold_loss":85.0,"damage_taken":0.0,"relics_obtained":["Centennial Puzzle"]}],"is_beta":false,"boss_relics":[{"not_picked":["White Beast Statue","Runic Pyramid"],"picked":"Orrery"},{"not_picked":["Pandora\u0027s Box","Tiny House"],"picked":"Philosopher\u0027s Stone"}],"items_purged_floors":[7,39],"is_endless":false,"potions_floor_spawned":[1,5,6,8,14,20,23,28,35,36],"killed_by":"Reptomancer","ascension_level":20}