{"gold_per_floor":[359,359,6,24,24,52,52,52,79,97,97,114,148,107,107,183,183,196,207,207,218,60,88,107,133,186,211,273,105,121,136,136,210,210,221,232,247,296,306,306,341,341,341,367,378,393,425,444,444,444,444,444,444,58,84,84],"floor_reached":57,"playtime":3031,"items_purged":["Shame","Strike_B","Strike_B"],"score":3178,"play_id":"dcc32d2d-c990-4d0c-8871-bff50e38c28a","local_time":"20190627190555","is_ascension_mode":true,"campfire_choices":[{"data":"Capacitor","floor":7.0,"key":"SMITH"},{"data":"Barrage","floor":11.0,"key":"SMITH"},{"floor":15.0,"key":"REST"},{"floor":32.0,"key":"REST"},{"floor":40.0,"key":"REST"},{"floor":49.0,"key":"RECALL"},{"data":"Apotheosis","floor":53.0,"key":"SMITH"}],"neow_cost":"CURSE","seed_source_timestamp":58602749822300,"circlet_count":0,"master_deck":["AscendersBane","Strike_B","Strike_B","Defend_B","Defend_B","Defend_B","Defend_B+1","Zap","Dualcast+1","Glacier","Capacitor+1","Barrage+1","Creative AI","Electrodynamics","Recycle+1","Coolheaded","Ghostly","Ghostly","Ghostly","Double Energy","Conserve Battery+1","Undo+1","Defragment","Creative AI","Hologram+1","Coolheaded","Apotheosis+1","Panache","Chill","Blizzard","Defragment","Static Discharge"],"special_seed":0,"relics":["FrozenCore","DataDisk","Mummified Hand","Juzu Bracelet","Bag of Preparation","Regal Pillow","Art of War","Calipers","Bronze Scales","MawBank","Inserter","Thread and Needle","Incense Burner","Du-Vu Doll","Oddly Smooth Stone","Strawberry","Ginger"],"potions_floor_usage":[56,56],"damage_taken":[{"damage":8.0,"enemies":"Jaw Worm","floor":1.0,"turns":4.0},{"damage":0.0,"enemies":"Small Slimes","floor":4.0,"turns":4.0},{"damage":14.0,"enemies":"3 Sentries","floor":6.0,"turns":11.0},{"damage":0.0,"enemies":"2 Louse","floor":10.0,"turns":2.0},{"damage":11.0,"enemies":"Looter","floor":12.0,"turns":3.0},{"damage":18.0,"enemies":"Gremlin Nob","floor":13.0,"turns":5.0},{"damage":23.0,"enemies":"The Guardian","floor":16.0,"turns":10.0},{"damage":25.0,"enemies":"Chosen","floor":18.0,"turns":5.0},{"damage":0.0,"enemies":"Spheric Guardian","floor":19.0,"turns":4.0},{"damage":0.0,"enemies":"Snecko","floor":21.0,"turns":9.0},{"damage":0.0,"enemies":"Slavers","floor":23.0,"turns":6.0},{"damage":15.0,"enemies":"Cultist and Chosen","floor":24.0,"turns":8.0},{"damage":0.0,"enemies":"Book of Stabbing","floor":25.0,"turns":6.0},{"damage":12.0,"enemies":"Slavers","floor":27.0,"turns":7.0},{"damage":0.0,"enemies":"Shelled Parasite and Fungi","floor":30.0,"turns":7.0},{"damage":0.0,"enemies":"Snecko","floor":31.0,"turns":5.0},{"damage":0.0,"enemies":"Automaton","floor":33.0,"turns":10.0},{"damage":0.0,"enemies":"3 Darklings","floor":35.0,"turns":6.0},{"damage":6.0,"enemies":"Orb Walker","floor":36.0,"turns":5.0},{"damage":0.0,"enemies":"Transient","floor":37.0,"turns":6.0},{"damage":12.0,"enemies":"2 Orb Walkers","floor":38.0,"turns":4.0},{"damage":0.0,"enemies":"3 Darklings","floor":39.0,"turns":8.0},{"damage":0.0,"enemies":"Giant Head","floor":41.0,"turns":9.0},{"damage":2.0,"enemies":"Reptomancer","floor":44.0,"turns":10.0},{"damage":0.0,"enemies":"4 Shapes","floor":45.0,"turns":4.0},{"damage":0.0,"enemies":"Jaw Worm Horde","floor":46.0,"turns":6.0},{"damage":0.0,"enemies":"Giant Head","floor":47.0,"turns":8.0},{"damage":0.0,"enemies":"Sphere and 2 Shapes","floor":48.0,"turns":6.0},{"damage":2.0,"enemies":"Donu and Deca","floor":50.0,"turns":6.0},{"damage":0.0,"enemies":"Time Eater","floor":51.0,"turns":10.0},{"damage":8,"enemies":"Shield and Spear","floor":55,"turns":8},{"damage":24,"enemies":"The Heart","floor":56,"turns":9}],"seed_played":"3974107939068018961","potions_obtained":[{"floor":1.0,"key":"EntropicBrew"},{"floor":10.0,"key":"Swift Potion"},{"floor":19.0,"key":"FearPotion"},{"floor":21.0,"key":"SkillPotion"},{"floor":24.0,"key":"SteroidPotion"},{"floor":30.0,"key":"FearPotion"},{"floor":35.0,"key":"SneckoOil"},{"floor":45.0,"key":"SkillPotion"},{"floor":46.0,"key":"SneckoOil"},{"floor":47.0,"key":"SteroidPotion"}],"is_trial":false,"path_per_floor":["M","?","$","M","?","E","R","$","T","M","R","M","E","?","R","B",null,"M","M","?","M","$","E","M","E","T","E","?","$","M","M","R","B",null,"M","M","M","?","M","R","E","?","T","E","M","M","E","M","R","B","B",null,"R","$","E","B",null],"character_chosen":"DEFECT","items_purchased":["DataDisk","Capacitor","Regen Potion","Regal Pillow","Defragment","Strawberry","Defragment","SpeedPotion"],"campfire_rested":3,"item_purchase_floors":[3,3,3,22,29,54,54,54],"current_hp_per_floor":[56,56,56,56,35,36,36,36,36,36,36,25,7,7,28,5,55,30,30,30,30,30,30,15,15,15,3,3,3,3,3,28,28,33,33,27,27,15,15,35,35,25,25,23,23,23,23,23,23,21,21,32,32,39,31,7],"gold":84,"neow_bonus":"TWO_FIFTY_GOLD","is_prod":false,"is_daily":false,"chose_seed":false,"campfire_upgraded":3,"win_rate":0,"timestamp":1561629955,"path_taken":["M","?","$","M","?","E","R","?","T","M","R","M","E","?","R","BOSS","M","M","?","M","$","E","M","E","T","E","?","$","M","M","R","BOSS","M","M","M","?","M","R","E","?","T","E","M","M","E","M","R","BOSS","BOSS","R","$","E","BOSS"],"build_version":"2019-01-23","purchased_purges":3,"victory":true,"max_hp_per_floor":[71,71,71,71,71,71,71,71,71,71,71,71,71,71,71,71,71,71,71,35,35,35,35,35,35,35,35,35,35,35,35,35,35,35,35,35,35,35,35,35,35,35,35,35,35,35,35,35,35,35,35,35,35,42,42,42],"card_choices":[{"not_picked":["Beam Cell","Stack"],"picked":"Glacier","floor":1.0},{"not_picked":["Static Discharge","Steam","Hologram"],"picked":"SKIP","floor":4.0},{"not_picked":["Streamline","Fusion","Storm"],"picked":"SKIP","floor":6.0},{"not_picked":["Aggregate","Leap"],"picked":"Barrage","floor":10.0},{"not_picked":["Tempest","Turbo"],"picked":"Creative AI","floor":12.0},{"not_picked":["Redo","Go for the Eyes","Compile Driver"],"picked":"SKIP","floor":13.0},{"not_picked":["Seek","Creative AI"],"picked":"Electrodynamics","floor":16.0},{"not_picked":["Gash","Conserve Battery"],"picked":"Recycle+1","floor":18.0},{"not_picked":["Cold Snap","Leap+1"],"picked":"Coolheaded","floor":19.0},{"not_picked":["Rebound","Leap","Steam"],"picked":"SKIP","floor":21.0},{"not_picked":["Conserve Battery","Genetic Algorithm"],"picked":"Double Energy","floor":23.0},{"not_picked":["Redo","Hologram"],"picked":"Conserve Battery+1","floor":24.0},{"not_picked":["Scrape","Beam Cell"],"picked":"Undo+1","floor":25.0},{"not_picked":["Streamline","Double Energy","Reinforced Body"],"picked":"SKIP","floor":27.0},{"not_picked":["FTL+1","Double Energy","Steam Power"],"picked":"SKIP","floor":30.0},{"not_picked":["Rebound+1","Fission","Barrage"],"picked":"SKIP","floor":31.0},{"not_picked":["Buffer","Reboot"],"picked":"Creative AI","floor":33.0},{"not_picked":["Rebound","Fusion+1","Compile Driver"],"picked":"SKIP","floor":35.0},{"not_picked":["BootSequence+1","Gash"],"picked":"Hologram+1","floor":36.0},{"not_picked":["Recycle","Beam Cell","Leap"],"picked":"SKIP","floor":37.0},{"not_picked":["Steam","Sunder"],"picked":"Coolheaded","floor":38.0},{"not_picked":["Stack","Leap","Beam Cell"],"picked":"SKIP","floor":39.0},{"not_picked":["Redo","Rebound+1","Tempest"],"picked":"SKIP","floor":41.0},{"not_picked":["Enlightenment","Dark Shackles"],"picked":"Apotheosis","floor":42.0},{"not_picked":["Secret Weapon","Purity"],"picked":"Panache","floor":42.0},{"not_picked":["Steam Power+1","Redo","Streamline"],"picked":"SKIP","floor":44.0},{"not_picked":["Streamline+1","Sweeping Beam"],"picked":"Chill","floor":45.0},{"not_picked":["Auto Shields","Static Discharge","Ball Lightning"],"picked":"SKIP","floor":46.0},{"not_picked":["Ball Lightning","Chill","Conserve Battery"],"picked":"SKIP","floor":47.0},{"not_picked":["Turbo","Steam"],"picked":"Blizzard","floor":48.0},{"not_picked":["Ball Lightning","Genetic Algorithm"],"picked":"Static Discharge","floor":55}],"player_experience":832173,"relics_obtained":[{"floor":6.0,"key":"Mummified Hand"},{"floor":9.0,"key":"Juzu Bracelet"},{"floor":13.0,"key":"Bag of Preparation"},{"floor":23.0,"key":"Art of War"},{"floor":25.0,"key":"Calipers"},{"floor":26.0,"key":"Bronze Scales"},{"floor":27.0,"key":"MawBank"},{"floor":38.0,"key":"Thread and Needle"},{"floor":41.0,"key":"Incense Burner"},{"floor":44.0,"key":"Du-Vu Doll"},{"floor":47.0,"key":"Oddly Smooth Stone"},{"floor":55,"key":"Ginger"}],"event_choices":[{"damage_healed":0.0,"max_hp_gain":0.0,"max_hp_loss":0.0,"gold_gain":0.0,"event_name":"Liars Game","player_choice":"Ignored","floor":2.0,"gold_loss":0.0,"damage_taken":0.0},{"damage_healed":0.0,"max_hp_gain":0.0,"max_hp_loss":0.0,"gold_gain":0.0,"event_name":"Shining Light","player_choice":"Entered Light","floor":5.0,"gold_loss":0.0,"damage_taken":21.0,"cards_upgraded":["Defend_B","Dualcast"]},{"damage_healed":0.0,"max_hp_gain":0.0,"max_hp_loss":0.0,"gold_gain":0.0,"event_name":"World of Goop","player_choice":"Left Gold","floor":14.0,"gold_loss":41.0,"damage_taken":0.0},{"damage_healed":0.0,"max_hp_gain":0.0,"max_hp_loss":36.0,"gold_gain":0.0,"event_name":"Ghosts","player_choice":"Became a Ghost","floor":20.0,"gold_loss":0.0,"damage_taken":0.0,"cards_obtained":["Ghostly","Ghostly","Ghostly"]},{"damage_healed":0.0,"max_hp_gain":0.0,"max_hp_loss":0.0,"gold_gain":50.0,"event_name":"Nest","player_choice":"Stole From Cult","floor":28.0,"gold_loss":0.0,"damage_taken":0.0},{"damage_healed":0.0,"max_hp_gain":0.0,"max_hp_loss":0.0,"gold_gain":0.0,"event_name":"Mysterious Sphere","player_choice":"Fight","floor":38.0,"gold_loss":0.0,"damage_taken":0.0},{"damage_healed":0.0,"max_hp_gain":0.0,"max_hp_loss":0.0,"gold_gain":0.0,"event_name":"SensoryStone","player_choice":"Memory 3","floor":42.0,"gold_loss":0.0,"damage_taken":10.0}],"is_beta":false,"boss_relics":[{"not_picked":["Cursed Key","Orrery"],"picked":"FrozenCore"},{"not_picked":["Calling Bell","Tiny House"],"picked":"Inserter"}],"items_purged_floors":[3,29,54],"is_endless":false,"potions_floor_spawned":[1,10,19,21,24,30,35,37,38,45,46,47],"ascension_level":20}