{"gold_per_floor":[17,17,17,33,33,33,33,54,54,98,121,160,160,193,193,283,283,306,306,70,70,90,155,24,64,90,131,151,164,164,198,198,297,297,312,362,362,32,32,32,75,75,75,75,118,118,137,158,158,158,158,158,158,3,47,47],"floor_reached":57,"playtime":2248,"items_purged":["Strike_R","Bludgeon+1"],"score":2904,"play_id":"caac858f-3aac-4d1a-88e8-3803220e4572","local_time":"20190712171043","is_ascension_mode":true,"campfire_choices":[{"data":"Bash","floor":6,"key":"SMITH"},{"data":"Bludgeon","floor":13,"key":"SMITH"},{"data":"Whirlwind","floor":15,"key":"SMITH"},{"data":"Corruption","floor":30,"key":"SMITH"},{"data":"Demon Form","floor":32,"key":"SMITH"},{"data":"Juggernaut","floor":40,"key":"SMITH"},{"data":"Feel No Pain","floor":42,"key":"SMITH"},{"floor":44,"key":"RECALL"},{"data":"Body Slam","floor":46,"key":"SMITH"},{"data":"True Grit","floor":49,"key":"SMITH"},{"data":"Pommel Strike","floor":53,"key":"SMITH"}],"neow_cost":"NO_GOLD","seed_source_timestamp":92355193047400,"circlet_count":0,"master_deck":["AscendersBane","Defend_R+1","Defend_R","Defend_R+1","Defend_R+1","Bash+1","True Grit+1","Battle Trance+1","Sword Boomerang","Whirlwind+1","Evolve","Pommel Strike+1","Demon Form+1","Corruption+1","Feel No Pain","Juggernaut+1","Flame Barrier+1","Feel No Pain+1","Feed","True Grit","Dark Embrace","Body Slam+1","Exhume","Second Wind","Discovery","Feel No Pain","Shrug It Off","Parasite","Flame Barrier","Rage"],"relics":["Burning Blood","Golden Idol","Meat on the Bone","War Paint","Prayer Wheel","Happy Flower","Runic Dome","Omamori","Tiny Chest","Bag of Marbles","Bronze Scales","Art of War","Red Skull","Unceasing Top","Cursed Key","Boot","Potion Belt","Juzu Bracelet","Sundial","Regal Pillow","Centennial Puzzle"],"potions_floor_usage":[10,12,23,23,33,56,56,56],"damage_taken":[{"damage":2,"enemies":"2 Louse","floor":1,"turns":3},{"damage":2,"enemies":"Jaw Worm","floor":4,"turns":4},{"damage":7,"enemies":"Small Slimes","floor":8,"turns":3},{"damage":19,"enemies":"Gremlin Nob","floor":10,"turns":4},{"damage":1,"enemies":"Exordium Wildlife","floor":11,"turns":4},{"damage":23,"enemies":"Lagavulin","floor":12,"turns":10},{"damage":0,"enemies":"Gremlin Nob","floor":14,"turns":3},{"damage":31,"enemies":"Slime Boss","floor":16,"turns":5},{"damage":15,"enemies":"3 Byrds","floor":18,"turns":4},{"damage":12,"enemies":"Chosen","floor":22,"turns":3},{"damage":2,"enemies":"Book of Stabbing","floor":23,"turns":4},{"damage":55,"enemies":"Slavers","floor":25,"turns":5},{"damage":18,"enemies":"Book of Stabbing","floor":27,"turns":4},{"damage":14,"enemies":"Snake Plant","floor":28,"turns":2},{"damage":0,"enemies":"3 Cultists","floor":29,"turns":1},{"damage":7,"enemies":"Gremlin Leader","floor":31,"turns":4},{"damage":33,"enemies":"Automaton","floor":33,"turns":7},{"damage":0,"enemies":"Orb Walker","floor":35,"turns":3},{"damage":20,"enemies":"Giant Head","floor":41,"turns":3},{"damage":0,"enemies":"Nemesis","floor":45,"turns":3},{"damage":7,"enemies":"3 Darklings","floor":47,"turns":2},{"damage":0,"enemies":"Writhing Mass","floor":48,"turns":4},{"damage":41,"enemies":"Time Eater","floor":50,"turns":6},{"damage":27,"enemies":"Donu and Deca","floor":51,"turns":6},{"damage":3,"enemies":"Shield and Spear","floor":55,"turns":3},{"damage":64,"enemies":"The Heart","floor":56,"turns":8}],"seed_played":"4987498933603359130","potions_obtained":[{"floor":1,"key":"Ancient Potion"},{"floor":8,"key":"EntropicBrew"},{"floor":10,"key":"Energy Potion"},{"floor":16,"key":"Block Potion"},{"floor":22,"key":"PowerPotion"},{"floor":27,"key":"Ancient Potion"},{"floor":28,"key":"Energy Potion"},{"floor":33,"key":"Explosive Potion"},{"floor":41,"key":"GamblersBrew"},{"floor":48,"key":"Dexterity Potion"}],"is_trial":false,"path_per_floor":["M","?","?","M","T","R","?","M","T","E","M","E","R","E","R","B",null,"M","?","$","?","M","E","?","E","T","E","M","M","R","E","R","B",null,"M","T","?","$","?","R","E","R","T","R","E","R","M","M","R","B","B",null,"R","$","E","B",null],"character_chosen":"IRONCLAD","items_purchased":["Omamori","Second Wind","Potion Belt","Discovery","SpeedPotion"],"campfire_rested":0,"item_purchase_floors":[20,38,38,38,54],"current_hp_per_floor":[72,72,46,50,50,50,27,38,38,37,54,49,49,55,55,42,67,58,58,58,58,52,56,56,19,19,19,23,41,41,55,55,40,69,75,75,75,75,75,75,61,61,61,61,67,67,66,75,75,52,46,75,75,75,81,35],"gold":47,"neow_bonus":"REMOVE_TWO","is_prod":false,"is_daily":false,"chose_seed":false,"campfire_upgraded":10,"win_rate":0,"timestamp":1562919043,"path_taken":["M","?","?","M","?","R","?","M","T","E","M","E","R","E","R","BOSS","M","?","$","?","M","E","?","E","T","E","?","M","R","E","R","BOSS","M","?","?","$","?","R","E","R","T","R","E","R","M","M","R","BOSS","BOSS","R","$","E","BOSS"],"build_version":"2019-07-05","purchased_purges":2,"victory":true,"max_hp_per_floor":[75,75,75,75,75,75,75,75,75,75,75,75,75,75,75,75,75,75,75,75,75,75,75,75,75,75,75,75,75,75,78,78,78,78,78,78,78,78,78,78,78,78,78,78,78,78,78,81,81,81,84,84,84,84,87,87],"card_choices":[{"not_picked":["Warcry","Dual Wield"],"picked":"True Grit","floor":1},{"not_picked":["Infernal Blade","Thunderclap"],"picked":"Battle Trance","floor":4},{"not_picked":["Warcry","Cleave"],"picked":"Sword Boomerang","floor":8},{"not_picked":["Havoc","Shrug It Off"],"picked":"Whirlwind","floor":10},{"not_picked":["Corruption","Flex"],"picked":"Evolve","floor":11},{"not_picked":["Reckless Charge","Rupture"],"picked":"Bludgeon","floor":12},{"not_picked":["Combust","Cleave"],"picked":"Pommel Strike","floor":14},{"not_picked":["Immolate","Berserk"],"picked":"Demon Form","floor":16},{"not_picked":["Thunderclap","Anger"],"picked":"Corruption","floor":18},{"not_picked":["Thunderclap","Pommel Strike","Body Slam"],"picked":"SKIP","floor":18},{"not_picked":["Thunderclap","Pommel Strike","Body Slam"],"picked":"SKIP","floor":18},{"not_picked":["Corruption","Clash"],"picked":"Juggernaut","floor":22},{"not_picked":["Pommel Strike","Thunderclap+1","Sword Boomerang"],"picked":"SKIP","floor":22},{"not_picked":["Combust","Sword Boomerang+1"],"picked":"Flame Barrier+1","floor":23},{"not_picked":["Cleave+1","Bloodletting"],"picked":"Feel No Pain","floor":25},{"not_picked":["Pommel Strike","Headbutt"],"picked":"Feed","floor":27},{"not_picked":["Havoc","Thunderclap","Flex"],"picked":"SKIP","floor":28},{"not_picked":["Clash","Bloodletting","Uppercut"],"picked":"SKIP","floor":28},{"not_picked":["Havoc","Thunderclap","Flex"],"picked":"SKIP","floor":28},{"not_picked":["Clash","Bloodletting","Uppercut"],"picked":"SKIP","floor":28},{"not_picked":["Perfected Strike","Anger"],"picked":"True Grit","floor":29},{"not_picked":["Shrug It Off","Intimidate"],"picked":"Dark Embrace","floor":29},{"not_picked":["Iron Wave","Dark Embrace"],"picked":"Body Slam","floor":31},{"not_picked":["Dark Embrace","Brutality"],"picked":"Exhume","floor":33},{"not_picked":["Iron Wave","Fire Breathing","Thunderclap"],"picked":"SKIP","floor":35},{"not_picked":["Anger","Searing Blow","True Grit"],"picked":"SKIP","floor":35},{"not_picked":["Iron Wave","Fire Breathing","Thunderclap"],"picked":"SKIP","floor":35},{"not_picked":["Anger","Searing Blow","True Grit"],"picked":"SKIP","floor":35},{"not_picked":["Havoc","Flex","Wild Strike"],"picked":"SKIP","floor":41},{"not_picked":["Body Slam+1","Twin Strike","Clash+1"],"picked":"SKIP","floor":45},{"not_picked":["Headbutt+1","Combust"],"picked":"Feel No Pain","floor":47},{"not_picked":["Evolve","Double Tap"],"picked":"Shrug It Off","floor":47},{"not_picked":["Headbutt","Iron Wave"],"picked":"Flame Barrier","floor":48},{"not_picked":["Fire Breathing","Infernal Blade+1","Flex+1"],"picked":"SKIP","floor":48},{"not_picked":["Heavy Blade+1","Juggernaut"],"picked":"Rage","floor":55}],"player_experience":989418,"relics_obtained":[{"floor":5,"key":"Meat on the Bone"},{"floor":10,"key":"War Paint"},{"floor":12,"key":"Prayer Wheel"},{"floor":14,"key":"Happy Flower"},{"floor":23,"key":"Tiny Chest"},{"floor":25,"key":"Bronze Scales"},{"floor":26,"key":"Art of War"},{"floor":27,"key":"Red Skull"},{"floor":31,"key":"Unceasing Top"},{"floor":36,"key":"Boot"},{"floor":41,"key":"Juzu Bracelet"},{"floor":43,"key":"Sundial"},{"floor":45,"key":"Regal Pillow"},{"floor":55,"key":"Centennial Puzzle"}],"event_choices":[{"damage_healed":0,"gold_gain":0,"cards_transformed":["Strike_R"],"player_choice":"Change","damage_taken":0,"max_hp_gain":0,"max_hp_loss":0,"event_name":"Living Wall","floor":2,"gold_loss":0,"cards_obtained":["Headbutt"]},{"damage_healed":0,"gold_gain":0,"player_choice":"Take Damage","damage_taken":26,"relics_obtained":["Golden Idol"],"max_hp_gain":0,"max_hp_loss":0,"event_name":"Golden Idol","floor":3,"gold_loss":0},{"damage_healed":0,"gold_gain":0,"player_choice":"Entered Light","damage_taken":23,"max_hp_gain":0,"max_hp_loss":0,"event_name":"Shining Light","floor":7,"gold_loss":0,"cards_upgraded":["Battle Trance","Defend_R"]},{"damage_healed":0,"gold_gain":0,"player_choice":"Read","damage_taken":0,"max_hp_gain":0,"max_hp_loss":0,"event_name":"The Library","floor":19,"gold_loss":0,"cards_obtained":["Feel No Pain"]},{"cards_removed":["Strike_R"],"damage_healed":0,"gold_gain":0,"player_choice":"Elegance","damage_taken":0,"max_hp_gain":0,"max_hp_loss":0,"event_name":"Back to Basics","floor":21,"gold_loss":0},{"damage_healed":0,"gold_gain":0,"player_choice":"Paid Gold","damage_taken":0,"relics_obtained":["Bag of Marbles"],"max_hp_gain":0,"max_hp_loss":0,"event_name":"WeMeetAgain","floor":24,"gold_loss":131},{"damage_healed":0,"gold_gain":0,"player_choice":"Ignored","damage_taken":0,"max_hp_gain":0,"max_hp_loss":0,"event_name":"Tomb of Lord Red Mask","floor":37,"gold_loss":0},{"cards_removed":["Headbutt"],"damage_healed":0,"gold_gain":0,"player_choice":"Purged","damage_taken":0,"max_hp_gain":0,"max_hp_loss":0,"event_name":"Purifier","floor":39,"gold_loss":0}],"is_beta":false,"boss_relics":[{"not_picked":["Busted Crown","Black Star"],"picked":"Runic Dome"},{"not_picked":["Mark of Pain","Calling Bell"],"picked":"Cursed Key"}],"items_purged_floors":[20,54],"is_endless":false,"potions_floor_spawned":[1,8,10,16,18,22,27,28,33,41,48,55],"ascension_level":20}