{"gold_per_floor":[116,291,391,56,73,73,90,118,142,160,160,176,176,212,212,311,311,324,324,339,108,126,126,138,163,190,190,206,231,40,40,40,40],"floor_reached":33,"playtime":1966,"items_purged":["Decay"],"score":402,"play_id":"4b0c1455-f0a4-406c-8a19-1743d302ddd6","local_time":"20190610180506","is_ascension_mode":true,"campfire_choices":[{"floor":6.0,"key":"REST"},{"floor":11.0,"key":"REST"},{"floor":15.0,"key":"REST"},{"floor":23.0,"key":"REST"},{"floor":27,"key":"REST"},{"floor":32,"key":"REST"}],"neow_cost":"CURSE","seed_source_timestamp":0,"circlet_count":0,"master_deck":["Defend_G","Defend_G","Defend_G","Defend_G","Defend_G","Strike_G","Strike_G","Strike_G","Strike_G","Strike_G","Survivor","Neutralize","Flying Knee","Doubt","Sadistic Nature","Jack Of All Trades+1","Deadly Poison","Deadly Poison","Caltrops","Dash","Flying Knee","Sucker Punch","Backstab+1","Dash","Poisoned Stab","Thunderclap","Corruption+1","Glacier"],"special_seed":0,"relics":["Ring of the Snake","Shovel","Anchor","Bag of Marbles","Lizard Tail","PrismaticShard","StoneCalendar","Potion Belt","Bronze Scales","ClockworkSouvenir"],"potions_floor_usage":[25,25,29],"damage_taken":[{"damage":2.0,"enemies":"Small Slimes","floor":1.0,"turns":4.0},{"damage":5.0,"enemies":"2 Louse","floor":5.0,"turns":2.0},{"damage":1.0,"enemies":"Cultist","floor":7.0,"turns":4.0},{"damage":33.0,"enemies":"Gremlin Nob","floor":8.0,"turns":4.0},{"damage":0.0,"enemies":"Blue Slaver","floor":10.0,"turns":3.0},{"damage":0.0,"enemies":"Large Slime","floor":12.0,"turns":5.0},{"damage":0.0,"enemies":"Exordium Thugs","floor":14.0,"turns":4.0},{"damage":61.0,"enemies":"Hexaghost","floor":16.0,"turns":10.0},{"damage":30.0,"enemies":"2 Thieves","floor":18.0,"turns":5.0},{"damage":17.0,"enemies":"Spheric Guardian","floor":20.0,"turns":4.0},{"damage":3.0,"enemies":"Centurion and Healer","floor":22.0,"turns":5.0},{"damage":63.0,"enemies":"Sentry and Sphere","floor":24.0,"turns":8.0},{"damage":17,"enemies":"Slavers","floor":25,"turns":5},{"damage":21,"enemies":"3 Cultists","floor":28,"turns":5},{"damage":17,"enemies":"Gremlin Leader","floor":29,"turns":7},{"damage":108,"enemies":"Automaton","floor":33,"turns":6}],"seed_played":"-2601438408294983933","potions_obtained":[{"floor":5.0,"key":"EssenceOfSteel"},{"floor":7.0,"key":"Poison Potion"},{"floor":8.0,"key":"LiquidBronze"},{"floor":14.0,"key":"Block Potion"},{"floor":18.0,"key":"SneckoOil"},{"floor":20.0,"key":"AttackPotion"},{"floor":24.0,"key":"Explosive Potion"},{"floor":28,"key":"EssenceOfSteel"}],"is_trial":false,"path_per_floor":["M","?","?","$","M","R","M","E","T","M","R","M","?","M","R","B",null,"M","?","M","$","M","R","M","E","T","R","M","E","$","?","R","B"],"character_chosen":"THE_SILENT","items_purchased":["Sadistic Nature","Jack Of All Trades","Poisoned Stab","PrismaticShard","ClockworkSouvenir"],"campfire_rested":6,"item_purchase_floors":[4,4,21,21,30],"current_hp_per_floor":[61,61,61,61,56,70,69,36,36,36,57,57,57,57,70,9,55,25,80,63,63,60,80,17,40,40,64,43,26,26,52,76,0],"gold":40,"neow_bonus":"ONE_RARE_RELIC","is_prod":false,"is_daily":false,"chose_seed":false,"campfire_upgraded":0,"win_rate":0,"timestamp":1560179106,"path_taken":["M","?","?","$","M","R","?","E","T","M","R","M","?","M","R","BOSS","M","?","M","$","M","R","M","E","T","R","M","E","$","?","R","BOSS"],"build_version":"2019-01-23","purchased_purges":1,"victory":false,"max_hp_per_floor":[70,70,70,70,70,70,70,70,70,70,70,70,70,70,70,70,70,70,80,80,80,80,80,80,80,80,80,80,80,80,80,80,80],"card_choices":[{"not_picked":["Footwork","Sucker Punch"],"picked":"Flying Knee","floor":1.0},{"not_picked":["PiercingWail","Outmaneuver"],"picked":"Deadly Poison","floor":5.0},{"not_picked":["Eviscerate","Expertise"],"picked":"Deadly Poison","floor":7.0},{"not_picked":["Quick Slash","Slice"],"picked":"Caltrops","floor":8.0},{"not_picked":["Unload","Blur"],"picked":"Dash","floor":10.0},{"not_picked":["Riddle With Holes","Prepared"],"picked":"Flying Knee","floor":12.0},{"not_picked":["Deflect","Infinite Blades"],"picked":"Sucker Punch","floor":14.0},{"not_picked":["Tools of the Trade","Doppelganger"],"picked":"Night Terror","floor":16.0},{"not_picked":["Prepared","Finisher+1"],"picked":"Backstab+1","floor":18.0},{"not_picked":["Slice+1","Acrobatics"],"picked":"Dash","floor":20.0},{"not_picked":["Body Slam","Cleave+1"],"picked":"Thunderclap","floor":22.0},{"not_picked":["Sword Boomerang","Steam","Twin Strike"],"picked":"SKIP","floor":24.0},{"not_picked":["Prepared","Wild Strike","Hologram"],"picked":"SKIP","floor":25},{"not_picked":["Flame Barrier+1","Riddle With Holes"],"picked":"Corruption+1","floor":28},{"not_picked":["Thunderclap","Secret Technique"],"picked":"Glacier","floor":29}],"player_experience":1500010,"relics_obtained":[{"floor":8.0,"key":"Anchor"},{"floor":9.0,"key":"Bag of Marbles"},{"floor":25,"key":"StoneCalendar"},{"floor":26,"key":"Potion Belt"},{"floor":29,"key":"Bronze Scales"}],"event_choices":[{"damage_healed":0.0,"max_hp_gain":0.0,"max_hp_loss":0.0,"gold_gain":175.0,"event_name":"Liars Game","player_choice":"AGREE","floor":2.0,"gold_loss":0.0,"damage_taken":0.0,"cards_obtained":["Doubt"]},{"damage_healed":0.0,"max_hp_gain":0.0,"max_hp_loss":0.0,"gold_gain":100.0,"event_name":"Golden Shrine","player_choice":"Pray","floor":3.0,"gold_loss":0.0,"damage_taken":0.0},{"damage_healed":0.0,"max_hp_gain":0.0,"max_hp_loss":0.0,"gold_gain":0.0,"event_name":"Living Wall","player_choice":"Grow","floor":13.0,"gold_loss":0.0,"damage_taken":0.0,"cards_upgraded":["Jack Of All Trades"]},{"cards_removed":["Night Terror"],"damage_healed":45.0,"max_hp_gain":10.0,"max_hp_loss":0.0,"gold_gain":0.0,"event_name":"Bonfire Elementals","player_choice":"Offered Rare","floor":19.0,"gold_loss":0.0,"damage_taken":0.0},{"damage_healed":26,"gold_gain":0,"player_choice":"Heal","damage_taken":0,"max_hp_gain":0,"max_hp_loss":0,"event_name":"The Library","floor":31,"gold_loss":0}],"is_beta":false,"boss_relics":[{"not_picked":["Philosopher\u0027s Stone","Runic Pyramid"],"picked":"Lizard Tail"}],"items_purged_floors":[4],"is_endless":false,"potions_floor_spawned":[5,7,8,14,18,20,24,28],"killed_by":"Automaton","ascension_level":8}