{"gold_per_floor":[114,124,25,38,38,70,70,70,70,70,81,99,99,115,115,193,243,259,309,309,27,37,37,37,37,37,56,56,56],"floor_reached":29,"playtime":1470,"items_purged":["Pain"],"score":424,"play_id":"aae9406f-6ad4-4fbc-a143-9ecb05f9a9d3","local_time":"20190726144516","is_ascension_mode":true,"campfire_choices":[{"floor":7,"key":"REST"},{"floor":10,"key":"REST"},{"floor":15,"key":"REST"},{"floor":23,"key":"REST"},{"floor":25,"key":"REST"}],"neow_cost":"NONE","seed_source_timestamp":591584163123056,"circlet_count":0,"master_deck":["AscendersBane","Strike_G","Strike_G","Strike_G","Strike_G","Strike_G","Defend_G","Defend_G","Defend_G","Defend_G","Defend_G+1","Survivor","Neutralize","Dagger Throw","Escape Plan","Dagger Spray","Predator","Envenom","Prepared","Escape Plan","Die Die Die","Finisher","Flying Knee","Sadistic Nature","Poisoned Stab","Finisher+1","Bane","Poisoned Stab"],"relics":["Ring of the Snake","NeowsBlessing","Centennial Puzzle","WarpedTongs","Ornamental Fan","Tiny House","Matryoshka"],"potions_floor_usage":[6,12,17,18,22,29],"damage_taken":[{"damage":0,"enemies":"Cultist","floor":1,"turns":1},{"damage":0,"enemies":"Jaw Worm","floor":2,"turns":1},{"damage":0,"enemies":"2 Louse","floor":4,"turns":1},{"damage":29,"enemies":"Lagavulin","floor":6,"turns":8},{"damage":2,"enemies":"Gremlin Gang","floor":11,"turns":6},{"damage":25,"enemies":"Exordium Wildlife","floor":12,"turns":4},{"damage":9,"enemies":"3 Louse","floor":14,"turns":4},{"damage":47,"enemies":"Slime Boss","floor":16,"turns":13},{"damage":22,"enemies":"Shell Parasite","floor":18,"turns":5},{"damage":15,"enemies":"Chosen","floor":22,"turns":5},{"damage":15,"enemies":"Snecko","floor":27,"turns":5},{"damage":52,"enemies":"Shelled Parasite and Fungi","floor":29,"turns":5}],"seed_played":"-7145309109050498313","potions_obtained":[{"floor":4,"key":"Fire Potion"},{"floor":6,"key":"Swift Potion"},{"floor":16,"key":"AttackPotion"},{"floor":17,"key":"Fruit Juice"},{"floor":18,"key":"Block Potion"},{"floor":20,"key":"Dexterity Potion"}],"is_trial":false,"path_per_floor":["M","M","$","M","?","E","R","?","T","R","M","M","?","M","R","B",null,"M","?","?","$","M","R","$","R","T","M","?","M"],"character_chosen":"THE_SILENT","items_purchased":["Escape Plan","Dagger Spray","Sadistic Nature","Poisoned Stab"],"campfire_rested":5,"item_purchase_floors":[3,3,21,21],"current_hp_per_floor":[59,59,59,59,59,30,49,49,49,66,64,39,39,30,49,2,60,38,38,38,38,23,45,45,67,67,52,52,0],"gold":56,"neow_bonus":"THREE_ENEMY_KILL","is_prod":false,"is_daily":false,"chose_seed":false,"campfire_upgraded":0,"win_rate":0,"timestamp":1564141516,"path_taken":["M","M","$","?","?","E","R","?","T","R","M","?","?","M","R","BOSS","M","?","?","$","?","R","?","R","T","M","?","M"],"build_version":"2019-07-17","purchased_purges":1,"victory":false,"max_hp_per_floor":[66,66,66,66,66,66,66,66,66,66,66,66,66,66,66,66,76,76,76,76,76,76,76,76,76,76,76,76,76],"card_choices":[{"not_picked":["Cloak And Dagger","Slice"],"picked":"Dagger Throw","floor":1},{"not_picked":["Crippling Poison","Dodge and Roll","Quick Slash"],"picked":"SKIP","floor":2},{"not_picked":["Cloak And Dagger","Slice"],"picked":"Predator","floor":4},{"not_picked":["Accuracy","Setup"],"picked":"Envenom","floor":6},{"not_picked":["Deadly Poison","Slice"],"picked":"Prepared","floor":11},{"not_picked":["Night Terror","Poisoned Stab"],"picked":"Escape Plan","floor":12},{"not_picked":["Flechettes","Slice","Choke"],"picked":"SKIP","floor":14},{"not_picked":["A Thousand Cuts","Phantasmal Killer"],"picked":"Die Die Die","floor":16},{"not_picked":["Setup","Bane"],"picked":"Finisher","floor":17},{"not_picked":["Distraction","Terror"],"picked":"Flying Knee","floor":18},{"not_picked":["Blade Dance","Bane"],"picked":"Finisher+1","floor":22},{"not_picked":["Underhanded Strike","Infinite Blades"],"picked":"Bane","floor":27}],"player_experience":1659091,"relics_obtained":[{"floor":6,"key":"Centennial Puzzle"},{"floor":9,"key":"Ornamental Fan"},{"floor":26,"key":"Matryoshka"}],"event_choices":[{"damage_healed":0,"gold_gain":0,"player_choice":"Leave","damage_taken":0,"max_hp_gain":0,"max_hp_loss":0,"event_name":"The Cleric","floor":5,"gold_loss":0},{"damage_healed":0,"gold_gain":0,"player_choice":"Rummage","damage_taken":0,"relics_obtained":["WarpedTongs"],"max_hp_gain":0,"max_hp_loss":0,"event_name":"Accursed Blacksmith","floor":8,"gold_loss":0,"cards_obtained":["Pain"]},{"damage_healed":0,"gold_gain":0,"player_choice":"Ignored","damage_taken":0,"max_hp_gain":0,"max_hp_loss":0,"event_name":"Golden Idol","floor":13,"gold_loss":0},{"damage_healed":0,"gold_gain":50,"player_choice":"Stole From Cult","damage_taken":0,"max_hp_gain":0,"max_hp_loss":0,"event_name":"Nest","floor":19,"gold_loss":0},{"damage_healed":0,"gold_gain":0,"player_choice":"Got Potions","damage_taken":0,"max_hp_gain":0,"max_hp_loss":0,"event_name":"Lab","floor":20,"gold_loss":0},{"damage_healed":0,"gold_gain":0,"player_choice":"Read","damage_taken":0,"max_hp_gain":0,"max_hp_loss":0,"event_name":"The Library","floor":28,"gold_loss":0,"cards_obtained":["Poisoned Stab"]}],"is_beta":false,"boss_relics":[{"not_picked":["Sozu","Orrery"],"picked":"Tiny House"}],"items_purged_floors":[21],"is_endless":false,"potions_floor_spawned":[4,6,16,18],"killed_by":"Shelled Parasite and Fungi","ascension_level":18}