{"gold_per_floor":[115,40,56,69,79,79,79,108,131,131,142,159,186,261,261,336,336,352,366,281,294,307,307],"floor_reached":23,"playtime":955,"items_purged":["Strike_B"],"score":410,"play_id":"e096b183-86e8-4d4d-afc0-797694fe4251","local_time":"20190724171417","is_ascension_mode":true,"campfire_choices":[{"data":"Biased Cognition","floor":6,"key":"SMITH"},{"data":"Rip and Tear","floor":10,"key":"SMITH"},{"floor":15,"key":"REST"}],"neow_cost":"TEN_PERCENT_HP_LOSS","seed_source_timestamp":437963752582200,"circlet_count":0,"master_deck":["AscendersBane","Strike_B","Strike_B","Strike_B","Defend_B","Defend_B","Defend_B","Defend_B","Zap","Dualcast","Coolheaded","Rip and Tear+1","Biased Cognition+1","Cold Snap","Sweeping Beam","Electrodynamics","Defragment","Sunder"],"relics":["Cracked Core","Turnip","DataDisk","Orichalcum","Omamori","Snecko Eye","PreservedInsect"],"potions_floor_usage":[8,12,16,16,23,23],"damage_taken":[{"damage":0,"enemies":"Cultist","floor":1,"turns":3},{"damage":7,"enemies":"Jaw Worm","floor":3,"turns":3},{"damage":0,"enemies":"Small Slimes","floor":4,"turns":4},{"damage":6,"enemies":"Blue Slaver","floor":5,"turns":4},{"damage":30,"enemies":"Gremlin Nob","floor":8,"turns":4},{"damage":0,"enemies":"Exordium Thugs","floor":11,"turns":3},{"damage":3,"enemies":"2 Fungi Beasts","floor":12,"turns":2},{"damage":9,"enemies":"3 Sentries","floor":13,"turns":6},{"damage":3,"enemies":"Hexaghost","floor":16,"turns":7},{"damage":0,"enemies":"Spheric Guardian","floor":18,"turns":3},{"damage":0,"enemies":"3 Byrds","floor":19,"turns":2},{"damage":6,"enemies":"3 Cultists","floor":21,"turns":4},{"damage":27,"enemies":"Shelled Parasite and Fungi","floor":22,"turns":4},{"damage":24,"enemies":"Slavers","floor":23,"turns":1}],"seed_played":"2235631310610226435","potions_obtained":[{"floor":3,"key":"Swift Potion"},{"floor":4,"key":"SteroidPotion"},{"floor":8,"key":"Explosive Potion"},{"floor":12,"key":"Strength Potion"},{"floor":16,"key":"Energy Potion"},{"floor":19,"key":"AttackPotion"}],"is_trial":false,"path_per_floor":["M","$","M","M","M","R","?","E","T","R","M","M","E","?","R","B",null,"M","M","?","M","M","E"],"character_chosen":"DEFECT","items_purchased":[],"campfire_rested":1,"item_purchase_floors":[],"current_hp_per_floor":[64,64,57,57,51,51,56,26,26,26,26,23,14,3,23,20,57,57,57,57,51,24,0],"gold":307,"neow_bonus":"ONE_RARE_RELIC","is_prod":false,"is_daily":false,"chose_seed":false,"campfire_upgraded":2,"win_rate":0,"timestamp":1563956057,"path_taken":["M","$","?","M","M","R","?","E","T","R","M","M","E","?","R","BOSS","M","M","?","M","M","E"],"build_version":"2019-07-17","purchased_purges":1,"victory":false,"max_hp_per_floor":[64,64,64,64,64,64,69,69,69,69,69,69,69,69,69,69,69,69,69,69,69,69,69],"card_choices":[{"not_picked":["Rebound","Reinforced Body","Go for the Eyes"],"picked":"SKIP","floor":1},{"not_picked":["Auto Shields","Redo"],"picked":"Coolheaded","floor":3},{"not_picked":["White Noise","Streamline"],"picked":"Rip and Tear","floor":4},{"not_picked":["Gash","Streamline"],"picked":"Biased Cognition","floor":5},{"not_picked":["Scrape","Fusion","Barrage"],"picked":"SKIP","floor":8},{"not_picked":["Sweeping Beam","Turbo"],"picked":"Cold Snap","floor":11},{"not_picked":["Compile Driver","Rebound","Undo"],"picked":"SKIP","floor":12},{"not_picked":["BootSequence","Heatsinks"],"picked":"Sweeping Beam","floor":13},{"not_picked":["Biased Cognition","Thunder Strike"],"picked":"Electrodynamics","floor":16},{"not_picked":["Go for the Eyes","Steam+1","Blizzard"],"picked":"SKIP","floor":18},{"not_picked":["Gash","Coolheaded"],"picked":"Defragment","floor":19},{"not_picked":["Go for the Eyes","Rebound+1","Sweeping Beam"],"picked":"SKIP","floor":21},{"not_picked":["Beam Cell+1","Go for the Eyes"],"picked":"Sunder","floor":22}],"player_experience":1175019,"relics_obtained":[{"floor":8,"key":"DataDisk"},{"floor":9,"key":"Orichalcum"},{"floor":13,"key":"Omamori"}],"event_choices":[{"damage_healed":0,"gold_gain":0,"player_choice":"Donut","damage_taken":0,"max_hp_gain":5,"max_hp_loss":0,"event_name":"Big Fish","floor":7,"gold_loss":0},{"damage_healed":0,"gold_gain":75,"player_choice":"Gather Gold","damage_taken":11,"max_hp_gain":0,"max_hp_loss":0,"event_name":"World of Goop","floor":14,"gold_loss":0},{"damage_healed":0,"gold_gain":0,"player_choice":"Obtained Relic","damage_taken":0,"relics_obtained":["PreservedInsect"],"max_hp_gain":0,"max_hp_loss":0,"event_name":"Addict","floor":20,"gold_loss":85}],"is_beta":false,"boss_relics":[{"not_picked":["Cursed Key","Eternal Feather"],"picked":"Snecko Eye"}],"items_purged_floors":[2],"is_endless":false,"potions_floor_spawned":[3,4,8,12,16,19,21],"killed_by":"Slavers","ascension_level":20}