{"gold_per_floor":[112,123,140,151,151,151,226,226,253,284,284,36,54,87,87,161,161,173,223,240,256,256,256,290,300,300,400,433,196,196,227,227,304,304,322,322,339,349,367,367,399,411,477,507,519,563,257,305,305,305,305,305,305,22,57,57],"floor_reached":57,"playtime":2653,"items_purged":["Strike_B","Strike_B","Defend_B"],"score":3156,"play_id":"cd99cbdc-6c0d-49af-aed3-b3a080a9d3af","local_time":"20190727170932","is_ascension_mode":true,"campfire_choices":[{"data":"Defragment","floor":6,"key":"SMITH"},{"data":"Defragment","floor":11,"key":"SMITH"},{"data":"Defragment","floor":15,"key":"SMITH"},{"data":"Defragment","floor":23,"key":"SMITH"},{"data":"Buffer","floor":30,"key":"SMITH"},{"data":"Darkness","floor":32,"key":"SMITH"},{"data":"Echo Form","floor":40,"key":"SMITH"},{"data":"Capacitor","floor":42,"key":"SMITH"},{"floor":49,"key":"RECALL"},{"data":"Loop","floor":53,"key":"SMITH"}],"neow_cost":"PERCENT_DAMAGE","seed_source_timestamp":695170646035600,"circlet_count":0,"master_deck":["AscendersBane","Defend_B","Defend_B","Zap","Dualcast","Defragment+1","Defragment+1","Glacier","Chill","Defragment+1","Defragment+1","Buffer+1","Capacitor+1","Darkness+1","Ball Lightning+1","Self Repair","Chill+1","Reboot+1","Echo Form+1","White Noise+1","Hologram+1","Skim+1","Tempest+1","Consume+1","Turbo+1","Blizzard+1","Barrage+1","Loop+1"],"relics":["FrozenCore","Bag of Preparation","Happy Flower","Art of War","The Courier","Inserter","Juzu Bracelet","Cables","Prayer Wheel","Toxic Egg 2","Dream Catcher","ClockworkSouvenir","Strawberry","MawBank","Potion Belt","Medical Kit","Whetstone","Lantern"],"potions_floor_usage":[4,24,27,28,44,56,56,56],"damage_taken":[{"damage":2,"enemies":"Cultist","floor":1,"turns":4},{"damage":16,"enemies":"Jaw Worm","floor":2,"turns":5},{"damage":4,"enemies":"2 Louse","floor":3,"turns":3},{"damage":23,"enemies":"Lots of Slimes","floor":4,"turns":6},{"damage":10,"enemies":"3 Sentries","floor":10,"turns":17},{"damage":0,"enemies":"2 Fungi Beasts","floor":13,"turns":4},{"damage":0,"enemies":"Lagavulin","floor":14,"turns":8},{"damage":19,"enemies":"Slime Boss","floor":16,"turns":11},{"damage":0,"enemies":"Chosen","floor":18,"turns":8},{"damage":2,"enemies":"Shell Parasite","floor":20,"turns":10},{"damage":0,"enemies":"Chosen and Byrds","floor":21,"turns":9},{"damage":1,"enemies":"Book of Stabbing","floor":24,"turns":8},{"damage":16,"enemies":"Sentry and Sphere","floor":25,"turns":7},{"damage":0,"enemies":"Colosseum Slavers","floor":27,"turns":7},{"damage":7,"enemies":"Colosseum Nobs","floor":27,"turns":6},{"damage":40,"enemies":"Gremlin Leader","floor":28,"turns":9},{"damage":7,"enemies":"Book of Stabbing","floor":31,"turns":5},{"damage":0,"enemies":"Automaton","floor":33,"turns":10},{"damage":0,"enemies":"3 Darklings","floor":35,"turns":8},{"damage":0,"enemies":"Orb Walker","floor":37,"turns":7},{"damage":15,"enemies":"Transient","floor":38,"turns":6},{"damage":0,"enemies":"Sphere and 2 Shapes","floor":39,"turns":4},{"damage":0,"enemies":"Giant Head","floor":41,"turns":9},{"damage":1,"enemies":"4 Shapes","floor":44,"turns":4},{"damage":0,"enemies":"Nemesis","floor":46,"turns":11},{"damage":1,"enemies":"Donu and Deca","floor":50,"turns":11},{"damage":0,"enemies":"Time Eater","floor":51,"turns":12},{"damage":9,"enemies":"Shield and Spear","floor":55,"turns":10},{"damage":6,"enemies":"The Heart","floor":56,"turns":10}],"seed_played":"-6803103079025052064","potions_obtained":[{"floor":3,"key":"Strength Potion"},{"floor":4,"key":"AttackPotion"},{"floor":16,"key":"Swift Potion"},{"floor":25,"key":"Weak Potion"},{"floor":27,"key":"SpeedPotion"},{"floor":33,"key":"Fire Potion"}],"is_trial":false,"path_per_floor":["M","M","M","M","?","R","?","?","T","E","R","$","M","E","R","B",null,"M","?","M","M","?","R","E","M","T","?","E","$","R","E","R","B",null,"M","?","M","M","M","R","E","R","T","M","?","E","$","T","R","B","B",null,"R","$","E","B",null],"character_chosen":"DEFECT","items_purchased":["Art of War","Defragment","ClockworkSouvenir","Medical Kit","Loop","PowerPotion","SkillPotion","GamblersBrew","Block Potion"],"campfire_rested":0,"item_purchase_floors":[12,12,29,47,47,54,54,54,54],"current_hp_per_floor":[44,35,38,22,45,45,34,27,27,24,24,24,31,38,38,26,60,67,67,71,71,71,71,71,62,62,71,45,45,45,59,59,73,77,78,78,78,78,78,78,78,78,78,78,78,78,78,78,78,78,78,78,78,78,76,77],"gold":57,"neow_bonus":"REMOVE_TWO","is_prod":false,"is_daily":false,"chose_seed":false,"campfire_upgraded":9,"win_rate":0,"timestamp":1564214972,"path_taken":["M","?","M","M","?","R","?","?","T","E","R","$","M","E","R","BOSS","M","?","?","M","?","R","E","M","T","?","E","$","R","E","R","BOSS","M","?","M","M","M","R","E","R","T","M","?","E","$","?","R","BOSS","BOSS","R","$","E","BOSS"],"build_version":"2019-07-17","purchased_purges":3,"victory":true,"max_hp_per_floor":[71,71,71,71,71,71,71,71,71,71,71,71,71,71,71,71,71,71,71,71,71,71,71,71,71,71,71,71,71,71,78,78,78,78,78,78,78,78,78,78,78,78,78,78,78,78,78,78,78,78,78,78,78,78,78,78],"card_choices":[{"not_picked":["Go for the Eyes","Storm"],"picked":"Self Repair","floor":1},{"not_picked":["Chaos","Beam Cell"],"picked":"Defragment","floor":2},{"not_picked":["Beam Cell","Rebound"],"picked":"Defragment","floor":3},{"not_picked":["Melter","Compile Driver"],"picked":"Glacier","floor":4},{"not_picked":["Undo","Sweeping Beam"],"picked":"Chill","floor":10},{"not_picked":["Redo","Steam Power","Go for the Eyes"],"picked":"SKIP","floor":13},{"not_picked":["Undo","Cold Snap"],"picked":"Defragment","floor":14},{"not_picked":["Multi-Cast","Machine Learning"],"picked":"Buffer","floor":16},{"not_picked":["Leap","Stack","Gash"],"picked":"SKIP","floor":18},{"not_picked":["Leap","Compile Driver"],"picked":"Capacitor","floor":20},{"not_picked":["Steam Power","Beam Cell"],"picked":"Darkness","floor":21},{"not_picked":["Streamline","Steam Power"],"picked":"Ball Lightning","floor":24},{"not_picked":["FTL","Ball Lightning"],"picked":"Self Repair","floor":25},{"not_picked":["Hyperbeam","Heatsinks"],"picked":"Chill+1","floor":28},{"not_picked":["Redo+1","Steam+1"],"picked":"Reboot+1","floor":31},{"not_picked":["Multi-Cast+1","Biased Cognition"],"picked":"Echo Form","floor":33},{"not_picked":["Conserve Battery+1","Cold Snap"],"picked":"White Noise+1","floor":35},{"not_picked":["Genetic Algorithm+1","Static Discharge+1","Redo+1"],"picked":"SKIP","floor":35},{"not_picked":["Streamline","Rebound"],"picked":"Hologram+1","floor":37},{"not_picked":["Hologram+1","Aggregate+1"],"picked":"Skim+1","floor":37},{"not_picked":["Beam Cell","Auto Shields+1"],"picked":"Tempest+1","floor":38},{"not_picked":["Rebound","FTL","Static Discharge+1"],"picked":"SKIP","floor":38},{"not_picked":["Tempest+1","Turbo+1"],"picked":"Consume+1","floor":39},{"not_picked":["Coolheaded+1","Biased Cognition"],"picked":"Turbo+1","floor":39},{"not_picked":["Streamline","Steam+1","Thunder Strike"],"picked":"SKIP","floor":41},{"not_picked":["Leap+1","Double Energy+1"],"picked":"Blizzard","floor":44},{"not_picked":["BootSequence+1","Cold Snap+1"],"picked":"Barrage+1","floor":44},{"not_picked":["Go for the Eyes+1","Heatsinks","Static Discharge"],"picked":"SKIP","floor":46},{"not_picked":["Lockon","Steam+1","Steam Power+1"],"picked":"SKIP","floor":55}],"player_experience":1240535,"relics_obtained":[{"floor":9,"key":"Bag of Preparation"},{"floor":10,"key":"Happy Flower"},{"floor":14,"key":"The Courier"},{"floor":24,"key":"Juzu Bracelet"},{"floor":26,"key":"Cables"},{"floor":27,"key":"Prayer Wheel"},{"floor":27,"key":"Toxic Egg 2"},{"floor":28,"key":"Dream Catcher"},{"floor":31,"key":"Strawberry"},{"floor":41,"key":"MawBank"},{"floor":46,"key":"Potion Belt"},{"floor":48,"key":"Whetstone"},{"floor":55,"key":"Lantern"}],"event_choices":[{"damage_healed":23,"gold_gain":0,"player_choice":"Banana","damage_taken":0,"max_hp_gain":0,"max_hp_loss":0,"event_name":"Big Fish","floor":5,"gold_loss":0},{"damage_healed":0,"gold_gain":75,"player_choice":"Gather Gold","damage_taken":11,"max_hp_gain":0,"max_hp_loss":0,"event_name":"World of Goop","floor":7,"gold_loss":0},{"cards_removed":["Defend_B"],"damage_healed":0,"gold_gain":0,"player_choice":"Card Removal","damage_taken":7,"max_hp_gain":0,"max_hp_loss":0,"event_name":"Golden Wing","floor":8,"gold_loss":0},{"damage_healed":0,"gold_gain":50,"player_choice":"Pray","damage_taken":0,"max_hp_gain":0,"max_hp_loss":0,"event_name":"Golden Shrine","floor":19,"gold_loss":0},{"damage_healed":0,"gold_gain":0,"player_choice":"Ignored","damage_taken":0,"max_hp_gain":0,"max_hp_loss":0,"event_name":"N\u0027loth","floor":22,"gold_loss":0},{"damage_healed":0,"gold_gain":0,"player_choice":"Fight","damage_taken":0,"max_hp_gain":0,"max_hp_loss":0,"event_name":"Colosseum","floor":27,"gold_loss":0},{"damage_healed":0,"gold_gain":0,"player_choice":"Fought Nobs","damage_taken":0,"max_hp_gain":0,"max_hp_loss":0,"event_name":"Colosseum","floor":27,"gold_loss":0},{"damage_healed":0,"gold_gain":0,"player_choice":"Ignored","damage_taken":0,"max_hp_gain":0,"max_hp_loss":0,"event_name":"Tomb of Lord Red Mask","floor":36,"gold_loss":0},{"cards_removed":["Self Repair"],"damage_healed":0,"gold_gain":0,"player_choice":"Removed Power","damage_taken":0,"max_hp_gain":0,"max_hp_loss":0,"event_name":"Falling","floor":45,"gold_loss":0}],"is_beta":false,"boss_relics":[{"not_picked":["Velvet Choker","Philosopher\u0027s Stone"],"picked":"Inserter"},{"not_picked":["Black Star","Snecko Eye"],"picked":"FrozenCore"}],"items_purged_floors":[29,47,54],"is_endless":false,"potions_floor_spawned":[3,4,16,20,21,25,27,33,37,44],"ascension_level":20}