{"gold_per_floor":[10,30,30,47,58,58,69,69,69,34,34,50,79,91,91,166,166,178,196,196,196,111,111,111,124,124,124,138,138,152,152,152,226,226,241,241,261,272,285,285,304,338,338,338,338,352,402,437,437,437,437,437,437,17,46,46],"floor_reached":56,"playtime":2865,"items_purged":["FTL"],"score":2072,"play_id":"478f7487-2e60-4282-bf85-c231a4665e86","local_time":"20190730160453","is_ascension_mode":true,"campfire_choices":[{"data":"Coolheaded","floor":6,"key":"SMITH"},{"data":"Zap","floor":8,"key":"SMITH"},{"data":"Conserve Battery","floor":15,"key":"SMITH"},{"data":"Consume","floor":23,"key":"SMITH"},{"data":"Multi-Cast","floor":27,"key":"SMITH"},{"floor":29,"key":"REST"},{"data":"Double Energy","floor":32,"key":"SMITH"},{"floor":40,"key":"REST"},{"floor":45,"key":"REST"},{"floor":49,"key":"RECALL"},{"data":"Coolheaded","floor":53,"key":"SMITH"}],"neow_cost":"NO_GOLD","seed_source_timestamp":950296224947500,"circlet_count":0,"master_deck":["AscendersBane","Defend_B","Defend_B","Defend_B","Zap+1","Dualcast","Coolheaded+1","Cold Snap","Ball Lightning","Conserve Battery+1","Genetic Algorithm","Multi-Cast+1","Coolheaded+1","Consume+1","FTL","Chill","Doom and Gloom+1","Double Energy+1","Meteor Strike","Buffer","Go for the Eyes+1","Double Energy","White Noise","Machine Learning","Master of Strategy","Enlightenment","Recycle+1","Coolheaded","Conserve Battery"],"relics":["Cracked Core","Shuriken","Lantern","Nuclear Battery","Ice Cream","Runic Pyramid","Bottled Lightning","Centennial Puzzle","Gambling Chip","Pocketwatch"],"potions_floor_usage":[16,16,16,18,19,33,39,42,42,51],"damage_taken":[{"damage":0,"enemies":"2 Louse","floor":1,"turns":3},{"damage":0,"enemies":"Cultist","floor":2,"turns":3},{"damage":4,"enemies":"Small Slimes","floor":4,"turns":6},{"damage":3,"enemies":"Looter","floor":5,"turns":3},{"damage":5,"enemies":"Red Slaver","floor":7,"turns":7},{"damage":3,"enemies":"2 Fungi Beasts","floor":12,"turns":3},{"damage":6,"enemies":"Lagavulin","floor":13,"turns":7},{"damage":8,"enemies":"Large Slime","floor":14,"turns":4},{"damage":0,"enemies":"The Guardian","floor":16,"turns":12},{"damage":6,"enemies":"Spheric Guardian","floor":18,"turns":5},{"damage":0,"enemies":"3 Byrds","floor":19,"turns":3},{"damage":6,"enemies":"3 Cultists","floor":25,"turns":6},{"damage":0,"enemies":"Chosen and Byrds","floor":28,"turns":6},{"damage":0,"enemies":"Snecko","floor":30,"turns":5},{"damage":0,"enemies":"Collector","floor":33,"turns":5},{"damage":25,"enemies":"3 Darklings","floor":35,"turns":4},{"damage":0,"enemies":"Orb Walker","floor":37,"turns":4},{"damage":0,"enemies":"Maw","floor":38,"turns":2},{"damage":26,"enemies":"Jaw Worm Horde","floor":39,"turns":3},{"damage":0,"enemies":"3 Darklings","floor":41,"turns":5},{"damage":0,"enemies":"Reptomancer","floor":42,"turns":4},{"damage":0,"enemies":"4 Shapes","floor":46,"turns":4},{"damage":0,"enemies":"Nemesis","floor":48,"turns":5},{"damage":4,"enemies":"Time Eater","floor":50,"turns":7},{"damage":5,"enemies":"Awakened One","floor":51,"turns":11},{"damage":39,"enemies":"Shield and Spear","floor":55,"turns":5},{"damage":26,"enemies":"The Heart","floor":56,"turns":6}],"seed_played":"6847557430483193239","potions_obtained":[{"floor":5,"key":"Dexterity Potion"},{"floor":11,"key":"EntropicBrew"},{"floor":16,"key":"Ancient Potion"},{"floor":19,"key":"PowerPotion"},{"floor":25,"key":"GamblersBrew"},{"floor":35,"key":"GamblersBrew"},{"floor":41,"key":"Explosive Potion"},{"floor":46,"key":"SteroidPotion"},{"floor":48,"key":"Swift Potion"}],"is_trial":false,"path_per_floor":["M","M","?","M","M","R","M","R","T","?","?","M","E","M","R","B",null,"M","M","?","?","$","R","?","M","T","R","M","R","M","?","R","B",null,"M","?","M","M","M","R","M","E","T","?","R","M","?","E","R","B","B",null,"R","$","E","B"],"character_chosen":"DEFECT","items_purchased":["FTL","Gambling Chip"],"campfire_rested":3,"item_purchase_floors":[22,54],"current_hp_per_floor":[64,64,64,60,57,57,52,52,52,69,69,66,60,52,52,52,66,60,60,40,40,40,40,40,34,34,34,34,56,56,56,56,56,71,46,46,46,46,20,41,41,41,41,31,52,52,52,52,52,48,43,65,65,65,26,0],"gold":46,"neow_bonus":"REMOVE_TWO","is_prod":false,"is_daily":false,"chose_seed":false,"campfire_upgraded":7,"win_rate":0,"timestamp":1564470293,"path_taken":["M","M","?","M","?","R","M","R","T","?","?","?","E","M","R","BOSS","M","M","?","?","$","R","?","M","T","R","M","R","?","?","R","BOSS","M","?","M","M","M","R","M","E","T","?","R","M","?","E","R","BOSS","BOSS","R","$","E","BOSS"],"build_version":"2019-07-17","purchased_purges":1,"victory":false,"max_hp_per_floor":[71,71,71,71,71,71,71,71,71,71,71,71,71,71,71,71,71,71,71,76,76,76,76,76,76,76,76,76,76,76,76,76,76,76,76,72,72,72,72,72,72,72,72,72,72,72,72,72,72,72,72,72,72,72,72,72],"card_choices":[{"not_picked":["Leap","Conserve Battery","Steam Power"],"picked":"SKIP","floor":1},{"not_picked":["Barrage","Conserve Battery"],"picked":"Coolheaded","floor":2},{"not_picked":["Force Field","Streamline"],"picked":"Cold Snap","floor":4},{"not_picked":["Sweeping Beam","Compile Driver","Redo"],"picked":"SKIP","floor":5},{"not_picked":["Steam","Thunder Strike"],"picked":"Ball Lightning","floor":7},{"not_picked":["Aggregate","Go for the Eyes"],"picked":"Conserve Battery","floor":12},{"not_picked":["Redo","Compile Driver","Conserve Battery"],"picked":"SKIP","floor":13},{"not_picked":["Skim","Chaos"],"picked":"Genetic Algorithm","floor":14},{"not_picked":["Machine Learning","Thunder Strike"],"picked":"Multi-Cast","floor":16},{"not_picked":["Hologram","Force Field"],"picked":"Coolheaded","floor":18},{"not_picked":["Redo","Conserve Battery","Force Field"],"picked":"SKIP","floor":19},{"not_picked":["Stack","Coolheaded"],"picked":"Chill","floor":25},{"not_picked":["Gash+1","Rebound"],"picked":"Doom and Gloom+1","floor":28},{"not_picked":["Go for the Eyes","Tempest"],"picked":"Double Energy","floor":30},{"not_picked":["Amplify","Rainbow"],"picked":"Buffer","floor":33},{"not_picked":["Rip and Tear","Aggregate"],"picked":"Go for the Eyes+1","floor":35},{"not_picked":["Turbo","Coolheaded+1"],"picked":"Double Energy","floor":37},{"not_picked":["Barrage","Sweeping Beam"],"picked":"White Noise","floor":38},{"not_picked":["Rebound+1","Go for the Eyes","Chaos+1"],"picked":"SKIP","floor":39},{"not_picked":["Go for the Eyes","Doom and Gloom","Streamline+1"],"picked":"SKIP","floor":41},{"not_picked":["Storm","Rip and Tear"],"picked":"Machine Learning","floor":42},{"not_picked":["Thinking Ahead","Jack Of All Trades"],"picked":"Master of Strategy","floor":44},{"not_picked":["Dark Shackles","Bandage Up"],"picked":"Enlightenment","floor":44},{"not_picked":["BootSequence","Genetic Algorithm"],"picked":"Recycle+1","floor":46},{"not_picked":["Beam Cell+1","Go for the Eyes"],"picked":"Coolheaded","floor":48},{"not_picked":["Beam Cell+1","Gash"],"picked":"Conserve Battery","floor":55}],"player_experience":1292321,"relics_obtained":[{"floor":9,"key":"Shuriken"},{"floor":13,"key":"Lantern"},{"floor":26,"key":"Ice Cream"},{"floor":42,"key":"Bottled Lightning"},{"floor":48,"key":"Centennial Puzzle"},{"floor":55,"key":"Pocketwatch"}],"event_choices":[{"cards_removed":["Strike_B"],"damage_healed":0,"gold_gain":0,"player_choice":"Offered Basic","damage_taken":0,"max_hp_gain":0,"max_hp_loss":0,"event_name":"Bonfire Elementals","floor":3,"gold_loss":0},{"damage_healed":17,"gold_gain":0,"player_choice":"Healed","damage_taken":0,"max_hp_gain":0,"max_hp_loss":0,"event_name":"The Cleric","floor":10,"gold_loss":35},{"damage_healed":0,"gold_gain":0,"player_choice":"Got Potions","damage_taken":0,"max_hp_gain":0,"max_hp_loss":0,"event_name":"Lab","floor":11,"gold_loss":0},{"damage_healed":0,"gold_gain":0,"player_choice":"Shed Blood","damage_taken":25,"max_hp_gain":5,"max_hp_loss":0,"event_name":"Forgotten Altar","floor":20,"gold_loss":0},{"damage_healed":0,"gold_gain":0,"cards_transformed":["Strike_B","Strike_B"],"player_choice":"Became Test Subject","damage_taken":0,"max_hp_gain":0,"max_hp_loss":0,"event_name":"Drug Dealer","floor":21,"gold_loss":0,"cards_obtained":["Thunder Strike","Consume"]},{"damage_healed":0,"gold_gain":0,"cards_transformed":["Thunder Strike"],"player_choice":"Transformed","damage_taken":0,"max_hp_gain":0,"max_hp_loss":0,"event_name":"Transmorgrifier","floor":24,"gold_loss":0,"cards_obtained":["FTL"]},{"damage_healed":0,"gold_gain":0,"player_choice":"Read","damage_taken":0,"max_hp_gain":0,"max_hp_loss":0,"event_name":"The Library","floor":31,"gold_loss":0,"cards_obtained":["Meteor Strike"]},{"damage_healed":0,"gold_gain":0,"player_choice":"Max HP","damage_taken":0,"max_hp_gain":0,"max_hp_loss":4,"event_name":"Winding Halls","floor":36,"gold_loss":0},{"damage_healed":0,"gold_gain":0,"player_choice":"Memory 3","damage_taken":10,"max_hp_gain":0,"max_hp_loss":0,"event_name":"SensoryStone","floor":44,"gold_loss":0},{"damage_healed":0,"gold_gain":50,"player_choice":"Pray","damage_taken":0,"max_hp_gain":0,"max_hp_loss":0,"event_name":"Golden Shrine","floor":47,"gold_loss":0}],"is_beta":false,"boss_relics":[{"not_picked":["Tiny House","Ectoplasm"],"picked":"Nuclear Battery"},{"not_picked":["Black Star","White Beast Statue"],"picked":"Runic Pyramid"}],"items_purged_floors":[54],"is_endless":false,"potions_floor_spawned":[5,12,16,19,25,30,35,41,46,48],"killed_by":"The Heart","ascension_level":20}