{"gold_per_floor":[114,114,114,114,125,125,158,158,236,259,280,280,304,339,339,339],"floor_reached":16,"playtime":432,"items_purged":[],"score":220,"play_id":"bf6d62b8-4d08-423b-aba2-24f841f36b5e","local_time":"20190708200357","is_ascension_mode":true,"campfire_choices":[{"floor":6,"key":"REST"},{"floor":12,"key":"REST"},{"data":"Blizzard","floor":15,"key":"SMITH"}],"neow_cost":"NONE","seed_source_timestamp":55706311125000,"circlet_count":0,"master_deck":["AscendersBane","Strike_B","Strike_B","Defend_B","Defend_B","Defend_B","Defend_B","Zap","Dualcast","Electrodynamics","Cold Snap","Blizzard+1","Coolheaded","Coolheaded","Self Repair","Ball Lightning"],"relics":["Cracked Core","Strawberry","Omamori","Golden Idol","Mercury Hourglass","Vajra"],"potions_floor_usage":[14,16,16],"damage_taken":[{"damage":7,"enemies":"Jaw Worm","floor":1,"turns":3},{"damage":15,"enemies":"Small Slimes","floor":5,"turns":3},{"damage":26,"enemies":"Gremlin Nob","floor":7,"turns":4},{"damage":8,"enemies":"2 Louse","floor":10,"turns":2},{"damage":5,"enemies":"Lots of Slimes","floor":11,"turns":2},{"damage":4,"enemies":"Exordium Wildlife","floor":13,"turns":4},{"damage":20,"enemies":"Lagavulin","floor":14,"turns":6},{"damage":6,"enemies":"Hexaghost","floor":16,"turns":9}],"seed_played":"2107630957227873941","potions_obtained":[{"floor":1,"key":"SpeedPotion"},{"floor":7,"key":"Strength Potion"},{"floor":14,"key":"Energy Potion"}],"is_trial":false,"path_per_floor":["M","?","?","?","M","R","E","?","T","M","M","R","M","E","R","B"],"character_chosen":"DEFECT","items_purchased":[],"campfire_rested":2,"item_purchase_floors":[],"current_hp_per_floor":[57,50,50,39,24,47,21,21,21,13,8,29,25,12,12,6],"gold":339,"neow_bonus":"TRANSFORM_CARD","is_prod":false,"is_daily":false,"chose_seed":false,"campfire_upgraded":1,"win_rate":0,"timestamp":1562583837,"path_taken":["M","?","?","?","M","R","E","?","T","M","M","R","?","E","R","BOSS"],"build_version":"2019-07-05","purchased_purges":0,"victory":false,"max_hp_per_floor":[71,71,71,78,78,78,78,71,71,71,71,71,71,71,71,71],"card_choices":[{"not_picked":["Lockon","Go for the Eyes","Reprogram"],"picked":"SKIP","floor":1},{"not_picked":["Steam Power","Hologram"],"picked":"Cold Snap","floor":5},{"not_picked":["Hologram","Chaos"],"picked":"Blizzard","floor":7},{"not_picked":["Lockon","Barrage"],"picked":"Coolheaded","floor":10},{"not_picked":["Redo","Steam"],"picked":"Coolheaded","floor":11},{"not_picked":["Blizzard","Gash"],"picked":"Self Repair","floor":13},{"not_picked":["Hologram","Streamline"],"picked":"Ball Lightning","floor":14}],"player_experience":952011,"relics_obtained":[{"floor":7,"key":"Omamori"},{"floor":9,"key":"Mercury Hourglass"},{"floor":14,"key":"Vajra"}],"event_choices":[{"cards_removed":["Strike_B"],"damage_healed":0,"gold_gain":0,"player_choice":"Card Removal","damage_taken":7,"max_hp_gain":0,"max_hp_loss":0,"event_name":"Golden Wing","floor":2,"gold_loss":0},{"damage_healed":0,"gold_gain":0,"player_choice":"Ignored","damage_taken":0,"max_hp_gain":0,"max_hp_loss":0,"event_name":"Liars Game","floor":3,"gold_loss":0},{"damage_healed":0,"gold_gain":0,"player_choice":"Success","damage_taken":18,"relics_obtained":["Strawberry"],"max_hp_gain":0,"max_hp_loss":0,"event_name":"Scrap Ooze","floor":4,"gold_loss":0},{"damage_healed":0,"gold_gain":0,"player_choice":"Lose Max HP","damage_taken":0,"relics_obtained":["Golden Idol"],"max_hp_gain":0,"max_hp_loss":7,"event_name":"Golden Idol","floor":8,"gold_loss":0}],"is_beta":false,"boss_relics":[],"items_purged_floors":[],"is_endless":false,"potions_floor_spawned":[1,7,10,14],"killed_by":"Hexaghost","ascension_level":20}