{"gold_per_floor":[367,367,367,367,367,367,45,45,45,59,74,94,67,80,80,152,202,189,189,203,1,17,17,30,30,30,30,47,76,76,25,25,25],"floor_reached":33,"playtime":1396,"items_purged":[],"score":446,"play_id":"f394f339-7614-4639-a21c-53a839ab7552","local_time":"20190711131309","is_ascension_mode":true,"campfire_choices":[{"data":"Neutralize","floor":6,"key":"SMITH"},{"floor":8,"key":"REST"},{"data":"Cloak And Dagger","floor":15,"key":"SMITH"},{"floor":25,"key":"REST"},{"floor":27,"key":"REST"},{"floor":30,"key":"REST"},{"floor":32,"key":"REST"}],"neow_cost":"TEN_PERCENT_HP_LOSS","seed_source_timestamp":67283322990707,"circlet_count":0,"master_deck":["AscendersBane","Strike_G+1","Strike_G","Strike_G","Strike_G","Strike_G","Defend_G","Defend_G","Defend_G","Defend_G","Defend_G","Survivor","Neutralize+1","Underhanded Strike+1","Backstab","Slice","Cloak And Dagger","Accuracy","Jack Of All Trades","Underhanded Strike","Masterful Stab","Dagger Throw","Cloak And Dagger+1","Underhanded Strike","After Image","Slice","Masterful Stab","Dash+1","Masterful Stab","Masterful Stab","Dash","All Out Attack","Blade Dance+1"],"relics":["Ring of the Snake","Ornamental Fan","Strawberry","Vajra","Tiny House","HandDrill","Bottled Lightning","Toxic Egg 2"],"potions_floor_usage":[12,16,16,18,18,24,28,33],"damage_taken":[{"damage":0,"enemies":"Small Slimes","floor":1,"turns":5},{"damage":0,"enemies":"Jaw Worm","floor":10,"turns":2},{"damage":0,"enemies":"2 Louse","floor":11,"turns":2},{"damage":0,"enemies":"Large Slime","floor":12,"turns":4},{"damage":0,"enemies":"3 Louse","floor":14,"turns":2},{"damage":26,"enemies":"Hexaghost","floor":16,"turns":8},{"damage":0,"enemies":"2 Thieves","floor":18,"turns":4},{"damage":3,"enemies":"Shell Parasite","floor":20,"turns":4},{"damage":44,"enemies":"Cultist and Chosen","floor":22,"turns":8},{"damage":1,"enemies":"Centurion and Healer","floor":24,"turns":3},{"damage":0,"enemies":"Chosen and Byrds","floor":28,"turns":4},{"damage":33,"enemies":"Gremlin Leader","floor":29,"turns":7},{"damage":95,"enemies":"Champ","floor":33,"turns":13}],"seed_played":"5086672551191194805","potions_obtained":[{"floor":1,"key":"Dexterity Potion"},{"floor":10,"key":"Energy Potion"},{"floor":14,"key":"GamblersBrew"},{"floor":16,"key":"Block Potion"},{"floor":17,"key":"EssenceOfSteel"},{"floor":20,"key":"FearPotion"},{"floor":24,"key":"Explosive Potion"},{"floor":29,"key":"LiquidBronze"}],"is_trial":false,"path_per_floor":["M","?","?","T","?","R","$","R","T","M","M","M","$","M","R","B",null,"M","?","M","$","M","?","M","R","T","R","M","E","R","$","R","B"],"character_chosen":"THE_SILENT","items_purchased":["Backstab","Slice","Cloak And Dagger","Accuracy","Jack Of All Trades","Cloak And Dagger","HandDrill","Blade Dance+1"],"campfire_rested":5,"item_purchase_floors":[7,7,7,7,7,13,21,31],"current_hp_per_floor":[63,63,63,63,52,52,52,70,70,70,70,70,70,70,70,44,69,69,69,66,66,22,22,21,43,43,65,65,32,54,54,75,0],"gold":25,"neow_bonus":"TWO_FIFTY_GOLD","is_prod":false,"is_daily":false,"chose_seed":false,"campfire_upgraded":2,"win_rate":0,"timestamp":1562839989,"path_taken":["M","?","?","?","?","R","?","R","T","M","M","M","$","M","R","BOSS","M","?","M","$","M","?","M","R","T","R","M","E","R","$","R","BOSS"],"build_version":"2019-07-05","purchased_purges":0,"victory":false,"max_hp_per_floor":[63,63,63,63,70,70,70,70,70,70,70,70,70,70,70,70,75,75,75,75,75,75,75,75,75,75,75,75,75,75,75,75,75],"card_choices":[{"not_picked":["Noxious Fumes","Dagger Spray"],"picked":"Underhanded Strike","floor":1},{"not_picked":["Concentrate","Quick Slash"],"picked":"Underhanded Strike","floor":10},{"not_picked":["Calculated Gamble","Riddle With Holes"],"picked":"Masterful Stab","floor":11},{"not_picked":["Sucker Punch","Noxious Fumes"],"picked":"Dagger Throw","floor":12},{"not_picked":["Caltrops","Flying Knee"],"picked":"Underhanded Strike","floor":14},{"not_picked":["Die Die Die","Doppelganger"],"picked":"After Image","floor":16},{"not_picked":["Poisoned Stab","Prepared"],"picked":"Slice","floor":17},{"not_picked":["Quick Slash","Deadly Poison"],"picked":"Masterful Stab","floor":18},{"not_picked":["Prepared","Backflip"],"picked":"Dash+1","floor":20},{"not_picked":["PiercingWail","Underhanded Strike"],"picked":"Masterful Stab","floor":22},{"not_picked":["Deflect","Footwork"],"picked":"Masterful Stab","floor":24},{"not_picked":["Quick Slash","Bane"],"picked":"Dash","floor":28},{"not_picked":["Setup","Catalyst"],"picked":"All Out Attack","floor":29}],"player_experience":1611956,"relics_obtained":[{"floor":4,"key":"Ornamental Fan"},{"floor":9,"key":"Vajra"},{"floor":26,"key":"Bottled Lightning"},{"floor":29,"key":"Toxic Egg 2"}],"event_choices":[{"damage_healed":0,"gold_gain":0,"player_choice":"Ignored","damage_taken":0,"max_hp_gain":0,"max_hp_loss":0,"event_name":"Shining Light","floor":2,"gold_loss":0},{"damage_healed":0,"gold_gain":0,"player_choice":"Grow","damage_taken":0,"max_hp_gain":0,"max_hp_loss":0,"event_name":"Living Wall","floor":3,"gold_loss":0,"cards_upgraded":["Underhanded Strike"]},{"damage_healed":0,"gold_gain":0,"player_choice":"Success","damage_taken":18,"relics_obtained":["Strawberry"],"max_hp_gain":0,"max_hp_loss":0,"event_name":"Scrap Ooze","floor":5,"gold_loss":0},{"damage_healed":0,"gold_gain":0,"player_choice":"Ignored","damage_taken":0,"max_hp_gain":0,"max_hp_loss":0,"event_name":"Ghosts","floor":19,"gold_loss":0},{"damage_healed":0,"gold_gain":0,"player_choice":"Ignored","damage_taken":0,"max_hp_gain":0,"max_hp_loss":0,"event_name":"Cursed Tome","floor":23,"gold_loss":0}],"is_beta":false,"boss_relics":[{"not_picked":["White Beast Statue","HoveringKite"],"picked":"Tiny House"}],"items_purged_floors":[],"is_endless":false,"potions_floor_spawned":[1,10,14,16,20,24,29],"killed_by":"Champ","ascension_level":13}