{"gold_per_floor":[118,131,1,19,31,31,63,76,146,171,199,260,260,260,260,260],"floor_reached":16,"playtime":808,"items_purged":["Doubt"],"score":257,"play_id":"0a30f898-4842-400f-9be9-6483822a06df","local_time":"20190726185558","is_ascension_mode":true,"campfire_choices":[{"data":"Calculated Gamble","floor":6,"key":"SMITH"},{"floor":13,"key":"REST"},{"floor":15,"key":"REST"}],"neow_cost":"CURSE","seed_source_timestamp":607288243432682,"circlet_count":0,"master_deck":["AscendersBane","Strike_G","Strike_G","Strike_G","Strike_G+1","Strike_G","Defend_G","Defend_G","Defend_G+1","Defend_G","Defend_G","Survivor","Neutralize","Backflip","Predator","Dagger Throw","Calculated Gamble+1","Heel Hook","Footwork","Sucker Punch+1","Die Die Die+1"],"relics":["Ring of the Snake","Tingsha","FossilizedHelix","Molten Egg 2","Odd Mushroom","Unceasing Top"],"potions_floor_usage":[5,10],"damage_taken":[{"damage":4,"enemies":"Small Slimes","floor":1,"turns":5},{"damage":0,"enemies":"2 Louse","floor":2,"turns":3},{"damage":0,"enemies":"Jaw Worm","floor":4,"turns":4},{"damage":0,"enemies":"Red Slaver","floor":5,"turns":3},{"damage":0,"enemies":"Gremlin Nob","floor":7,"turns":2},{"damage":0,"enemies":"Gremlin Gang","floor":8,"turns":4},{"damage":0,"enemies":"The Mushroom Lair","floor":10,"turns":3},{"damage":11,"enemies":"Lagavulin","floor":11,"turns":6},{"damage":63,"enemies":"Slime Boss","floor":16,"turns":8}],"seed_played":"2245512947314090298","potions_obtained":[{"floor":1,"key":"FearPotion"},{"floor":7,"key":"Poison Potion"}],"is_trial":false,"path_per_floor":["M","M","$","M","M","R","E","M","T","?","E","?","R","?","R","B"],"character_chosen":"THE_SILENT","items_purchased":["Dagger Throw"],"campfire_rested":2,"item_purchase_floors":[3],"current_hp_per_floor":[55,55,55,55,55,55,55,55,55,55,44,44,63,43,62,0],"gold":260,"neow_bonus":"ONE_RARE_RELIC","is_prod":false,"is_daily":false,"chose_seed":false,"campfire_upgraded":1,"win_rate":0,"timestamp":1564156558,"path_taken":["M","M","$","M","M","R","E","M","T","?","E","?","R","?","R","BOSS"],"build_version":"2019-07-17","purchased_purges":1,"victory":false,"max_hp_per_floor":[66,66,66,66,66,66,66,66,66,66,66,66,66,66,66,66],"card_choices":[{"not_picked":["Cloak And Dagger","Bane"],"picked":"Backflip","floor":1},{"not_picked":["Cloak And Dagger","Caltrops"],"picked":"Predator","floor":2},{"not_picked":["Deadly Poison","Outmaneuver","Poisoned Stab"],"picked":"SKIP","floor":4},{"not_picked":["Flying Knee","Deflect"],"picked":"Calculated Gamble","floor":5},{"not_picked":["Blur","Outmaneuver"],"picked":"Heel Hook","floor":7},{"not_picked":["Caltrops","Choke"],"picked":"Footwork","floor":8},{"not_picked":["Bane+1","Dodge and Roll"],"picked":"Sucker Punch+1","floor":10},{"not_picked":["After Image","Catalyst"],"picked":"Die Die Die+1","floor":11}],"player_experience":1664919,"relics_obtained":[{"floor":7,"key":"FossilizedHelix"},{"floor":9,"key":"Molten Egg 2"},{"floor":10,"key":"Odd Mushroom"},{"floor":11,"key":"Unceasing Top"}],"event_choices":[{"damage_healed":0,"gold_gain":0,"player_choice":"Fought Mushrooms","damage_taken":0,"max_hp_gain":0,"max_hp_loss":0,"event_name":"Mushrooms","floor":10,"gold_loss":0},{"damage_healed":0,"gold_gain":61,"player_choice":"Gained Gold","damage_taken":0,"max_hp_gain":0,"max_hp_loss":0,"event_name":"Golden Wing","floor":12,"gold_loss":0},{"damage_healed":0,"gold_gain":0,"player_choice":"Entered Light","damage_taken":20,"max_hp_gain":0,"max_hp_loss":0,"event_name":"Shining Light","floor":14,"gold_loss":0,"cards_upgraded":["Defend_G","Strike_G"]}],"is_beta":false,"boss_relics":[],"items_purged_floors":[3],"is_endless":false,"potions_floor_spawned":[1,7],"killed_by":"Slime Boss","ascension_level":18}