{"gold_per_floor":[117,117,128,144,69,69,95,95,95,125,25,39,73,73,73,150,150,165,55,55,55,75,105,105,285,285,310,210,210,47,61,61,137,137,156,49,66,86,1085,1113,1130,1130,1156,1156,383,403,418,418,418,418,418,418,418,18,49,49],"floor_reached":57,"playtime":3314,"items_purged":["Pain","Strike_G","Strike_G","Strike_G","Normality"],"score":2747,"play_id":"34b14e97-8975-4959-b7fb-baf1ffcac3fa","local_time":"20190714174645","is_ascension_mode":true,"campfire_choices":[{"data":"Choke","floor":6.0,"key":"SMITH"},{"data":"Skewer","floor":8.0,"key":"SMITH"},{"data":"Dagger Spray","floor":15.0,"key":"SMITH"},{"data":"Predator","floor":24.0,"key":"SMITH"},{"data":"Footwork","floor":29.0,"key":"SMITH"},{"floor":32.0,"key":"REST"},{"data":"Calculated Gamble","floor":42,"key":"SMITH"},{"data":"Acrobatics","floor":44,"key":"SMITH"},{"floor":49,"key":"RECALL"},{"floor":53,"key":"REST"}],"neow_cost":"NONE","seed_source_timestamp":141135109339600,"circlet_count":0,"master_deck":["AscendersBane","Strike_G","Defend_G","Defend_G","Defend_G","Defend_G","Defend_G","Survivor","Neutralize","Backflip+1","Choke+1","Footwork+1","Skewer+1","Terror","Dash","Dagger Spray+1","Malaise+1","Acrobatics+1","Predator+1","Choke+1","Underhanded Strike+1","Phantasmal Killer","Tactician+1","Acrobatics","Calculated Gamble+1","Underhanded Strike+1","Normality","Wraith Form v2+1","Noxious Fumes+1","Dash+1","Parasite","Corpse Explosion","Well Laid Plans+1","Wraith Form v2+1","Noxious Fumes+1"],"special_seed":0,"relics":["Snecko Eye","WarpedTongs","Meat on the Bone","Ornamental Fan","Frozen Egg 2","Juzu Bracelet","White Beast Statue","The Courier","FossilizedHelix","Molten Egg 2","Potion Belt","HoveringKite","Letter Opener","Pantograph","Blue Candle","Pen Nib","Darkstone Periapt","OrangePellets","Anchor"],"potions_floor_usage":[40,40,40,40,46,51,56,56,56],"damage_taken":[{"damage":2.0,"enemies":"Small Slimes","floor":1.0,"turns":5.0},{"damage":4.0,"enemies":"Cultist","floor":3.0,"turns":4.0},{"damage":3.0,"enemies":"2 Louse","floor":4.0,"turns":4.0},{"damage":8.0,"enemies":"Gremlin Nob","floor":7.0,"turns":4.0},{"damage":11.0,"enemies":"Lagavulin","floor":10.0,"turns":8.0},{"damage":0.0,"enemies":"2 Fungi Beasts","floor":12.0,"turns":2.0},{"damage":11.0,"enemies":"Gremlin Nob","floor":13.0,"turns":3.0},{"damage":19.0,"enemies":"Slime Boss","floor":16.0,"turns":7.0},{"damage":1.0,"enemies":"Chosen","floor":18.0,"turns":6.0},{"damage":9.0,"enemies":"3 Byrds","floor":22.0,"turns":5.0},{"damage":0.0,"enemies":"Book of Stabbing","floor":23.0,"turns":4.0},{"damage":4.0,"enemies":"Slavers","floor":27.0,"turns":4.0},{"damage":8.0,"enemies":"Shelled Parasite and Fungi","floor":31.0,"turns":3.0},{"damage":34.0,"enemies":"Collector","floor":33.0,"turns":12.0},{"damage":0.0,"enemies":"Orb Walker","floor":35.0,"turns":3.0},{"damage":11.0,"enemies":"3 Darklings","floor":37.0,"turns":5.0},{"damage":0.0,"enemies":"Spire Growth","floor":38.0,"turns":3.0},{"damage":36,"enemies":"Reptomancer","floor":40,"turns":8},{"damage":0,"enemies":"Sphere and 2 Shapes","floor":41,"turns":3},{"damage":0,"enemies":"Transient","floor":46,"turns":6},{"damage":5,"enemies":"Writhing Mass","floor":47,"turns":6},{"damage":16,"enemies":"Donu and Deca","floor":50,"turns":8},{"damage":61,"enemies":"Awakened One","floor":51,"turns":13},{"damage":5,"enemies":"Shield and Spear","floor":55,"turns":5},{"damage":14,"enemies":"The Heart","floor":56,"turns":9}],"seed_played":"7063988449268358561","potions_obtained":[{"floor":1.0,"key":"EssenceOfSteel"},{"floor":3.0,"key":"EssenceOfSteel"},{"floor":10.0,"key":"SkillPotion"},{"floor":13.0,"key":"Weak Potion"},{"floor":22.0,"key":"LiquidBronze"},{"floor":23.0,"key":"FearPotion"},{"floor":27.0,"key":"SteroidPotion"},{"floor":31.0,"key":"SkillPotion"},{"floor":33.0,"key":"Strength Potion"},{"floor":35.0,"key":"Dexterity Potion"},{"floor":37.0,"key":"Regen Potion"},{"floor":38.0,"key":"GhostInAJar"},{"floor":40,"key":"FearPotion"},{"floor":41,"key":"LiquidBronze"},{"floor":46,"key":"Fruit Juice"},{"floor":47,"key":"SteroidPotion"},{"floor":55,"key":"SmokeBomb"}],"is_trial":false,"path_per_floor":["M","?","M","M","$","R","E","R","T","E","$","M","E","?","R","B",null,"M","?","?","T","M","E","R","?","T","E","$","R","$","M","R","B",null,"M","$","M","M","?","E","M","R","T","R","$","M","M","?","R","B","B",null,"R","$","E","B",null],"character_chosen":"THE_SILENT","items_purchased":["Underhanded Strike+1","Acrobatics","Calculated Gamble","Pantograph","Blue Candle","Strength Potion","Pen Nib","Dash+1","OrangePellets","PowerPotion","Well Laid Plans+1","Wraith Form v2+1"],"campfire_rested":2,"item_purchase_floors":[30,36,36,45,45,45,45,45,54,54,54,54],"current_hp_per_floor":[57,57,53,50,50,50,42,42,42,43,43,43,44,44,44,37,59,58,58,58,58,49,49,49,25,25,33,33,33,33,37,56,34,58,58,58,47,47,47,35,35,35,35,35,35,40,47,47,47,55,22,59,71,71,66,57],"gold":49,"neow_bonus":"BOSS_RELIC","is_prod":false,"is_daily":false,"chose_seed":false,"campfire_upgraded":7,"win_rate":0,"timestamp":1563094005,"path_taken":["M","?","M","M","?","R","E","R","T","E","$","M","E","?","R","BOSS","M","?","?","?","M","E","R","?","T","E","?","R","$","M","R","BOSS","M","?","M","M","?","E","M","R","T","R","$","M","M","?","R","BOSS","BOSS","R","$","E","BOSS"],"build_version":"2019-07-05","purchased_purges":5,"victory":true,"max_hp_per_floor":[66,66,66,66,66,66,66,66,66,66,66,66,66,66,66,66,66,66,66,66,66,66,66,66,66,66,66,66,66,66,66,66,66,66,66,66,66,66,66,66,66,66,66,66,66,71,71,71,71,71,71,71,71,71,71,71],"card_choices":[{"not_picked":["Cloak And Dagger","Poisoned Stab"],"picked":"Backflip","floor":1.0},{"not_picked":["Dodge and Roll","Terror"],"picked":"Choke","floor":3.0},{"not_picked":["Concentrate","Crippling Poison"],"picked":"Footwork","floor":4.0},{"not_picked":["Dagger Throw","Distraction"],"picked":"Skewer","floor":7.0},{"not_picked":["Dagger Throw","Heel Hook"],"picked":"Terror","floor":10.0},{"not_picked":["Reflex","Endless Agony"],"picked":"Dash","floor":12.0},{"not_picked":["Sucker Punch","Masterful Stab"],"picked":"Dagger Spray","floor":13.0},{"not_picked":["Venomology","Adrenaline"],"picked":"Malaise","floor":16.0},{"not_picked":["Terror","Accuracy+1","Expertise"],"picked":"SKIP","floor":18.0},{"not_picked":["Deflect","Poisoned Stab+1"],"picked":"Acrobatics","floor":22.0},{"not_picked":["Cloak And Dagger","Acrobatics"],"picked":"Predator","floor":23.0},{"not_picked":["Accuracy+1","Flying Knee+1"],"picked":"Choke+1","floor":27.0},{"not_picked":["Blade Dance","Sucker Punch+1","Deflect"],"picked":"SKIP","floor":31.0},{"not_picked":["Envenom+1","Storm of Steel"],"picked":"Phantasmal Killer","floor":33.0},{"not_picked":["Masterful Stab+1","PiercingWail"],"picked":"Tactician+1","floor":35.0},{"not_picked":["Slice+1","Cloak And Dagger+1","Endless Agony+1"],"picked":"SKIP","floor":37.0},{"not_picked":["Dagger Spray+1","Setup"],"picked":"Underhanded Strike+1","floor":38.0},{"not_picked":["Sucker Punch+1","Dodge and Roll+1"],"picked":"Wraith Form v2+1","floor":40},{"not_picked":["Masterful Stab+1","Poisoned Stab+1"],"picked":"Noxious Fumes+1","floor":41},{"not_picked":["Bane+1","Deflect","Sucker Punch+1"],"picked":"SKIP","floor":46},{"not_picked":["Accuracy+1","Dodge and Roll+1"],"picked":"Corpse Explosion","floor":47},{"not_picked":["Flying Knee+1","Flechettes+1"],"picked":"Noxious Fumes+1","floor":55}],"player_experience":1034302,"relics_obtained":[{"floor":7.0,"key":"Meat on the Bone"},{"floor":9.0,"key":"Ornamental Fan"},{"floor":10.0,"key":"Frozen Egg 2"},{"floor":13.0,"key":"Juzu Bracelet"},{"floor":21.0,"key":"The Courier"},{"floor":23.0,"key":"FossilizedHelix"},{"floor":26.0,"key":"Molten Egg 2"},{"floor":27.0,"key":"Potion Belt"},{"floor":40,"key":"Letter Opener"},{"floor":55,"key":"Anchor"}],"event_choices":[{"damage_healed":0.0,"max_hp_gain":0.0,"max_hp_loss":0.0,"gold_gain":0.0,"event_name":"Accursed Blacksmith","player_choice":"Rummage","floor":2.0,"gold_loss":0.0,"damage_taken":0.0,"relics_obtained":["WarpedTongs"],"cards_obtained":["Pain"]},{"damage_healed":0.0,"max_hp_gain":0.0,"max_hp_loss":0.0,"gold_gain":0.0,"event_name":"Liars Game","player_choice":"Ignored","floor":14.0,"gold_loss":0.0,"damage_taken":0.0},{"cards_removed":["Strike_G"],"damage_healed":0.0,"max_hp_gain":0.0,"max_hp_loss":0.0,"gold_gain":0.0,"event_name":"Designer","player_choice":"Upgrade and Remove","floor":19.0,"gold_loss":110.0,"damage_taken":0.0,"cards_upgraded":["Backflip"]},{"damage_healed":0.0,"max_hp_gain":0.0,"max_hp_loss":0.0,"gold_gain":0.0,"event_name":"Upgrade Shrine","player_choice":"Upgraded","floor":20.0,"gold_loss":0.0,"damage_taken":0.0,"cards_upgraded":["Malaise"]},{"damage_healed":0.0,"max_hp_gain":0.0,"max_hp_loss":0.0,"gold_gain":180.0,"event_name":"Knowing Skull","player_choice":"GOLD GOLD POTION ","floor":25.0,"potions_obtained":["Energy Potion"],"gold_loss":0.0,"damage_taken":24.0,"cards_obtained":[]},{"damage_healed":0.0,"max_hp_gain":0.0,"max_hp_loss":0.0,"gold_gain":999.0,"event_name":"MindBloom","player_choice":"Gold","floor":39.0,"gold_loss":0.0,"damage_taken":0.0,"cards_obtained":["Normality","Normality"]},{"damage_healed":0,"gold_gain":0,"player_choice":"Gave Potion","damage_taken":0,"relics_obtained":["Darkstone Periapt"],"max_hp_gain":0,"max_hp_loss":0,"event_name":"WeMeetAgain","floor":48,"gold_loss":0}],"is_beta":false,"boss_relics":[{"not_picked":["Tiny House","Eternal Feather"],"picked":"White Beast Statue"},{"not_picked":["Cursed Key","Runic Dome"],"picked":"HoveringKite"}],"items_purged_floors":[5,11,28,30,45],"is_endless":false,"potions_floor_spawned":[1,3,10,13,18,22,23,27,31,33,35,37,38,40,41,46,47,55],"ascension_level":20}