{"gold_per_floor":[117,131,131,281,281,281,309,309,309,326,360,285,298,312,312,312],"floor_reached":16,"playtime":2294,"items_purged":[],"score":270,"play_id":"b6c49b37-b6f5-4d97-ac48-1dd89807d927","local_time":"20190718183327","is_ascension_mode":true,"campfire_choices":[{"data":"Neutralize","floor":6,"key":"SMITH"},{"data":"Flying Knee","floor":15,"key":"SMITH"}],"neow_cost":"NONE","seed_source_timestamp":665044360278385,"circlet_count":0,"master_deck":["AscendersBane","Strike_G","Strike_G","Strike_G","Strike_G","Defend_G+1","Defend_G","Defend_G","Defend_G","Defend_G","Survivor","Neutralize+1","Poisoned Stab+1","Flying Knee+1","Infinite Blades","Venomology","Backstab"],"special_seed":0,"relics":["Ring of the Snake","NeowsBlessing","Blood Vial","Singing Bowl","Anchor","Pear"],"potions_floor_usage":[11,16,16,16],"damage_taken":[{"damage":0.0,"enemies":"Jaw Worm","floor":1.0,"turns":1.0},{"damage":0.0,"enemies":"Small Slimes","floor":2.0,"turns":1.0},{"damage":0,"enemies":"Lagavulin","floor":7,"turns":1},{"damage":0,"enemies":"2 Louse","floor":10,"turns":2},{"damage":10,"enemies":"3 Sentries","floor":11,"turns":9},{"damage":0,"enemies":"2 Fungi Beasts","floor":13,"turns":4},{"damage":0,"enemies":"Large Slime","floor":14,"turns":6},{"damage":41,"enemies":"Slime Boss","floor":16,"turns":8}],"seed_played":"8054349900312435337","potions_obtained":[{"floor":1.0,"key":"Block Potion"},{"floor":7,"key":"Dexterity Potion"},{"floor":10,"key":"Weak Potion"},{"floor":14,"key":"SkillPotion"}],"is_trial":false,"path_per_floor":["M","M","?","?","?","R","E","T","T","M","E","?","M","M","R","B"],"character_chosen":"THE_SILENT","items_purchased":[],"campfire_rested":0,"item_purchase_floors":[],"current_hp_per_floor":[59,59,39,39,32,32,32,32,32,36,40,40,42,44,44,5],"gold":312,"neow_bonus":"THREE_ENEMY_KILL","is_prod":false,"is_daily":false,"chose_seed":false,"campfire_upgraded":2,"win_rate":0,"timestamp":1563467607,"path_taken":["M","M","?","?","?","R","E","?","T","M","E","?","M","M","R","BOSS"],"build_version":"2019-07-17","purchased_purges":0,"victory":false,"max_hp_per_floor":[66,66,66,66,66,66,66,66,66,68,80,80,80,80,80,80],"card_choices":[{"not_picked":["Expertise","Bane"],"picked":"Poisoned Stab","floor":1.0},{"not_picked":["Expertise","Blade Dance"],"picked":"Flying Knee","floor":2.0},{"not_picked":["Grand Finale","Terror"],"picked":"Infinite Blades","floor":7},{"not_picked":["Dagger Spray","Outmaneuver","Eviscerate"],"picked":"Singing Bowl","floor":10},{"not_picked":["Deadly Poison","Concentrate","Quick Slash"],"picked":"Singing Bowl","floor":11},{"not_picked":["Sucker Punch","Slice"],"picked":"Venomology","floor":13},{"not_picked":["Backflip","Quick Slash"],"picked":"Backstab","floor":14}],"player_experience":1299705,"relics_obtained":[{"floor":7,"key":"Blood Vial"},{"floor":8,"key":"Singing Bowl"},{"floor":9,"key":"Anchor"},{"floor":11,"key":"Pear"}],"event_choices":[{"damage_healed":0.0,"max_hp_gain":0.0,"max_hp_loss":0.0,"gold_gain":0.0,"event_name":"Shining Light","player_choice":"Entered Light","floor":3.0,"gold_loss":0.0,"damage_taken":20.0,"cards_upgraded":["Defend_G","Poisoned Stab"]},{"damage_healed":0.0,"max_hp_gain":0.0,"max_hp_loss":0.0,"gold_gain":150.0,"event_name":"Liars Game","player_choice":"AGREE","floor":4.0,"gold_loss":0.0,"damage_taken":0.0,"cards_obtained":["Doubt"]},{"cards_removed":["Doubt"],"damage_healed":0,"gold_gain":0,"player_choice":"Card Removal","damage_taken":7,"max_hp_gain":0,"max_hp_loss":0,"event_name":"Golden Wing","floor":5,"gold_loss":0},{"cards_removed":["Strike_G"],"damage_healed":0,"gold_gain":0,"player_choice":"Card Removal","damage_taken":0,"max_hp_gain":0,"max_hp_loss":0,"event_name":"The Cleric","floor":12,"gold_loss":75}],"is_beta":false,"boss_relics":[],"items_purged_floors":[],"is_endless":false,"potions_floor_spawned":[1,7,10,14],"killed_by":"Slime Boss","ascension_level":20}