{"gold_per_floor":[111,131,143,27,37,69,80,80,80,80,80,93,18,48,48,121,121,131,148,159,49,49,49,79,79,105,105,130,147,167,180,180,258,258,269,6,106,159,159,159,159,159,182,214,17,50,64,94,94,94,94,94,94,11,42,42],"floor_reached":57,"playtime":6020,"items_purged":["Pain"],"score":3126,"play_id":"4e8183e5-1830-419a-895a-a5fc10e883e4","local_time":"20190731003656","is_ascension_mode":true,"campfire_choices":[{"data":"Noxious Fumes","floor":8,"key":"SMITH"},{"floor":10,"key":"REST"},{"data":"Deadly Poison","floor":15,"key":"SMITH"},{"floor":23,"key":"REST"},{"data":"Footwork","floor":25,"key":"SMITH"},{"floor":27,"key":"REST"},{"floor":32,"key":"REST"},{"floor":40,"key":"RECALL"},{"data":"Wraith Form v2","floor":42,"key":"SMITH"},{"data":"Caltrops","floor":49,"key":"SMITH"},{"floor":53,"key":"REST"}],"neow_cost":"NONE","seed_source_timestamp":109688008397007,"circlet_count":0,"master_deck":["AscendersBane","Survivor","Neutralize","Flechettes+1","Burst+1","Slice+1","Deadly Poison+1","Flying Knee","Dagger Throw","Noxious Fumes+1","PiercingWail","Backflip+1","Calculated Gamble+1","Cloak And Dagger","Bouncing Flask+1","Cloak And Dagger+1","Adrenaline+1","Bouncing Flask+1","Expertise+1","Footwork+1","Malaise+1","Acrobatics+1","Escape Plan+1","Acrobatics+1","Blur+1","Backflip+1","PiercingWail+1","Calculated Gamble+1","Catalyst+1","PiercingWail+1","Adrenaline+1","Wraith Form v2+1","Footwork","Cloak And Dagger+1","Deflect+1","Impatience+1","Caltrops+1","Deflect+1","PiercingWail+1"],"relics":["Astrolabe","Strawberry","Toxic Egg 2","WarpedTongs","Du-Vu Doll","Pandora\u0027s Box","Pantograph","Potion Belt","Busted Crown","OrangePellets","Unceasing Top","The Specimen","Dream Catcher","Anchor","Sundial","Bag of Marbles","War Paint"],"potions_floor_usage":[16,24,28,33,46,56,56],"damage_taken":[{"damage":2,"enemies":"Jaw Worm","floor":1,"turns":5},{"damage":3,"enemies":"Cultist","floor":2,"turns":5},{"damage":0,"enemies":"2 Louse","floor":3,"turns":2},{"damage":11,"enemies":"2 Fungi Beasts","floor":5,"turns":4},{"damage":16,"enemies":"3 Sentries","floor":6,"turns":9},{"damage":2,"enemies":"Large Slime","floor":7,"turns":8},{"damage":1,"enemies":"Looter","floor":12,"turns":3},{"damage":0,"enemies":"Lagavulin","floor":14,"turns":5},{"damage":6,"enemies":"Hexaghost","floor":16,"turns":7},{"damage":0,"enemies":"3 Byrds","floor":18,"turns":4},{"damage":21,"enemies":"Shell Parasite","floor":19,"turns":2},{"damage":15,"enemies":"Snake Plant","floor":20,"turns":6},{"damage":0,"enemies":"Book of Stabbing","floor":24,"turns":7},{"damage":32,"enemies":"Gremlin Leader","floor":28,"turns":7},{"damage":0,"enemies":"Shelled Parasite and Fungi","floor":29,"turns":6},{"damage":16,"enemies":"Chosen and Byrds","floor":30,"turns":6},{"damage":0,"enemies":"Centurion and Healer","floor":31,"turns":6},{"damage":5,"enemies":"Collector","floor":33,"turns":6},{"damage":0,"enemies":"3 Shapes","floor":35,"turns":5},{"damage":0,"enemies":"Mind Bloom Boss Battle","floor":37,"turns":5},{"damage":11,"enemies":"2 Orb Walkers","floor":38,"turns":4},{"damage":0,"enemies":"Giant Head","floor":44,"turns":6},{"damage":16,"enemies":"Nemesis","floor":46,"turns":7},{"damage":0,"enemies":"3 Darklings","floor":47,"turns":5},{"damage":0,"enemies":"Giant Head","floor":48,"turns":8},{"damage":0,"enemies":"Donu and Deca","floor":50,"turns":9},{"damage":19,"enemies":"Time Eater","floor":51,"turns":9},{"damage":0,"enemies":"Shield and Spear","floor":55,"turns":6},{"damage":9,"enemies":"The Heart","floor":56,"turns":8}],"seed_played":"-5679002910583600643","potions_obtained":[{"floor":6,"key":"LiquidBronze"},{"floor":7,"key":"Explosive Potion"},{"floor":16,"key":"AttackPotion"},{"floor":20,"key":"SpeedPotion"},{"floor":30,"key":"Strength Potion"},{"floor":31,"key":"GhostInAJar"},{"floor":33,"key":"Regen Potion"},{"floor":37,"key":"Strength Potion"},{"floor":46,"key":"FairyPotion"},{"floor":47,"key":"EntropicBrew"}],"is_trial":false,"path_per_floor":["M","M","M","$","M","E","M","R","T","R","?","M","$","E","R","B",null,"M","M","M","$","$","R","E","R","T","R","E","M","M","M","R","B",null,"M","$","?","?","?","R","$","R","T","E","$","E","M","E","R","B","B",null,"R","$","E","B",null],"character_chosen":"THE_SILENT","items_purchased":["Noxious Fumes","PiercingWail","PiercingWail+1","Calculated Gamble+1","OrangePellets","Footwork","Impatience+1","Caltrops","Deflect+1","LiquidBronze"],"campfire_rested":5,"item_purchase_floors":[4,4,21,21,36,36,45,45,45,54],"current_hp_per_floor":[57,54,54,54,43,34,32,32,32,53,53,52,52,52,52,46,66,66,45,30,30,30,51,51,51,51,72,40,40,24,24,45,65,71,71,71,73,62,62,62,62,62,62,62,62,61,61,61,61,73,54,68,73,73,73,64],"gold":42,"neow_bonus":"BOSS_RELIC","is_prod":false,"is_daily":false,"chose_seed":false,"campfire_upgraded":5,"win_rate":0,"timestamp":1564526216,"path_taken":["M","M","M","$","M","E","M","R","T","R","?","M","$","E","R","BOSS","M","M","M","?","$","R","E","R","T","R","E","M","M","M","R","BOSS","M","$","?","?","?","R","$","R","T","E","$","E","M","E","R","BOSS","BOSS","R","$","E","BOSS"],"build_version":"2019-07-17","purchased_purges":1,"victory":true,"max_hp_per_floor":[66,66,66,66,66,73,73,73,73,73,73,73,73,73,73,73,73,73,73,73,73,73,73,73,73,73,73,73,73,73,73,73,73,73,73,73,73,73,73,73,73,73,73,73,73,73,73,73,73,73,73,73,73,73,73,73],"card_choices":[{"not_picked":["Prepared","Dodge and Roll"],"picked":"Deadly Poison","floor":1},{"not_picked":["Choke","Setup"],"picked":"Flying Knee","floor":2},{"not_picked":["Concentrate","Venomology"],"picked":"Dagger Throw","floor":3},{"not_picked":["Backstab","Dagger Spray"],"picked":"Backflip","floor":5},{"not_picked":["Dagger Throw","Dodge and Roll"],"picked":"Calculated Gamble","floor":6},{"not_picked":["Flechettes","Backflip"],"picked":"Cloak And Dagger","floor":7},{"not_picked":["Predator","Caltrops"],"picked":"Bouncing Flask+1","floor":12},{"not_picked":["Dagger Throw","Masterful Stab"],"picked":"Cloak And Dagger+1","floor":14},{"not_picked":["Glass Knife","Envenom"],"picked":"Adrenaline+1","floor":16},{"not_picked":["Outmaneuver+1","Accuracy"],"picked":"Acrobatics+1","floor":18},{"not_picked":["Poisoned Stab","Finisher"],"picked":"Blur+1","floor":19},{"not_picked":["Poisoned Stab","Underhanded Strike"],"picked":"Backflip+1","floor":20},{"not_picked":["Deadly Poison+1","Die Die Die"],"picked":"Catalyst+1","floor":24},{"not_picked":["Backstab","Dagger Spray"],"picked":"PiercingWail+1","floor":29},{"not_picked":["Expertise+1","Noxious Fumes"],"picked":"Adrenaline+1","floor":31},{"not_picked":["Phantasmal Killer+1","Tools of the Trade"],"picked":"Wraith Form v2","floor":33},{"not_picked":[],"picked":"Cloak And Dagger+1","floor":38},{"not_picked":[],"picked":"Deflect+1","floor":44},{"not_picked":["Noxious Fumes"],"picked":"SKIP","floor":46},{"not_picked":[],"picked":"PiercingWail+1","floor":47}],"player_experience":1342729,"relics_obtained":[{"floor":6,"key":"Strawberry"},{"floor":9,"key":"Toxic Egg 2"},{"floor":14,"key":"Du-Vu Doll"},{"floor":24,"key":"Pantograph"},{"floor":28,"key":"Potion Belt"},{"floor":37,"key":"Unceasing Top"},{"floor":38,"key":"The Specimen"},{"floor":43,"key":"Dream Catcher"},{"floor":44,"key":"Anchor"},{"floor":46,"key":"Sundial"},{"floor":48,"key":"Bag of Marbles"},{"floor":55,"key":"War Paint"}],"event_choices":[{"damage_healed":0,"gold_gain":0,"player_choice":"Rummage","damage_taken":0,"relics_obtained":["WarpedTongs"],"max_hp_gain":0,"max_hp_loss":0,"event_name":"Accursed Blacksmith","floor":11,"gold_loss":0,"cards_obtained":["Pain"]},{"damage_healed":0,"gold_gain":0,"player_choice":"Fight","damage_taken":0,"max_hp_gain":0,"max_hp_loss":0,"event_name":"MindBloom","floor":37,"gold_loss":0},{"damage_healed":0,"gold_gain":0,"player_choice":"Fight","damage_taken":0,"max_hp_gain":0,"max_hp_loss":0,"event_name":"Mysterious Sphere","floor":38,"gold_loss":0},{"cards_removed":["Riddle With Holes"],"damage_healed":0,"gold_gain":0,"player_choice":"Removed Attack","damage_taken":0,"max_hp_gain":0,"max_hp_loss":0,"event_name":"Falling","floor":39,"gold_loss":0}],"is_beta":false,"boss_relics":[{"not_picked":["Black Star","White Beast Statue"],"picked":"Pandora\u0027s Box"},{"not_picked":["Fusion Hammer","Eternal Feather"],"picked":"Busted Crown"}],"items_purged_floors":[13],"is_endless":false,"potions_floor_spawned":[6,7,12,16,20,30,31,33,37,46,47],"ascension_level":20}