{"gold_per_floor":[115,190,190,207,132,132,157,176,252,286,286,296,296,324,324,395,395,407,424,524,449,469,469,495,513,594,28,28,28,28,78,78,155,155,174,187,187,199,199],"floor_reached":39,"playtime":1283,"items_purged":["Pain"],"score":984,"play_id":"e0ef7770-911e-411b-9513-f9172cc7ef1f","local_time":"20190610150908","is_ascension_mode":true,"campfire_choices":[{"data":"Zap","floor":6,"key":"SMITH"},{"data":"Sunder","floor":11,"key":"SMITH"},{"data":"Blizzard","floor":15,"key":"SMITH"},{"floor":23,"key":"REST"},{"floor":29,"key":"REST"},{"data":"Defragment","floor":32,"key":"SMITH"}],"neow_cost":"NONE","seed_source_timestamp":176685039052000,"circlet_count":0,"master_deck":["AscendersBane","Defend_B","Defend_B","Defend_B","Zap+1","Dualcast","Cold Snap","Coolheaded","Cold Snap","Sunder+1","Blizzard+1","Cold Snap","Buffer","Tempest+1","Barrage+1","FTL+1","Recycle","Gash","All For One","Defragment+1","Hologram","Loop","Biased Cognition","Turbo","Barrage+1","Blizzard+1"],"relics":["Cracked Core","NeowsBlessing","WarpedTongs","Anchor","Pantograph","The Courier","Regal Pillow","StoneCalendar","Astrolabe","Peace Pipe","Letter Opener","Ornamental Fan","Runic Capacitor","Cables","Centennial Puzzle","Nilry\u0027s Codex","Inserter"],"potions_floor_usage":[10,24,24,33],"damage_taken":[{"damage":0,"enemies":"Jaw Worm","floor":1,"turns":1},{"damage":0,"enemies":"Cultist","floor":4,"turns":1},{"damage":0,"enemies":"3 Sentries","floor":7,"turns":1},{"damage":0,"enemies":"2 Louse","floor":8,"turns":2},{"damage":24,"enemies":"Gremlin Nob","floor":10,"turns":4},{"damage":1,"enemies":"Gremlin Gang","floor":12,"turns":3},{"damage":14,"enemies":"Lagavulin","floor":14,"turns":7},{"damage":20,"enemies":"Hexaghost","floor":16,"turns":9},{"damage":2,"enemies":"3 Byrds","floor":18,"turns":4},{"damage":5,"enemies":"2 Thieves","floor":19,"turns":4},{"damage":10,"enemies":"Colosseum Slavers","floor":20,"turns":3},{"damage":30,"enemies":"Colosseum Nobs","floor":20,"turns":5},{"damage":0,"enemies":"Snecko","floor":22,"turns":3},{"damage":21,"enemies":"Gremlin Leader","floor":24,"turns":5},{"damage":0,"enemies":"Centurion and Healer","floor":25,"turns":6},{"damage":0,"enemies":"Champ","floor":33,"turns":15},{"damage":39,"enemies":"3 Darklings","floor":35,"turns":4},{"damage":0,"enemies":"3 Shapes","floor":36,"turns":6},{"damage":30,"enemies":"Maw","floor":38,"turns":7},{"damage":0,"enemies":"Spire Growth","floor":39,"turns":1}],"seed_played":"-8493047437433684064","potions_obtained":[{"floor":4,"key":"Poison Potion"},{"floor":7,"key":"SpeedPotion"},{"floor":20,"key":"GamblersBrew"},{"floor":22,"key":"Strength Potion"},{"floor":24,"key":"SkillPotion"},{"floor":36,"key":"SteroidPotion"}],"is_trial":false,"path_per_floor":["M","?","?","M","$","R","E","M","T","E","R","M","?","E","R","B",null,"M","M","?","?","M","R","E","M","T","$","?","R","$","?","R","B",null,"M","M","?","M","M"],"character_chosen":"DEFECT","items_purchased":["Runic Capacitor","Cables","Centennial Puzzle","Loop"],"campfire_rested":2,"item_purchase_floors":[27,27,27,27],"current_hp_per_floor":[64,53,53,53,53,53,53,53,53,29,29,28,28,14,14,19,58,56,51,11,11,11,47,26,26,26,26,5,41,41,41,41,66,70,31,31,31,1,1],"gold":199,"neow_bonus":"THREE_ENEMY_KILL","is_prod":false,"is_daily":false,"chose_seed":false,"campfire_upgraded":4,"win_rate":0,"timestamp":1560146948,"path_taken":["M","?","?","M","$","R","E","?","T","E","R","M","?","E","R","BOSS","M","?","?","?","M","R","E","?","T","$","?","R","$","?","R","BOSS","M","M","?","M","M"],"build_version":"2019-01-23","purchased_purges":1,"victory":false,"max_hp_per_floor":[71,71,71,71,71,71,71,71,71,71,71,71,71,71,71,71,71,71,71,71,71,71,71,71,71,71,71,71,71,71,71,71,71,71,71,71,71,71,71],"card_choices":[{"not_picked":["Tempest","Beam Cell"],"picked":"Cold Snap","floor":1},{"not_picked":["Blizzard","Barrage"],"picked":"Coolheaded","floor":4},{"not_picked":["Go for the Eyes","Hologram"],"picked":"Cold Snap","floor":7},{"not_picked":["Compile Driver","Turbo"],"picked":"Sunder","floor":8},{"not_picked":["Steam","Lockon"],"picked":"Blizzard","floor":10},{"not_picked":["Coolheaded","Genetic Algorithm"],"picked":"Cold Snap","floor":12},{"not_picked":["Heatsinks","Scrape","Rebound"],"picked":"SKIP","floor":14},{"not_picked":["Machine Learning","Meteor Strike"],"picked":"Buffer","floor":16},{"not_picked":["Barrage","Leap","Conserve Battery"],"picked":"SKIP","floor":18},{"not_picked":["Rip and Tear","Hologram","Chaos"],"picked":"SKIP","floor":19},{"not_picked":["Scrape","Beam Cell"],"picked":"Recycle","floor":20},{"not_picked":["Hologram","Turbo"],"picked":"Defragment","floor":22},{"not_picked":["Redo","Beam Cell"],"picked":"Hologram","floor":24},{"not_picked":["Fusion","Static Discharge","Steam"],"picked":"SKIP","floor":25},{"not_picked":["All For One","Meteor Strike"],"picked":"Biased Cognition","floor":33},{"not_picked":["Rip and Tear","FTL+1"],"picked":"Turbo","floor":35},{"not_picked":["Redo+1","Capacitor"],"picked":"Barrage+1","floor":36},{"not_picked":["Conserve Battery","Capacitor"],"picked":"Blizzard+1","floor":38}],"player_experience":548696,"relics_obtained":[{"floor":7,"key":"Anchor"},{"floor":9,"key":"Pantograph"},{"floor":10,"key":"The Courier"},{"floor":14,"key":"StoneCalendar"},{"floor":20,"key":"Peace Pipe"},{"floor":20,"key":"Letter Opener"},{"floor":24,"key":"Ornamental Fan"},{"floor":28,"key":"Nilry\u0027s Codex"}],"event_choices":[{"damage_healed":0,"gold_gain":75,"player_choice":"Gather Gold","damage_taken":11,"max_hp_gain":0,"max_hp_loss":0,"event_name":"World of Goop","floor":2,"gold_loss":0},{"damage_healed":0,"gold_gain":0,"player_choice":"Rummage","damage_taken":0,"relics_obtained":["WarpedTongs"],"max_hp_gain":0,"max_hp_loss":0,"event_name":"Accursed Blacksmith","floor":3,"gold_loss":0,"cards_obtained":["Pain"]},{"damage_healed":0,"gold_gain":0,"player_choice":"Gave Potion","damage_taken":0,"relics_obtained":["Regal Pillow"],"max_hp_gain":0,"max_hp_loss":0,"event_name":"WeMeetAgain","floor":13,"gold_loss":0},{"damage_healed":0,"gold_gain":0,"player_choice":"Fight","damage_taken":0,"max_hp_gain":0,"max_hp_loss":0,"event_name":"Colosseum","floor":20,"gold_loss":0},{"damage_healed":0,"gold_gain":0,"player_choice":"Fought Nobs","damage_taken":0,"max_hp_gain":0,"max_hp_loss":0,"event_name":"Colosseum","floor":20,"gold_loss":0},{"damage_healed":0,"gold_gain":0,"cards_transformed":["Strike_B","Defend_B"],"player_choice":"Transformed Cards","damage_taken":0,"max_hp_gain":0,"max_hp_loss":0,"event_name":"Designer","floor":21,"gold_loss":75,"cards_obtained":["Gash","All For One"]},{"damage_healed":0,"gold_gain":0,"player_choice":"Obtained Book","damage_taken":21,"max_hp_gain":0,"max_hp_loss":0,"event_name":"Cursed Tome","floor":28,"gold_loss":0},{"damage_healed":0,"gold_gain":50,"player_choice":"Stole From Cult","damage_taken":0,"max_hp_gain":0,"max_hp_loss":0,"event_name":"Nest","floor":31,"gold_loss":0},{"damage_healed":0,"gold_gain":0,"player_choice":"Ignored","damage_taken":0,"max_hp_gain":0,"max_hp_loss":0,"event_name":"Mysterious Sphere","floor":37,"gold_loss":0}],"is_beta":false,"boss_relics":[{"not_picked":["Runic Pyramid","Ectoplasm"],"picked":"Astrolabe"},{"not_picked":["Orrery","Black Star"],"picked":"Inserter"}],"items_purged_floors":[5],"is_endless":false,"potions_floor_spawned":[4,7,20,20,22,24,36],"killed_by":"Spire Growth","ascension_level":20}