{"gold_per_floor":[115,115,390,409,29,29,29,68,68,28,66,85,85],"floor_reached":13,"playtime":478,"items_purged":[],"score":182,"play_id":"068357f7-0f70-48b7-8a6f-af1c0d6bd8e8","local_time":"20190701150940","is_ascension_mode":true,"campfire_choices":[{"data":"Blade Dance","floor":6,"key":"SMITH"}],"neow_cost":"NONE","seed_source_timestamp":196877028257500,"circlet_count":0,"master_deck":["AscendersBane","Defend_G","Defend_G","Defend_G","Defend_G","Defend_G","Strike_G","Strike_G","Strike_G","Strike_G","Strike_G","Survivor","Neutralize","Blade Dance","Blade Dance+1","Footwork","PiercingWail","Well Laid Plans","Tactician","Noxious Fumes"],"relics":["WristBlade","Golden Idol","Bird Faced Urn","Anchor","Tough Bandages"],"potions_floor_usage":[8,13,13],"damage_taken":[{"damage":7,"enemies":"Jaw Worm","floor":1,"turns":5},{"damage":3,"enemies":"2 Louse","floor":4,"turns":3},{"damage":6,"enemies":"3 Sentries","floor":8,"turns":11},{"damage":27,"enemies":"Lagavulin","floor":11,"turns":10},{"damage":0,"enemies":"Cultist","floor":12,"turns":3},{"damage":57,"enemies":"Gremlin Nob","floor":13,"turns":4}],"seed_played":"-2963722708934420947","potions_obtained":[{"floor":1,"key":"PowerPotion"},{"floor":8,"key":"Energy Potion"},{"floor":12,"key":"Poison Potion"}],"is_trial":false,"path_per_floor":["M","?","?","M","$","R","?","E","T","$","E","M","E"],"character_chosen":"THE_SILENT","items_purchased":["Bird Faced Urn","Footwork","Well Laid Plans"],"campfire_rested":0,"item_purchase_floors":[5,5,10],"current_hp_per_floor":[52,52,52,49,49,49,49,47,47,47,24,24,0],"gold":85,"neow_bonus":"BOSS_RELIC","is_prod":false,"is_daily":false,"chose_seed":false,"campfire_upgraded":1,"win_rate":0,"timestamp":1561961380,"path_taken":["M","?","?","?","$","R","?","E","T","$","E","M","E"],"build_version":"2019-01-23","purchased_purges":0,"victory":false,"max_hp_per_floor":[66,60,60,60,60,60,60,60,60,60,60,60,60],"card_choices":[{"not_picked":["Terror","Deflect"],"picked":"Blade Dance","floor":1},{"not_picked":["Accuracy","Acrobatics"],"picked":"Blade Dance","floor":4},{"not_picked":["Bullet Time","Underhanded Strike"],"picked":"PiercingWail","floor":8},{"not_picked":["Underhanded Strike","Accuracy"],"picked":"Tactician","floor":11},{"not_picked":["Dagger Throw","Blade Dance"],"picked":"Noxious Fumes","floor":12}],"player_experience":885070,"relics_obtained":[{"floor":8,"key":"Anchor"},{"floor":11,"key":"Tough Bandages"}],"event_choices":[{"damage_healed":0,"gold_gain":0,"player_choice":"Lose Max HP","damage_taken":0,"relics_obtained":["Golden Idol"],"max_hp_gain":0,"max_hp_loss":6,"event_name":"Golden Idol","floor":2,"gold_loss":0},{"damage_healed":0,"gold_gain":275,"player_choice":"Desecrate","damage_taken":0,"max_hp_gain":0,"max_hp_loss":0,"event_name":"Golden Shrine","floor":3,"gold_loss":0,"cards_obtained":["Regret"]},{"cards_removed":["Regret"],"damage_healed":0,"gold_gain":0,"player_choice":"Forget","damage_taken":0,"max_hp_gain":0,"max_hp_loss":0,"event_name":"Living Wall","floor":7,"gold_loss":0}],"is_beta":false,"boss_relics":[],"items_purged_floors":[],"is_endless":false,"potions_floor_spawned":[1,8,12],"killed_by":"Gremlin Nob","ascension_level":20}