{"gold_per_floor":[116,128,53,53,65,65,93,93,93,93,106,126,126,160,160,239,239,258,258,258,269,14,14,48,59,135,135,149,149,149,163,163,237,237,248,248,121,121,121,148,148,28,28,28,28,48,48,66,66,66,66,66,66,66,96,96],"floor_reached":56,"playtime":2671,"items_purged":["Tactician"],"score":1827,"play_id":"3530dd73-acef-49a5-9918-3e2dc719fd6b","local_time":"20190728231306","is_ascension_mode":true,"campfire_choices":[{"data":"Bouncing Flask","floor":6,"key":"SMITH"},{"data":"Crippling Poison","floor":8,"key":"SMITH"},{"data":"Neutralize","floor":13,"key":"SMITH"},{"floor":15,"key":"REST"},{"data":"Master of Strategy","floor":23,"key":"SMITH"},{"floor":27,"key":"REST"},{"floor":29,"key":"REST"},{"data":"Catalyst","floor":32,"key":"SMITH"},{"floor":41,"key":"REST"},{"data":"Reflex","floor":44,"key":"SMITH"},{"data":"Backflip","floor":47,"key":"SMITH"},{"floor":49,"key":"RECALL"},{"data":"Calculated Gamble","floor":53,"key":"SMITH"}],"neow_cost":"NONE","seed_source_timestamp":803379447793600,"circlet_count":0,"master_deck":["AscendersBane","Strike_G","Defend_G","Defend_G","Defend_G","Defend_G","Defend_G","Survivor","Neutralize+1","Deadly Poison","Bouncing Flask+1","Crippling Poison+1","Leg Sweep","Venomology","Bullet Time","Noxious Fumes+1","Terror","Poisoned Stab","PiercingWail","Master of Strategy+1","Calculated Gamble+1","Tactician+1","Well Laid Plans+1","Reflex+1","Catalyst+1","Tools of the Trade+1","Expertise+1","Purity","Purity","Backflip+1","Catalyst+1","Reflex+1","Calculated Gamble+1","Acrobatics+1","Backflip+1","Tools of the Trade+1"],"relics":["Ring of the Snake","NeowsBlessing","Bottled Lightning","Paper Crane","Pantograph","Frozen Egg 2","Philosopher\u0027s Stone","Question Card","Runic Pyramid","Toxic Egg 2","Shuriken"],"potions_floor_usage":[7,14,14,16,16,24,24,24,28,31,31,33,35,40,46,46,48,50,51,55,55,56],"damage_taken":[{"damage":0,"enemies":"Small Slimes","floor":1,"turns":1},{"damage":0,"enemies":"Jaw Worm","floor":2,"turns":1},{"damage":0,"enemies":"2 Louse","floor":5,"turns":1},{"damage":44,"enemies":"Gremlin Nob","floor":7,"turns":4},{"damage":2,"enemies":"Blue Slaver","floor":11,"turns":3},{"damage":9,"enemies":"3 Louse","floor":12,"turns":3},{"damage":6,"enemies":"Lagavulin","floor":14,"turns":7},{"damage":1,"enemies":"The Guardian","floor":16,"turns":9},{"damage":5,"enemies":"Shell Parasite","floor":18,"turns":5},{"damage":6,"enemies":"Chosen","floor":21,"turns":5},{"damage":40,"enemies":"Gremlin Leader","floor":24,"turns":7},{"damage":7,"enemies":"Snake Plant","floor":25,"turns":6},{"damage":26,"enemies":"Shelled Parasite and Fungi","floor":28,"turns":8},{"damage":11,"enemies":"Centurion and Healer","floor":31,"turns":7},{"damage":19,"enemies":"Champ","floor":33,"turns":8},{"damage":29,"enemies":"3 Darklings","floor":35,"turns":6},{"damage":9,"enemies":"Giant Head","floor":40,"turns":7},{"damage":3,"enemies":"3 Shapes","floor":46,"turns":3},{"damage":9,"enemies":"Sphere and 2 Shapes","floor":48,"turns":4},{"damage":4,"enemies":"Time Eater","floor":50,"turns":5},{"damage":20,"enemies":"Donu and Deca","floor":51,"turns":10},{"damage":59,"enemies":"Shield and Spear","floor":55,"turns":8},{"damage":47,"enemies":"The Heart","floor":56,"turns":2}],"seed_played":"6163779800216453196","potions_obtained":[{"floor":5,"key":"PowerPotion"},{"floor":12,"key":"EssenceOfSteel"},{"floor":14,"key":"Fire Potion"},{"floor":25,"key":"GamblersBrew"},{"floor":31,"key":"Block Potion"},{"floor":33,"key":"GhostInAJar"}],"is_trial":false,"path_per_floor":["M","M","?","?","M","R","E","R","T","?","M","M","R","E","R","B",null,"M","?","?","M","$","R","E","M","T","R","M","R","?","M","R","B",null,"M","?","$","?","?","E","R","$","T","R","?","M","R","M","R","B","B",null,"R","$","E","B"],"character_chosen":"THE_SILENT","items_purchased":["Master of Strategy","Calculated Gamble","Backflip","Reflex+1","Calculated Gamble+1"],"campfire_rested":4,"item_purchase_floors":[22,22,37,42,42],"current_hp_per_floor":[59,59,59,64,64,64,20,20,20,20,18,9,9,3,24,48,65,60,60,60,54,54,54,14,7,7,28,2,23,23,12,12,18,58,29,19,19,19,19,10,30,30,30,30,30,27,27,18,18,39,44,61,61,61,2,0],"gold":96,"neow_bonus":"THREE_ENEMY_KILL","is_prod":false,"is_daily":false,"chose_seed":false,"campfire_upgraded":8,"win_rate":0,"timestamp":1564323186,"path_taken":["M","M","?","?","?","R","E","R","T","?","M","M","R","E","R","BOSS","M","?","?","M","$","R","E","M","T","R","M","R","?","M","R","BOSS","M","?","$","?","?","E","R","?","T","R","?","M","R","M","R","BOSS","BOSS","R","$","E","BOSS"],"build_version":"2019-07-17","purchased_purges":1,"victory":false,"max_hp_per_floor":[66,66,66,71,71,71,71,71,71,71,71,71,71,71,71,71,71,71,71,71,71,71,71,71,71,71,71,71,71,71,71,71,71,71,71,71,71,71,67,67,67,67,67,67,67,67,67,67,67,67,67,67,67,67,67,67],"card_choices":[{"not_picked":["Dodge and Roll","Concentrate","Deflect"],"picked":"SKIP","floor":1},{"not_picked":["Dagger Throw","Deflect"],"picked":"Deadly Poison","floor":2},{"not_picked":["Blade Dance","Slice"],"picked":"Bouncing Flask","floor":5},{"not_picked":["Crippling Poison","Underhanded Strike","Expertise"],"picked":"SKIP","floor":7},{"not_picked":["Underhanded Strike","Expertise"],"picked":"Crippling Poison","floor":7},{"not_picked":["Flechettes","Infinite Blades"],"picked":"Leg Sweep","floor":11},{"not_picked":["Underhanded Strike","Poisoned Stab"],"picked":"Venomology","floor":12},{"not_picked":["Terror","Caltrops","Cloak And Dagger"],"picked":"SKIP","floor":14},{"not_picked":["Envenom+1","Storm of Steel"],"picked":"Bullet Time","floor":16},{"not_picked":["Sucker Punch","Dodge and Roll"],"picked":"Noxious Fumes+1","floor":18},{"not_picked":["Deadly Poison","Dagger Spray"],"picked":"PiercingWail","floor":21},{"not_picked":["Dagger Throw","Infinite Blades+1"],"picked":"Tactician","floor":24},{"not_picked":["All Out Attack","Underhanded Strike"],"picked":"Tactician+1","floor":25},{"not_picked":["Tactician","Blade Dance","Dagger Throw"],"picked":"Well Laid Plans+1","floor":28},{"not_picked":["Blade Dance","Slice","Dagger Throw"],"picked":"Catalyst","floor":31},{"not_picked":["Phantasmal Killer","Night Terror","Adrenaline"],"picked":"Tools of the Trade+1","floor":33},{"not_picked":["Cloak And Dagger","Predator","PiercingWail"],"picked":"Expertise+1","floor":35},{"not_picked":["The Bomb","HandOfGreed","Flash of Steel"],"picked":"Purity","floor":36},{"not_picked":["Bandage Up","Enlightenment","PanicButton"],"picked":"Purity","floor":36},{"not_picked":["Underhanded Strike","Quick Slash","Blur"],"picked":"Catalyst+1","floor":40},{"not_picked":["Prepared+1","Outmaneuver+1","Dodge and Roll+1"],"picked":"Acrobatics+1","floor":46},{"not_picked":["Dagger Throw","Flying Knee","PiercingWail+1"],"picked":"Backflip+1","floor":48},{"not_picked":["Terror+1","Choke+1","Crippling Poison+1"],"picked":"Tools of the Trade+1","floor":55}],"player_experience":1270939,"relics_obtained":[{"floor":7,"key":"Bottled Lightning"},{"floor":9,"key":"Paper Crane"},{"floor":14,"key":"Frozen Egg 2"},{"floor":26,"key":"Question Card"},{"floor":40,"key":"Toxic Egg 2"},{"floor":55,"key":"Shuriken"}],"event_choices":[{"cards_removed":["Strike_G"],"damage_healed":0,"gold_gain":0,"player_choice":"Card Removal","damage_taken":0,"max_hp_gain":0,"max_hp_loss":0,"event_name":"The Cleric","floor":3,"gold_loss":75},{"damage_healed":0,"gold_gain":0,"player_choice":"Donut","damage_taken":0,"max_hp_gain":5,"max_hp_loss":0,"event_name":"Big Fish","floor":4,"gold_loss":0},{"damage_healed":0,"gold_gain":0,"player_choice":"Searched \u00271\u0027 times","damage_taken":0,"relics_obtained":["Pantograph"],"max_hp_gain":0,"max_hp_loss":0,"event_name":"Dead Adventurer","floor":10,"gold_loss":0},{"damage_healed":0,"gold_gain":0,"cards_transformed":["Strike_G","Strike_G"],"player_choice":"Became Test Subject","damage_taken":0,"max_hp_gain":0,"max_hp_loss":0,"event_name":"Drug Dealer","floor":19,"gold_loss":0,"cards_obtained":["Terror","Poisoned Stab"]},{"damage_healed":0,"gold_gain":0,"player_choice":"Ignored","damage_taken":0,"max_hp_gain":0,"max_hp_loss":0,"event_name":"Vampires","floor":20,"gold_loss":0},{"damage_healed":0,"gold_gain":0,"player_choice":"Read","damage_taken":0,"max_hp_gain":0,"max_hp_loss":0,"event_name":"The Library","floor":30,"gold_loss":0,"cards_obtained":["Reflex"]},{"damage_healed":0,"gold_gain":0,"player_choice":"Memory 3","damage_taken":10,"max_hp_gain":0,"max_hp_loss":0,"event_name":"SensoryStone","floor":36,"gold_loss":0},{"cards_removed":["Strike_G"],"damage_healed":0,"gold_gain":0,"player_choice":"Removed Attack","damage_taken":0,"max_hp_gain":0,"max_hp_loss":0,"event_name":"Falling","floor":38,"gold_loss":0},{"damage_healed":0,"gold_gain":0,"player_choice":"Max HP","damage_taken":0,"max_hp_gain":0,"max_hp_loss":4,"event_name":"Winding Halls","floor":39,"gold_loss":0},{"damage_healed":0,"gold_gain":0,"player_choice":"Ignored","damage_taken":0,"max_hp_gain":0,"max_hp_loss":0,"event_name":"SecretPortal","floor":45,"gold_loss":0}],"is_beta":false,"boss_relics":[{"not_picked":["Black Star","Sozu"],"picked":"Philosopher\u0027s Stone"},{"not_picked":["Lizard Tail","Busted Crown"],"picked":"Runic Pyramid"}],"items_purged_floors":[37],"is_endless":false,"potions_floor_spawned":[5,12,14,25,31,33,40],"killed_by":"The Heart","ascension_level":20}