{"gold_per_floor":[113,83,99,24,34,34,64,89,113,143,143,162,162,87,87,164,164,184,184,211,225,235,260,260,292,292,292,317,317,88,123,123,200,200,211,223,223,236,249,284,300,326,326,326,426,426,479,491,491,491,491,491,491,4,33,33],"floor_reached":56,"playtime":2300,"items_purged":["Strike_R","Strike_R"],"score":2192,"play_id":"25c54891-1171-4c43-b63f-fb04d5a0c547","local_time":"20190718161720","is_ascension_mode":true,"campfire_choices":[{"data":"Cleave","floor":6.0,"key":"SMITH"},{"data":"Juggernaut","floor":11.0,"key":"SMITH"},{"data":"True Grit","floor":13.0,"key":"SMITH"},{"data":"Feel No Pain","floor":15.0,"key":"SMITH"},{"data":"Armaments","floor":24.0,"key":"SMITH"},{"data":"Demon Form","floor":27.0,"key":"SMITH"},{"data":"Whirlwind","floor":29.0,"key":"SMITH"},{"data":"Bludgeon","floor":32.0,"key":"SMITH"},{"data":"Demon Form","floor":46.0,"key":"SMITH"},{"floor":49.0,"key":"RECALL"},{"data":"Limit Break","floor":53.0,"key":"SMITH"}],"neow_cost":"NONE","seed_source_timestamp":482448696774900,"circlet_count":0,"master_deck":["AscendersBane","Defend_R","Defend_R+1","Defend_R","Defend_R","Bash+1","Cleave+1","Feel No Pain+1","Power Through","True Grit+1","Juggernaut+1","Bludgeon+1","Armaments+1","Corruption","Shrug It Off+1","Demon Form+1","Whirlwind+1","Metallicize+1","Demon Form+1","Fiend Fire","Limit Break+1","Second Wind","Sword Boomerang+1","Enlightenment+1","Flame Barrier+1","Evolve+1","Demon Form+1","Armaments+1","Shrug It Off+1","Entrench","Armaments"],"special_seed":0,"relics":["Velvet Choker","Orichalcum","Odd Mushroom","Bronze Scales","Champion Belt","Snecko Eye","Pen Nib","Ancient Tea Set","Thread and Needle","Red Mask","DollysMirror","Ginger","Empty Cage","Lantern","Regal Pillow","Vajra","Magic Flower","Turnip","War Paint","Frozen Eye","Whetstone"],"potions_floor_usage":[56,56],"damage_taken":[{"damage":4.0,"enemies":"Jaw Worm","floor":1.0,"turns":3.0},{"damage":0.0,"enemies":"Cultist","floor":3.0,"turns":3.0},{"damage":3.0,"enemies":"2 Louse","floor":5.0,"turns":3.0},{"damage":6.0,"enemies":"3 Sentries","floor":7.0,"turns":11.0},{"damage":0.0,"enemies":"The Mushroom Lair","floor":8.0,"turns":4.0},{"damage":37.0,"enemies":"Lagavulin","floor":10.0,"turns":9.0},{"damage":0.0,"enemies":"2 Fungi Beasts","floor":12.0,"turns":2.0},{"damage":8.0,"enemies":"Slime Boss","floor":16.0,"turns":7.0},{"damage":6.0,"enemies":"3 Byrds","floor":18.0,"turns":2.0},{"damage":0.0,"enemies":"Chosen","floor":21.0,"turns":3.0},{"damage":0.0,"enemies":"Snake Plant","floor":22.0,"turns":3.0},{"damage":4.0,"enemies":"Book of Stabbing","floor":23.0,"turns":3.0},{"damage":18.0,"enemies":"Gremlin Leader","floor":25.0,"turns":4.0},{"damage":0.0,"enemies":"Masked Bandits","floor":28.0,"turns":2.0},{"damage":3.0,"enemies":"Slavers","floor":31.0,"turns":3.0},{"damage":0.0,"enemies":"Automaton","floor":33.0,"turns":5.0},{"damage":0.0,"enemies":"3 Darklings","floor":35.0,"turns":3.0},{"damage":1.0,"enemies":"Orb Walker","floor":36.0,"turns":3.0},{"damage":0.0,"enemies":"Jaw Worm Horde","floor":38.0,"turns":2.0},{"damage":0.0,"enemies":"Maw","floor":39.0,"turns":5.0},{"damage":15.0,"enemies":"Giant Head","floor":40.0,"turns":6.0},{"damage":40.0,"enemies":"Writhing Mass","floor":41.0,"turns":6.0},{"damage":0.0,"enemies":"Nemesis","floor":42.0,"turns":5.0},{"damage":0.0,"enemies":"Mind Bloom Boss Battle","floor":45.0,"turns":6.0},{"damage":4.0,"enemies":"2 Orb Walkers","floor":47.0,"turns":4.0},{"damage":2.0,"enemies":"Spire Growth","floor":48.0,"turns":4.0},{"damage":1.0,"enemies":"Awakened One","floor":50.0,"turns":6.0},{"damage":0.0,"enemies":"Time Eater","floor":51.0,"turns":7.0},{"damage":53.0,"enemies":"Shield and Spear","floor":55.0,"turns":6.0},{"damage":6,"enemies":"The Heart","floor":56,"turns":3}],"seed_played":"2469157524973978596","potions_obtained":[{"floor":1.0,"key":"FairyPotion"},{"floor":2.0,"key":"Block Potion"},{"floor":2.0,"key":"Swift Potion"},{"floor":5.0,"key":"Dexterity Potion"},{"floor":16.0,"key":"Poison Potion"},{"floor":21.0,"key":"BloodPotion"},{"floor":36.0,"key":"Regen Potion"},{"floor":40.0,"key":"LiquidBronze"},{"floor":45.0,"key":"LiquidBronze"}],"is_trial":false,"path_per_floor":["M","?","M","?","M","R","E","?","T","E","R","M","R","$","R","B",null,"M","?","T","M","M","E","R","E","T","R","?","R","$","E","R","B",null,"M","M","?","M","M","E","M","E","T","?","?","R","?","M","R","B","B",null,"R","$","E","B"],"character_chosen":"IRONCLAD","items_purchased":["DollysMirror","War Paint","Frozen Eye"],"campfire_rested":0,"item_purchase_floors":[30,54,54],"current_hp_per_floor":[64,64,64,64,61,61,55,55,55,18,18,18,18,18,18,10,59,53,53,53,53,53,49,49,31,31,31,31,31,31,46,46,46,68,68,67,57,57,57,56,16,16,16,61,61,61,57,55,55,54,54,59,59,59,6,0],"gold":33,"neow_bonus":"BOSS_RELIC","is_prod":false,"is_daily":false,"chose_seed":false,"campfire_upgraded":10,"win_rate":0,"timestamp":1563434240,"path_taken":["M","?","?","?","M","R","E","?","T","E","R","M","R","?","R","BOSS","M","?","?","M","?","E","R","E","T","R","?","R","$","E","R","BOSS","M","M","?","M","M","E","M","E","T","?","?","R","?","M","R","BOSS","BOSS","R","$","E","BOSS"],"build_version":"2019-07-17","purchased_purges":2,"victory":false,"max_hp_per_floor":[75,75,75,75,75,75,75,75,75,75,75,75,75,75,75,75,75,75,75,75,75,75,75,75,75,75,75,75,75,75,75,75,75,75,75,75,75,75,75,75,75,75,75,61,61,61,61,61,61,61,61,61,61,61,61,61],"card_choices":[{"not_picked":["Corruption","Second Wind"],"picked":"Cleave","floor":1.0},{"not_picked":["Clash","Armaments"],"picked":"Feel No Pain","floor":3.0},{"not_picked":["Perfected Strike","Iron Wave"],"picked":"Power Through","floor":5.0},{"not_picked":["Fire Breathing","Flex","Bloodletting"],"picked":"SKIP","floor":7.0},{"not_picked":["Headbutt","Warcry"],"picked":"True Grit","floor":8.0},{"not_picked":["Armaments","Clash"],"picked":"Juggernaut","floor":10.0},{"not_picked":["Sword Boomerang","Anger","Clothesline"],"picked":"SKIP","floor":12.0},{"not_picked":["Berserk","Dark Embrace"],"picked":"Bludgeon","floor":16.0},{"not_picked":["Blood for Blood","Spot Weakness"],"picked":"Armaments","floor":18.0},{"not_picked":["Sword Boomerang","Rampage","Iron Wave"],"picked":"SKIP","floor":21.0},{"not_picked":["Iron Wave","Thunderclap"],"picked":"Shrug It Off+1","floor":22.0},{"not_picked":["Anger","Dual Wield"],"picked":"Demon Form","floor":23.0},{"not_picked":["Burning Pact","Reckless Charge"],"picked":"Whirlwind","floor":25.0},{"not_picked":["Havoc","Blood for Blood"],"picked":"Metallicize+1","floor":28.0},{"not_picked":["Reckless Charge","Headbutt"],"picked":"Fiend Fire","floor":31.0},{"not_picked":["Feed","Demon Form"],"picked":"Limit Break","floor":33.0},{"not_picked":["Thunderclap","Iron Wave"],"picked":"Second Wind","floor":35.0},{"not_picked":["Wild Strike","Flex"],"picked":"Sword Boomerang","floor":36.0},{"not_picked":["Panacea","Forethought"],"picked":"Enlightenment","floor":37.0},{"not_picked":["Anger","Iron Wave"],"picked":"Flame Barrier+1","floor":38.0},{"not_picked":["True Grit","Warcry+1","Inflame"],"picked":"SKIP","floor":39.0},{"not_picked":["Intimidate","Clothesline"],"picked":"Evolve+1","floor":40.0},{"not_picked":["Infernal Blade+1","Searing Blow"],"picked":"Demon Form","floor":41.0},{"not_picked":["Flex","Iron Wave"],"picked":"Armaments+1","floor":42.0},{"not_picked":["Iron Wave+1","Body Slam"],"picked":"Shrug It Off+1","floor":47.0},{"not_picked":["Clothesline","True Grit"],"picked":"Entrench","floor":48.0},{"not_picked":["Bludgeon","Twin Strike"],"picked":"Armaments","floor":55.0}],"player_experience":1081784,"relics_obtained":[{"floor":7.0,"key":"Orichalcum"},{"floor":8.0,"key":"Odd Mushroom"},{"floor":9.0,"key":"Bronze Scales"},{"floor":10.0,"key":"Champion Belt"},{"floor":20.0,"key":"Pen Nib"},{"floor":23.0,"key":"Ancient Tea Set"},{"floor":25.0,"key":"Thread and Needle"},{"floor":28.0,"key":"Red Mask"},{"floor":31.0,"key":"Ginger"},{"floor":40.0,"key":"Lantern"},{"floor":42.0,"key":"Regal Pillow"},{"floor":43.0,"key":"Vajra"},{"floor":45.0,"key":"Magic Flower"},{"floor":47.0,"key":"Turnip"},{"floor":55.0,"key":"Whetstone"}],"event_choices":[{"damage_healed":0.0,"max_hp_gain":0.0,"max_hp_loss":0.0,"gold_gain":0.0,"event_name":"The Woman in Blue","player_choice":"Bought 2 Potions","floor":2.0,"gold_loss":0.0,"damage_taken":0.0},{"cards_removed":["Strike_R"],"damage_healed":0.0,"max_hp_gain":0.0,"max_hp_loss":0.0,"gold_gain":0.0,"event_name":"The Cleric","player_choice":"Card Removal","floor":4.0,"gold_loss":75.0,"damage_taken":0.0},{"damage_healed":0.0,"max_hp_gain":0.0,"max_hp_loss":0.0,"gold_gain":0.0,"event_name":"Mushrooms","player_choice":"Fought Mushrooms","floor":8.0,"gold_loss":0.0,"damage_taken":0.0},{"damage_healed":0.0,"max_hp_gain":0.0,"max_hp_loss":0.0,"gold_gain":0.0,"event_name":"The Library","player_choice":"Read","floor":19.0,"gold_loss":0.0,"damage_taken":0.0,"cards_obtained":["Corruption"]},{"damage_healed":0.0,"max_hp_gain":0.0,"max_hp_loss":0.0,"gold_gain":0.0,"event_name":"Masked Bandits","player_choice":"Fought Bandits","floor":28.0,"gold_loss":0.0,"damage_taken":0.0},{"damage_healed":0.0,"max_hp_gain":0.0,"max_hp_loss":0.0,"gold_gain":0.0,"event_name":"SensoryStone","player_choice":"Memory 3","floor":37.0,"gold_loss":0.0,"damage_taken":10.0},{"damage_healed":61.0,"max_hp_gain":0.0,"max_hp_loss":14.0,"gold_gain":0.0,"event_name":"The Moai Head","player_choice":"Heal","floor":44.0,"gold_loss":0.0,"damage_taken":0.0},{"damage_healed":0.0,"max_hp_gain":0.0,"max_hp_loss":0.0,"gold_gain":0.0,"event_name":"MindBloom","player_choice":"Fight","floor":45.0,"gold_loss":0.0,"damage_taken":0.0},{"damage_healed":0.0,"max_hp_gain":0.0,"max_hp_loss":0.0,"gold_gain":0.0,"event_name":"Mysterious Sphere","player_choice":"Fight","floor":47.0,"gold_loss":0.0,"damage_taken":0.0}],"is_beta":false,"boss_relics":[{"not_picked":["Calling Bell","Ectoplasm"],"picked":"Snecko Eye"},{"not_picked":["White Beast Statue","Coffee Dripper"],"picked":"Empty Cage"}],"items_purged_floors":[14,54],"is_endless":false,"potions_floor_spawned":[1,5,8,16,21,22,25,28,36,40,41,45,48],"killed_by":"The Heart","ascension_level":20}