{"gold_per_floor":[113,127,127,140,100,100,100,100,100,126,126,126,126,156,156,233,233,246,246,74,74],"floor_reached":21,"playtime":636,"items_purged":["Strike_R"],"score":366,"play_id":"196d0b0f-6f73-4c5b-9f92-7863662bbf25","local_time":"20190723165404","is_ascension_mode":true,"campfire_choices":[{"data":"Juggernaut","floor":6,"key":"SMITH"},{"data":"Bash","floor":8,"key":"SMITH"},{"data":"True Grit","floor":11,"key":"SMITH"},{"data":"Body Slam","floor":15,"key":"SMITH"}],"neow_cost":"NONE","seed_source_timestamp":350670780681800,"circlet_count":0,"master_deck":["AscendersBane","Strike_R","Defend_R","Defend_R","Defend_R","Defend_R","Bash+1","Juggernaut+1","Second Wind","Disarm","True Grit+1","Body Slam+1","Juggernaut","Shockwave","Bloodletting","Carnage","Shrug It Off","Entrench"],"relics":["Burning Blood","Gremlin Horn","Kunai","Odd Mushroom","Sozu"],"potions_floor_usage":[12,14],"damage_taken":[{"damage":10,"enemies":"Small Slimes","floor":1,"turns":4},{"damage":13,"enemies":"2 Louse","floor":2,"turns":4},{"damage":9,"enemies":"Jaw Worm","floor":4,"turns":4},{"damage":6,"enemies":"Looter","floor":5,"turns":4},{"damage":29,"enemies":"Lagavulin","floor":10,"turns":10},{"damage":0,"enemies":"Gremlin Nob","floor":12,"turns":2},{"damage":27,"enemies":"The Mushroom Lair","floor":14,"turns":5},{"damage":29,"enemies":"The Guardian","floor":16,"turns":13},{"damage":39,"enemies":"Spheric Guardian","floor":18,"turns":6},{"damage":19,"enemies":"Chosen","floor":21,"turns":4}],"seed_played":"-1804462387120876175","potions_obtained":[{"floor":4,"key":"SmokeBomb"},{"floor":10,"key":"Block Potion"},{"floor":16,"key":"EssenceOfSteel"}],"is_trial":false,"path_per_floor":["M","M","?","M","M","R","?","R","T","E","R","E","?","?","R","B",null,"M","?","$","M"],"character_chosen":"IRONCLAD","items_purchased":["Shrug It Off","Entrench"],"campfire_rested":0,"item_purchase_floors":[20,20],"current_hp_per_floor":[64,57,50,47,47,47,47,47,47,24,24,30,55,34,34,11,59,26,26,26,7],"gold":74,"neow_bonus":"ONE_RANDOM_RARE_CARD","is_prod":false,"is_daily":false,"chose_seed":false,"campfire_upgraded":4,"win_rate":0,"timestamp":1563868444,"path_taken":["M","M","?","M","M","R","?","R","T","E","R","E","?","?","R","BOSS","M","?","$","M"],"build_version":"2019-07-17","purchased_purges":1,"victory":false,"max_hp_per_floor":[75,75,75,75,75,75,75,75,75,75,75,75,75,75,75,75,75,75,75,75,75],"card_choices":[{"not_picked":["Flex","Cleave"],"picked":"Second Wind","floor":1},{"not_picked":["Warcry","Bloodletting"],"picked":"Disarm","floor":2},{"not_picked":["Burning Pact","Heavy Blade"],"picked":"True Grit","floor":4},{"not_picked":["Entrench","Heavy Blade","Clash"],"picked":"SKIP","floor":5},{"not_picked":["Iron Wave","True Grit","Twin Strike"],"picked":"SKIP","floor":10},{"not_picked":["Flex","Corruption"],"picked":"Body Slam","floor":14},{"not_picked":["Limit Break","Double Tap"],"picked":"Juggernaut","floor":16},{"not_picked":["Body Slam","Second Wind"],"picked":"Shockwave","floor":18}],"player_experience":1143699,"relics_obtained":[{"floor":9,"key":"Gremlin Horn"},{"floor":10,"key":"Kunai"},{"floor":14,"key":"Odd Mushroom"}],"event_choices":[{"cards_removed":["Strike_R"],"damage_healed":0,"gold_gain":0,"player_choice":"Card Removal","damage_taken":7,"max_hp_gain":0,"max_hp_loss":0,"event_name":"Golden Wing","floor":3,"gold_loss":0},{"damage_healed":0,"gold_gain":0,"player_choice":"Ignored","damage_taken":0,"max_hp_gain":0,"max_hp_loss":0,"event_name":"Liars Game","floor":7,"gold_loss":0},{"damage_healed":25,"gold_gain":0,"player_choice":"Banana","damage_taken":0,"max_hp_gain":0,"max_hp_loss":0,"event_name":"Big Fish","floor":13,"gold_loss":0},{"damage_healed":0,"gold_gain":0,"player_choice":"Fought Mushrooms","damage_taken":0,"max_hp_gain":0,"max_hp_loss":0,"event_name":"Mushrooms","floor":14,"gold_loss":0},{"damage_healed":0,"gold_gain":0,"cards_transformed":["Strike_R","Strike_R"],"player_choice":"Became Test Subject","damage_taken":0,"max_hp_gain":0,"max_hp_loss":0,"event_name":"Drug Dealer","floor":19,"gold_loss":0,"cards_obtained":["Bloodletting","Carnage"]}],"is_beta":false,"boss_relics":[{"not_picked":["Black Blood","White Beast Statue"],"picked":"Sozu"}],"items_purged_floors":[20],"is_endless":false,"potions_floor_spawned":[4,10,12,16,18],"killed_by":"Chosen","ascension_level":20}