{"gold_per_floor":[11,31,48,4,18,44,44,60,60,60,95,112,138,138,138,217,217,234,234,244,259,96,123,123,149,149,168,182,182,201,228,228,301,301,316,316,361,361,67,97,0,0,26,26,26,26,26,44,44,44],"floor_reached":50,"playtime":7377,"items_purged":[],"score":1256,"play_id":"97fea67a-9d41-4729-b42e-372857101049","local_time":"20190515001125","is_ascension_mode":true,"campfire_choices":[{"data":"Apotheosis","floor":7,"key":"SMITH"},{"data":"Backstab","floor":10,"key":"SMITH"},{"data":"Noxious Fumes","floor":15,"key":"SMITH"},{"data":"Footwork","floor":24,"key":"SMITH"},{"data":"Well Laid Plans","floor":32,"key":"SMITH"},{"floor":46,"key":"REST"},{"data":"Malaise","floor":49,"key":"SMITH"}],"neow_cost":"NO_GOLD","seed_source_timestamp":214119814264264,"circlet_count":0,"master_deck":["AscendersBane","Survivor","Bandage Up","Apotheosis+1","Sucker Punch","Escape Plan","Distraction","Well Laid Plans+1","Sucker Punch","Endless Agony","Backstab+1","Cloak And Dagger","Noxious Fumes+1","Cloak And Dagger","A Thousand Cuts","Burst","Venomology+1","Backflip","Footwork+1","Storm of Steel","Burst","Underhanded Strike","Distraction","Deadly Poison","Burst","Acrobatics","Crippling Poison+1","Acrobatics","Cloak And Dagger+1","Writhe","Backflip","Malaise+1","Mayhem+1"],"relics":["Ring of the Snake","Turnip","Du-Vu Doll","Matryoshka","FossilizedHelix","Pandora\u0027s Box","Bag of Marbles","Orichalcum","Meat on the Bone","Frozen Egg 2","The Specimen","HoveringKite","WingedGreaves","Bottled Lightning","Snake Skull","Red Mask","Regal Pillow","Happy Flower"],"potions_floor_usage":[6,11,12,20,20,23,23,25,25,27,28,30,31,31,33,33,37,40,48,48,50],"damage_taken":[{"damage":6,"enemies":"Jaw Worm","floor":1,"turns":3},{"damage":0,"enemies":"2 Louse","floor":2,"turns":4},{"damage":2,"enemies":"Cultist","floor":3,"turns":4},{"damage":15,"enemies":"Lots of Slimes","floor":5,"turns":8},{"damage":23,"enemies":"3 Sentries","floor":6,"turns":11},{"damage":0,"enemies":"2 Fungi Beasts","floor":8,"turns":4},{"damage":2,"enemies":"Gremlin Nob","floor":11,"turns":3},{"damage":2,"enemies":"3 Louse","floor":12,"turns":6},{"damage":0,"enemies":"Lagavulin","floor":13,"turns":7},{"damage":14,"enemies":"Hexaghost","floor":16,"turns":8},{"damage":0,"enemies":"Spheric Guardian","floor":18,"turns":4},{"damage":0,"enemies":"Shell Parasite","floor":20,"turns":5},{"damage":0,"enemies":"Sentry and Sphere","floor":21,"turns":3},{"damage":14,"enemies":"Book of Stabbing","floor":23,"turns":5},{"damage":0,"enemies":"Gremlin Leader","floor":25,"turns":4},{"damage":0,"enemies":"3 Cultists","floor":27,"turns":3},{"damage":12,"enemies":"Snake Plant","floor":28,"turns":7},{"damage":7,"enemies":"Centurion and Healer","floor":30,"turns":4},{"damage":7,"enemies":"Slavers","floor":31,"turns":5},{"damage":0,"enemies":"Collector","floor":33,"turns":6},{"damage":0,"enemies":"Orb Walker","floor":35,"turns":3},{"damage":42,"enemies":"2 Orb Walkers","floor":37,"turns":5},{"damage":0,"enemies":"Reptomancer","floor":40,"turns":5},{"damage":11,"enemies":"3 Darklings","floor":48,"turns":7},{"damage":60,"enemies":"Time Eater","floor":50,"turns":12}],"seed_played":"7781128830355643570","potions_obtained":[{"floor":3,"key":"Poison Potion"},{"floor":6,"key":"Regen Potion"},{"floor":8,"key":"Fire Potion"},{"floor":11,"key":"Swift Potion"},{"floor":13,"key":"Energy Potion"},{"floor":18,"key":"SteroidPotion"},{"floor":25,"key":"Ancient Potion"},{"floor":31,"key":"Poison Potion"},{"floor":33,"key":"PowerPotion"}],"is_trial":false,"path_per_floor":["M","M","M","$","M","E","R","M","T","R","E","M","E","?","R","B",null,"M","?","M","M","$","E","R","E","T","M","M","?","M","E","R","B",null,"M","?","?","$","$","E","?","$","T","$","?","R","?","M","R","B"],"character_chosen":"THE_SILENT","items_purchased":["Well Laid Plans","Bag of Marbles","Bottled Lightning","Backflip"],"campfire_rested":1,"item_purchase_floors":[4,22,39,39],"current_hp_per_floor":[59,63,64,64,55,36,36,42,42,42,46,50,50,50,50,42,60,60,60,66,66,66,64,64,66,66,66,66,66,66,63,63,63,65,65,66,40,40,40,52,52,52,52,52,42,66,66,66,66,6],"gold":44,"neow_bonus":"RANDOM_COLORLESS_2","is_prod":false,"is_daily":false,"chose_seed":false,"campfire_upgraded":6,"win_rate":0,"timestamp":1557871885,"path_taken":["M","M","M","$","M","E","R","M","T","R","E","M","E","?","R","BOSS","M","?","M","M","?","E","R","E","T","?","M","?","M","E","R","BOSS","M","?","?","$","$","E","?","?","T","?","?","R","?","M","R","BOSS"],"build_version":"2019-01-23","purchased_purges":0,"victory":false,"max_hp_per_floor":[66,66,66,66,66,66,66,66,66,66,66,66,66,66,66,66,66,66,66,66,66,66,66,66,66,66,66,66,66,66,66,66,66,66,66,66,66,66,66,66,66,66,66,66,66,66,66,66,66,66],"card_choices":[{"not_picked":["Prepared","Noxious Fumes"],"picked":"Sucker Punch","floor":1},{"not_picked":["Sucker Punch","Poisoned Stab"],"picked":"Escape Plan","floor":2},{"not_picked":["Poisoned Stab","Underhanded Strike"],"picked":"Distraction","floor":3},{"not_picked":["Cloak And Dagger","Quick Slash"],"picked":"Sucker Punch","floor":5},{"not_picked":["Acrobatics","Backflip"],"picked":"Endless Agony","floor":6},{"not_picked":["Prepared","Cloak And Dagger"],"picked":"Backstab","floor":8},{"not_picked":["Finisher","Glass Knife"],"picked":"Cloak And Dagger","floor":11},{"not_picked":["Infinite Blades","Cloak And Dagger"],"picked":"Noxious Fumes","floor":12},{"not_picked":["Masterful Stab","Dagger Spray"],"picked":"Cloak And Dagger","floor":13},{"not_picked":["Grand Finale","Corpse Explosion"],"picked":"Burst","floor":16},{"not_picked":["Sucker Punch","Blade Dance"],"picked":"Acrobatics","floor":21},{"not_picked":["Eviscerate","All Out Attack","Sucker Punch"],"picked":"SKIP","floor":23},{"not_picked":["Heel Hook","Quick Slash"],"picked":"Crippling Poison+1","floor":27},{"not_picked":["Distraction+1","Cloak And Dagger"],"picked":"Acrobatics","floor":28},{"not_picked":["Backflip","Slice"],"picked":"Cloak And Dagger+1","floor":30},{"not_picked":["Underhanded Strike+1","Outmaneuver","Deadly Poison+1"],"picked":"SKIP","floor":35},{"not_picked":["Predator+1","Eviscerate"],"picked":"Malaise","floor":40},{"not_picked":["Metamorphosis","Dramatic Entrance"],"picked":"Mayhem+1","floor":45}],"player_experience":882080,"relics_obtained":[{"floor":6,"key":"Turnip"},{"floor":9,"key":"Du-Vu Doll"},{"floor":11,"key":"Matryoshka"},{"floor":13,"key":"FossilizedHelix"},{"floor":23,"key":"Orichalcum"},{"floor":25,"key":"Meat on the Bone"},{"floor":26,"key":"Frozen Egg 2"},{"floor":26,"key":"The Specimen"},{"floor":37,"key":"WingedGreaves"},{"floor":40,"key":"Snake Skull"},{"floor":43,"key":"Regal Pillow"},{"floor":43,"key":"Happy Flower"}],"event_choices":[{"damage_healed":0,"gold_gain":0,"cards_transformed":["Strike_G"],"player_choice":"Change","damage_taken":0,"max_hp_gain":0,"max_hp_loss":0,"event_name":"Living Wall","floor":14,"gold_loss":0,"cards_obtained":["A Thousand Cuts"]},{"damage_healed":0,"gold_gain":0,"player_choice":"Upgraded","damage_taken":0,"max_hp_gain":0,"max_hp_loss":0,"event_name":"Upgrade Shrine","floor":19,"gold_loss":0,"cards_upgraded":["Venomology"]},{"damage_healed":0,"gold_gain":0,"player_choice":"Ignored","damage_taken":0,"max_hp_gain":0,"max_hp_loss":0,"event_name":"Beggar","floor":29,"gold_loss":0},{"damage_healed":13,"gold_gain":0,"player_choice":"Writhe","damage_taken":0,"max_hp_gain":0,"max_hp_loss":0,"event_name":"Winding Halls","floor":36,"gold_loss":0,"cards_obtained":["Writhe"]},{"damage_healed":0,"gold_gain":0,"player_choice":"Fight","damage_taken":0,"max_hp_gain":0,"max_hp_loss":0,"event_name":"Mysterious Sphere","floor":37,"gold_loss":0},{"damage_healed":0,"gold_gain":0,"player_choice":"Paid","damage_taken":0,"relics_obtained":["Red Mask"],"max_hp_gain":0,"max_hp_loss":0,"event_name":"Tomb of Lord Red Mask","floor":41,"gold_loss":97},{"damage_healed":0,"gold_gain":0,"player_choice":"Memory 3","damage_taken":10,"max_hp_gain":0,"max_hp_loss":0,"event_name":"SensoryStone","floor":45,"gold_loss":0},{"cards_removed":["Neutralize"],"damage_healed":0,"gold_gain":0,"player_choice":"Removed Attack","damage_taken":0,"max_hp_gain":0,"max_hp_loss":0,"event_name":"Falling","floor":47,"gold_loss":0}],"is_beta":false,"boss_relics":[{"not_picked":["Calling Bell","Ectoplasm"],"picked":"Pandora\u0027s Box"},{"not_picked":["Tiny House","Orrery"],"picked":"HoveringKite"}],"items_purged_floors":[],"is_endless":false,"potions_floor_spawned":[3,6,8,11,13,18,20,25,30,31,33],"killed_by":"Time Eater","ascension_level":16}