{"gold_per_floor":[118,23,23,23,39,39,69,69,69,97,107,126,140,8,8,79,79,93,108,14,14,14,14,14,14,38,71,88,107,107,125,125,198,198,209,1208,1226,572,584,610,633,633,633,633,650,650,155,166,166,166,166,166,166,29,58,58],"floor_reached":57,"playtime":2771,"items_purged":["Strike_R","Normality","Strike_R"],"score":2820,"play_id":"6c934ef0-b38d-48bb-9d2b-8da7a15b9f79","local_time":"20190615182722","is_ascension_mode":true,"campfire_choices":[{"data":"Whirlwind","floor":6.0,"key":"SMITH"},{"floor":8.0,"key":"REST"},{"data":"Armaments","floor":15.0,"key":"SMITH"},{"data":"Discovery","floor":23.0,"key":"SMITH"},{"data":"Demon Form","floor":30.0,"key":"SMITH"},{"data":"Uppercut","floor":32.0,"key":"SMITH"},{"data":"Corruption","floor":42.0,"key":"SMITH"},{"floor":46.0,"key":"RECALL"},{"data":"1","floor":49.0,"key":"LIFT"},{"data":"2","floor":53.0,"key":"LIFT"}],"neow_cost":"PERCENT_DAMAGE","seed_source_timestamp":98019430162200,"circlet_count":0,"master_deck":["AscendersBane","Defend_R","Defend_R","Defend_R","Defend_R","Bash+1","Battle Trance","Whirlwind+1","Discovery+1","Uppercut+1","Shrug It Off","Armaments+1","Disarm","Shrug It Off+1","Body Slam+1","Dark Embrace","Entrench+1","Finesse","Demon Form+1","True Grit","Flame Barrier","Exhume","Normality","Sentinel","Corruption+1","Second Wind","Secret Technique","Seeing Red","Apotheosis","Offering","Feel No Pain","Dual Wield"],"special_seed":0,"relics":["Burning Blood","Letter Opener","Blue Candle","Strawberry","Coffee Dripper","Nilry\u0027s Codex","PreservedInsect","War Paint","Lantern","Runic Pyramid","Whetstone","Ice Cream","Girya","Singing Bowl","Gremlin Horn"],"potions_floor_usage":[56,56],"damage_taken":[{"damage":3.0,"enemies":"2 Louse","floor":1.0,"turns":3.0},{"damage":12.0,"enemies":"Cultist","floor":5.0,"turns":5.0},{"damage":25.0,"enemies":"3 Sentries","floor":7.0,"turns":4.0},{"damage":22.0,"enemies":"Lagavulin","floor":10.0,"turns":5.0},{"damage":4.0,"enemies":"Jaw Worm","floor":11.0,"turns":4.0},{"damage":0.0,"enemies":"Exordium Wildlife","floor":12.0,"turns":2.0},{"damage":0.0,"enemies":"Blue Slaver","floor":13.0,"turns":4.0},{"damage":9.0,"enemies":"The Guardian","floor":16.0,"turns":10.0},{"damage":16.0,"enemies":"Spheric Guardian","floor":18.0,"turns":4.0},{"damage":9.0,"enemies":"Chosen","floor":19.0,"turns":5.0},{"damage":32.0,"enemies":"Slavers","floor":27.0,"turns":3.0},{"damage":0.0,"enemies":"Snecko","floor":28.0,"turns":4.0},{"damage":14.0,"enemies":"Cultist and Chosen","floor":29.0,"turns":8.0},{"damage":8.0,"enemies":"Centurion and Healer","floor":31.0,"turns":8.0},{"damage":0.0,"enemies":"Automaton","floor":33.0,"turns":9.0},{"damage":14.0,"enemies":"3 Darklings","floor":35.0,"turns":6.0},{"damage":30.0,"enemies":"Orb Walker","floor":37.0,"turns":6.0},{"damage":15.0,"enemies":"3 Darklings","floor":39.0,"turns":3.0},{"damage":6.0,"enemies":"Giant Head","floor":40.0,"turns":5.0},{"damage":0.0,"enemies":"4 Shapes","floor":45.0,"turns":2.0},{"damage":0.0,"enemies":"Jaw Worm Horde","floor":48.0,"turns":2.0},{"damage":14.0,"enemies":"Awakened One","floor":50.0,"turns":7.0},{"damage":7.0,"enemies":"Time Eater","floor":51.0,"turns":7.0},{"damage":9.0,"enemies":"Shield and Spear","floor":55.0,"turns":4.0},{"damage":32,"enemies":"The Heart","floor":56,"turns":8}],"seed_played":"-8937923293483595606","potions_obtained":[{"floor":5.0,"key":"LiquidBronze"},{"floor":7.0,"key":"Ancient Potion"},{"floor":11.0,"key":"Weak Potion"},{"floor":12.0,"key":"Energy Potion"},{"floor":27.0,"key":"Dexterity Potion"},{"floor":33.0,"key":"LiquidBronze"},{"floor":35.0,"key":"Dexterity Potion"},{"floor":55.0,"key":"Strength Potion"}],"is_trial":false,"path_per_floor":["M","$","?","?","M","R","E","R","T","E","M","M","M","$","R","B",null,"M","M","$","?","$","R","T","$","T","E","M","M","R","M","R","B",null,"M","?","M","$","M","E","T","R","T","?","M","R","$","M","R","B","B",null,"R","$","E","B",null],"character_chosen":"IRONCLAD","items_purchased":["Discovery","Body Slam","Finesse","Corruption","Second Wind","Whetstone","Secret Technique","Apotheosis","Offering","Feel No Pain","PowerPotion"],"campfire_rested":1,"item_purchase_floors":[2,14,20,38,38,38,38,47,47,54,54],"current_hp_per_floor":[53,53,46,46,40,40,21,43,43,34,36,42,48,48,48,45,73,63,60,60,39,39,39,39,39,39,13,19,11,11,9,9,15,65,57,57,33,33,24,24,24,24,24,24,32,32,32,40,40,32,31,72,72,72,69,43],"gold":58,"neow_bonus":"TRANSFORM_TWO_CARDS","is_prod":false,"is_daily":false,"chose_seed":false,"campfire_upgraded":6,"win_rate":0,"timestamp":1560590842,"path_taken":["M","$","?","?","M","R","E","R","T","E","?","M","M","?","R","BOSS","M","?","$","?","?","R","?","?","T","E","?","M","R","M","R","BOSS","M","?","M","$","M","E","?","R","T","?","M","R","$","?","R","BOSS","BOSS","R","$","E","BOSS"],"build_version":"2019-01-23","purchased_purges":3,"victory":true,"max_hp_per_floor":[75,75,75,75,75,75,75,75,75,82,82,82,82,82,82,82,82,82,82,82,82,82,82,82,82,82,82,82,82,82,82,82,82,82,82,82,82,82,82,82,82,82,82,82,84,84,84,86,86,86,86,86,86,86,86,86],"card_choices":[{"not_picked":["Clothesline","Warcry"],"picked":"Whirlwind","floor":1.0},{"not_picked":["Flex","Hemokinesis","Burning Pact"],"picked":"SKIP","floor":5.0},{"not_picked":["Uppercut","Twin Strike"],"picked":"Shrug It Off","floor":7.0},{"not_picked":["Armaments","Thunderclap","Cleave"],"picked":"SKIP","floor":10.0},{"not_picked":["Thunderclap","Cleave"],"picked":"Armaments","floor":10.0},{"not_picked":["Armaments","Sword Boomerang"],"picked":"Disarm","floor":11.0},{"not_picked":["Havoc","Flex","Warcry"],"picked":"SKIP","floor":12.0},{"not_picked":["Pommel Strike","Searing Blow"],"picked":"Shrug It Off","floor":13.0},{"not_picked":["Exhume","Berserk"],"picked":"Dark Embrace","floor":16.0},{"not_picked":["Anger+1","Armaments+1"],"picked":"Entrench","floor":18.0},{"not_picked":["Body Slam","Twin Strike","Rampage"],"picked":"SKIP","floor":19.0},{"not_picked":["Wild Strike","Clash"],"picked":"Demon Form","floor":27.0},{"not_picked":["Burning Pact","Wild Strike"],"picked":"True Grit","floor":28.0},{"not_picked":["Iron Wave","Twin Strike"],"picked":"Flame Barrier","floor":29.0},{"not_picked":["Bloodletting","Twin Strike","Ghostly Armor"],"picked":"SKIP","floor":31.0},{"not_picked":["Double Tap","Berserk"],"picked":"Exhume","floor":33.0},{"not_picked":["Cleave","Heavy Blade","Thunderclap"],"picked":"SKIP","floor":35.0},{"not_picked":["Heavy Blade","Burning Pact"],"picked":"Sentinel","floor":37.0},{"not_picked":["Disarm","Hemokinesis+1","Sword Boomerang"],"picked":"SKIP","floor":39.0},{"not_picked":["Sentinel","Whirlwind"],"picked":"Seeing Red","floor":40.0},{"not_picked":["Bludgeon","Perfected Strike","Whirlwind"],"picked":"Singing Bowl","floor":45.0},{"not_picked":["Second Wind","Cleave","Perfected Strike"],"picked":"Singing Bowl","floor":48.0},{"not_picked":["Whirlwind+1","True Grit"],"picked":"Dual Wield","floor":55.0}],"player_experience":663154,"relics_obtained":[{"floor":7.0,"key":"Letter Opener"},{"floor":9.0,"key":"Blue Candle"},{"floor":10.0,"key":"Strawberry"},{"floor":21.0,"key":"Nilry\u0027s Codex"},{"floor":24.0,"key":"PreservedInsect"},{"floor":26.0,"key":"War Paint"},{"floor":27.0,"key":"Lantern"},{"floor":40.0,"key":"Ice Cream"},{"floor":43.0,"key":"Girya"},{"floor":55.0,"key":"Gremlin Horn"}],"event_choices":[{"cards_removed":["Perfected Strike"],"damage_healed":0.0,"max_hp_gain":0.0,"max_hp_loss":0.0,"gold_gain":0.0,"event_name":"Golden Wing","player_choice":"Card Removal","floor":3.0,"gold_loss":0.0,"damage_taken":7.0},{"damage_healed":0.0,"max_hp_gain":0.0,"max_hp_loss":0.0,"gold_gain":0.0,"cards_transformed":["Strike_R"],"event_name":"Transmorgrifier","player_choice":"Transformed","floor":4.0,"gold_loss":0.0,"damage_taken":0.0,"cards_obtained":["Uppercut"]},{"damage_healed":0.0,"max_hp_gain":0.0,"max_hp_loss":0.0,"gold_gain":0.0,"event_name":"Cursed Tome","player_choice":"Obtained Book","floor":21.0,"gold_loss":0.0,"damage_taken":21.0},{"damage_healed":0.0,"max_hp_gain":0.0,"max_hp_loss":0.0,"gold_gain":999.0,"event_name":"MindBloom","player_choice":"Gold","floor":36.0,"gold_loss":0.0,"damage_taken":0.0,"cards_obtained":["Normality","Normality"]},{"damage_healed":0.0,"max_hp_gain":0.0,"max_hp_loss":0.0,"gold_gain":0.0,"event_name":"WeMeetAgain","player_choice":"Gave Potion","floor":44.0,"gold_loss":0.0,"damage_taken":0.0,"relics_obtained":["Singing Bowl"]}],"is_beta":false,"boss_relics":[{"not_picked":["Ectoplasm","Lizard Tail"],"picked":"Coffee Dripper"},{"not_picked":["Empty Cage","Runic Dome"],"picked":"Runic Pyramid"}],"items_purged_floors":[14,38,47],"is_endless":false,"potions_floor_spawned":[5,7,11,12,27,28,29,33,35,55],"ascension_level":20}