{"gold_per_floor":[116,116,31,43,43,74,74,105,186,217,217,236,236,236,236,329,329,344,344,55,75,88,121,121,161,184,222,222,238,20,49,49,123,123,133,151,151,373,373,403,403,419,419,519,549,499,531,376,376,376,376,376,376,39,70,70],"floor_reached":57,"playtime":2364,"items_purged":["Strike_R","Strike_R","Strike_R","Strike_R"],"score":3470,"play_id":"7a144351-246d-4bfd-877d-aa9068d08d1f","local_time":"20190703214716","is_ascension_mode":true,"campfire_choices":[{"data":"Whirlwind","floor":7.0,"key":"SMITH"},{"floor":11.0,"key":"REST"},{"data":"Spot Weakness","floor":13.0,"key":"SMITH"},{"data":"Shrug It Off","floor":15.0,"key":"SMITH"},{"data":"Armaments","floor":24.0,"key":"SMITH"},{"data":"Feel No Pain","floor":32.0,"key":"SMITH"},{"data":"Feel No Pain","floor":41.0,"key":"SMITH"},{"floor":49.0,"key":"RECALL"},{"data":"Offering","floor":53.0,"key":"SMITH"}],"neow_cost":"NONE","seed_source_timestamp":391459058988500,"circlet_count":0,"master_deck":["AscendersBane","Defend_R","Defend_R","Defend_R","Defend_R","Bash","Whirlwind+1","Feel No Pain","Spot Weakness+1","Shrug It Off+1","Shrug It Off","Offering+1","Corruption","Feel No Pain+1","Heavy Blade","Armaments+1","Disarm","Burning Pact","Shockwave","Shrug It Off","True Grit","Seeing Red","Barricade","Body Slam","Feel No Pain+1","Master of Strategy","Panacea","Blind","Madness","Madness","Second Wind","Shrug It Off"],"special_seed":0,"relics":["Burning Blood","NeowsBlessing","Bloody Idol","Bag of Preparation","Potion Belt","Self Forming Clay","Champion Belt","Juzu Bracelet","Snecko Eye","Boot","Orichalcum","Art of War","Red Mask","Chemical X","Bottled Tornado","Coffee Dripper","Smiling Mask","Dead Branch","Dream Catcher","Bronze Scales","Mummified Hand","Blue Candle"],"potions_floor_usage":[56,56],"damage_taken":[{"damage":0.0,"enemies":"Jaw Worm","floor":1.0,"turns":1.0},{"damage":0.0,"enemies":"Small Slimes","floor":4.0,"turns":1.0},{"damage":0.0,"enemies":"3 Sentries","floor":6.0,"turns":1.0},{"damage":36.0,"enemies":"Gremlin Nob","floor":8.0,"turns":4.0},{"damage":20.0,"enemies":"Lagavulin","floor":10.0,"turns":5.0},{"damage":0.0,"enemies":"2 Louse","floor":12.0,"turns":3.0},{"damage":26.0,"enemies":"The Guardian","floor":16.0,"turns":16.0},{"damage":20.0,"enemies":"Shell Parasite","floor":18.0,"turns":6.0},{"damage":0.0,"enemies":"2 Thieves","floor":21.0,"turns":3.0},{"damage":6.0,"enemies":"Snake Plant","floor":22.0,"turns":3.0},{"damage":16.0,"enemies":"Slavers","floor":23.0,"turns":2.0},{"damage":0.0,"enemies":"Book of Stabbing","floor":25.0,"turns":3.0},{"damage":6.0,"enemies":"Masked Bandits","floor":27.0,"turns":2.0},{"damage":0.0,"enemies":"Snecko","floor":29.0,"turns":4.0},{"damage":0.0,"enemies":"Gremlin Leader","floor":31.0,"turns":3.0},{"damage":26.0,"enemies":"Collector","floor":33.0,"turns":9.0},{"damage":6.0,"enemies":"Orb Walker","floor":35.0,"turns":3.0},{"damage":0.0,"enemies":"3 Darklings","floor":36.0,"turns":3.0},{"damage":6.0,"enemies":"Nemesis","floor":40.0,"turns":5.0},{"damage":6.0,"enemies":"Sphere and 2 Shapes","floor":42.0,"turns":4.0},{"damage":0.0,"enemies":"Mind Bloom Boss Battle","floor":44.0,"turns":4.0},{"damage":6.0,"enemies":"Giant Head","floor":45.0,"turns":4.0},{"damage":0.0,"enemies":"Nemesis","floor":47.0,"turns":1.0},{"damage":12.0,"enemies":"Donu and Deca","floor":50.0,"turns":4.0},{"damage":0.0,"enemies":"Time Eater","floor":51.0,"turns":4.0},{"damage":6.0,"enemies":"Shield and Spear","floor":55.0,"turns":1.0},{"damage":12,"enemies":"The Heart","floor":56,"turns":6}],"seed_played":"3622089123259974599","potions_obtained":[{"floor":6.0,"key":"Strength Potion"},{"floor":10.0,"key":"Swift Potion"},{"floor":16.0,"key":"Energy Potion"},{"floor":18.0,"key":"Energy Potion"},{"floor":25.0,"key":"FearPotion"},{"floor":31.0,"key":"Fruit Juice"},{"floor":36.0,"key":"Fruit Juice"},{"floor":40.0,"key":"Strength Potion"},{"floor":44.0,"key":"GamblersBrew"},{"floor":55.0,"key":"PowerPotion"}],"is_trial":false,"path_per_floor":["M","?","$","M","?","E","R","E","T","E","R","M","R","T","R","B",null,"M","?","$","M","M","E","R","E","T","?","?","M","$","E","R","B",null,"M","M","?","?","?","E","R","M","T","?","E","$","E","$","R","B","B",null,"R","$","E","B",null],"character_chosen":"IRONCLAD","items_purchased":["Feel No Pain","Heavy Blade","Armaments","Fire Potion","SteroidPotion","Chemical X","Shrug It Off","Swift Potion","Mummified Hand"],"campfire_rested":1,"item_purchase_floors":[3,20,20,20,20,30,48,48,54],"current_hp_per_floor":[74,74,74,75,49,55,55,25,25,11,33,39,39,39,39,19,61,47,47,47,53,53,43,43,49,49,49,49,60,60,71,71,61,75,80,85,75,80,65,70,70,75,75,85,85,85,85,85,85,79,85,85,85,85,85,79],"gold":70,"neow_bonus":"THREE_ENEMY_KILL","is_prod":false,"is_daily":false,"chose_seed":false,"campfire_upgraded":7,"win_rate":0,"timestamp":1562158036,"path_taken":["M","?","?","M","?","E","R","E","T","E","R","M","R","?","R","BOSS","M","?","?","M","M","E","R","E","T","?","?","M","$","E","R","BOSS","M","M","?","?","?","E","R","M","T","?","E","?","E","$","R","BOSS","BOSS","R","$","E","BOSS"],"build_version":"2019-07-01","purchased_purges":4,"victory":true,"max_hp_per_floor":[75,75,75,75,75,75,75,75,75,75,75,75,75,75,75,75,75,75,75,75,75,75,75,75,75,75,75,75,75,75,75,75,80,80,80,85,85,85,85,85,85,85,85,85,85,85,85,85,85,85,85,85,85,85,85,85],"card_choices":[{"not_picked":["Thunderclap","Twin Strike"],"picked":"Whirlwind","floor":1.0},{"not_picked":["Combust","Clothesline","Sword Boomerang"],"picked":"SKIP","floor":4.0},{"not_picked":["Clash","Metallicize"],"picked":"Spot Weakness","floor":6.0},{"not_picked":["True Grit","Rupture"],"picked":"Shrug It Off","floor":8.0},{"not_picked":["Headbutt","Clash","Iron Wave"],"picked":"SKIP","floor":10.0},{"not_picked":["Heavy Blade","Thunderclap"],"picked":"Shrug It Off","floor":12.0},{"not_picked":["Berserk","Reaper"],"picked":"Offering","floor":16.0},{"not_picked":["Feel No Pain","Whirlwind"],"picked":"Corruption","floor":18.0},{"not_picked":["Sword Boomerang","Ghostly Armor"],"picked":"Disarm","floor":21.0},{"not_picked":["Perfected Strike","Cleave","Twin Strike"],"picked":"SKIP","floor":22.0},{"not_picked":["Twin Strike","Clash+1"],"picked":"Burning Pact","floor":23.0},{"not_picked":["Ghostly Armor","Berserk"],"picked":"Shockwave","floor":25.0},{"not_picked":["Pummel+1","Reckless Charge"],"picked":"Shrug It Off","floor":27.0},{"not_picked":["Perfected Strike","Havoc"],"picked":"True Grit","floor":29.0},{"not_picked":["Twin Strike","Anger"],"picked":"Seeing Red","floor":31.0},{"not_picked":["Impervious","Brutality"],"picked":"Barricade","floor":33.0},{"not_picked":["Flex+1","Headbutt"],"picked":"Body Slam","floor":35.0},{"not_picked":["Twin Strike","Flame Barrier"],"picked":"Feel No Pain","floor":36.0},{"not_picked":["Forethought","Flash of Steel"],"picked":"Master of Strategy","floor":37.0},{"not_picked":["Magnetism","PanicButton"],"picked":"Panacea","floor":37.0},{"not_picked":["Purity","PanicButton"],"picked":"Blind","floor":37.0},{"not_picked":["Iron Wave+1","Body Slam","Warcry"],"picked":"SKIP","floor":40.0},{"not_picked":["Cleave","Double Tap"],"picked":"Second Wind","floor":42.0},{"not_picked":["Corruption","Perfected Strike+1","Warcry"],"picked":"SKIP","floor":45.0},{"not_picked":["Ghostly Armor","Heavy Blade","Iron Wave"],"picked":"SKIP","floor":47.0},{"not_picked":["Thunderclap","Anger","Clothesline"],"picked":"SKIP","floor":55.0}],"player_experience":919768,"relics_obtained":[{"floor":6.0,"key":"Bag of Preparation"},{"floor":8.0,"key":"Potion Belt"},{"floor":9.0,"key":"Self Forming Clay"},{"floor":10.0,"key":"Champion Belt"},{"floor":14.0,"key":"Juzu Bracelet"},{"floor":23.0,"key":"Boot"},{"floor":25.0,"key":"Orichalcum"},{"floor":26.0,"key":"Art of War"},{"floor":27.0,"key":"Red Mask"},{"floor":31.0,"key":"Bottled Tornado"},{"floor":40.0,"key":"Smiling Mask"},{"floor":44.0,"key":"Dead Branch"},{"floor":45.0,"key":"Dream Catcher"},{"floor":47.0,"key":"Bronze Scales"},{"floor":55.0,"key":"Blue Candle"}],"event_choices":[{"damage_healed":0.0,"max_hp_gain":0.0,"max_hp_loss":0.0,"gold_gain":0.0,"cards_transformed":["Strike_R"],"event_name":"Living Wall","player_choice":"Change","floor":2.0,"gold_loss":0.0,"damage_taken":0.0,"cards_obtained":["Anger"]},{"damage_healed":0.0,"max_hp_gain":0.0,"max_hp_loss":0.0,"gold_gain":0.0,"event_name":"Golden Idol","player_choice":"Take Damage","floor":5.0,"gold_loss":0.0,"damage_taken":26.0,"relics_obtained":["Golden Idol"]},{"damage_healed":0.0,"max_hp_gain":0.0,"max_hp_loss":0.0,"gold_gain":0.0,"cards_transformed":["Anger"],"event_name":"Transmorgrifier","player_choice":"Transformed","floor":19.0,"gold_loss":0.0,"damage_taken":0.0,"cards_obtained":["Feel No Pain"]},{"damage_healed":0.0,"max_hp_gain":0.0,"max_hp_loss":0.0,"gold_gain":0.0,"event_name":"Masked Bandits","player_choice":"Fought Bandits","floor":27.0,"gold_loss":0.0,"damage_taken":0.0},{"damage_healed":0.0,"max_hp_gain":0.0,"max_hp_loss":0.0,"gold_gain":0.0,"event_name":"Forgotten Altar","player_choice":"Gave Idol","floor":28.0,"relics_lost":["Golden Idol"],"gold_loss":0.0,"damage_taken":0.0,"relics_obtained":["Bloody Idol"]},{"damage_healed":0.0,"max_hp_gain":0.0,"max_hp_loss":0.0,"gold_gain":0.0,"event_name":"SensoryStone","player_choice":"Memory 3","floor":37.0,"gold_loss":0.0,"damage_taken":10.0},{"damage_healed":0.0,"max_hp_gain":0.0,"max_hp_loss":0.0,"gold_gain":222.0,"event_name":"Tomb of Lord Red Mask","player_choice":"Wore Mask","floor":38.0,"gold_loss":0.0,"damage_taken":0.0},{"damage_healed":0.0,"max_hp_gain":0.0,"max_hp_loss":0.0,"gold_gain":0.0,"event_name":"Winding Halls","player_choice":"Embrace Madness","floor":39.0,"gold_loss":0.0,"damage_taken":15.0,"cards_obtained":["Madness","Madness"]},{"damage_healed":0.0,"max_hp_gain":0.0,"max_hp_loss":0.0,"gold_gain":0.0,"event_name":"MindBloom","player_choice":"Fight","floor":44.0,"gold_loss":0.0,"damage_taken":0.0}],"is_beta":false,"boss_relics":[{"not_picked":["Runic Cube","Runic Pyramid"],"picked":"Snecko Eye"},{"not_picked":["Lizard Tail","Astrolabe"],"picked":"Coffee Dripper"}],"items_purged_floors":[20,46,48,54],"is_endless":false,"potions_floor_spawned":[6,10,16,18,21,25,31,36,40,44,55],"ascension_level":20}