{"gold_per_floor":[117,135,135,18,28,28,44,44,44,57,86,10,29,39,39,136,186,203,220,44,63,63,63,123,123,123,123,158,176,191,217,217,319,319,330,330,330,346,4,4,39,39,39,59,74,103,121,131,131,131],"floor_reached":51,"playtime":4434,"items_purged":[],"score":1299,"play_id":"ba59db14-691b-4567-9b17-a0c671da9818","local_time":"20190710173337","is_ascension_mode":true,"campfire_choices":[{"data":"Crippling Poison","floor":6.0,"key":"SMITH"},{"data":"Infinite Blades","floor":8.0,"key":"SMITH"},{"floor":15.0,"key":"REST"},{"data":"Infinite Blades","floor":23.0,"key":"SMITH"},{"floor":27.0,"key":"REST"},{"data":"Deadly Poison","floor":32.0,"key":"SMITH"},{"floor":40.0,"key":"REST"},{"data":"Riddle With Holes","floor":42.0,"key":"SMITH"},{"floor":49,"key":"REST"}],"neow_cost":"PERCENT_DAMAGE","seed_source_timestamp":0,"circlet_count":0,"master_deck":["AscendersBane","Strike_G","Strike_G","Strike_G","Strike_G","Strike_G","Defend_G","Defend_G+1","Defend_G+1","Defend_G","Defend_G","Survivor+1","Neutralize","Endless Agony","Noxious Fumes+1","Deadly Poison+1","Crippling Poison+1","Infinite Blades+1","Doppelganger+1","Terror+1","Endless Agony","Masterful Stab","Prepared+1","Burst+1","Dodge and Roll+1","Deadly Poison+1","Prepared+1","Jack Of All Trades+1","Infinite Blades+1","Backflip+1","Venomology+1","Prepared+1","Deadly Poison+1","Concentrate+1","Noxious Fumes+1","Burst+1","PiercingWail+1","Madness+1","Madness+1","Neutralize","Riddle With Holes+1","Master of Strategy+1","Blade Dance+1","Infinite Blades","Cloak And Dagger+1","Caltrops+1","Distraction+1","Calculated Gamble+1","Masterful Stab+1"],"special_seed":0,"relics":["Ring of the Snake","Dead Branch","Toxic Egg 2","Gambling Chip","Tiny House","MutagenicStrength","Tiny Chest","Letter Opener","Shuriken","Omamori","Philosopher\u0027s Stone","Bag of Preparation","War Paint","Dodecahedron","Oddly Smooth Stone"],"potions_floor_usage":[48,50,50,50],"damage_taken":[{"damage":0.0,"enemies":"Small Slimes","floor":1.0,"turns":3.0},{"damage":0.0,"enemies":"Cultist","floor":2.0,"turns":4.0},{"damage":0.0,"enemies":"Jaw Worm","floor":5.0,"turns":3.0},{"damage":0.0,"enemies":"Blue Slaver","floor":7.0,"turns":4.0},{"damage":0.0,"enemies":"Red Slaver","floor":10.0,"turns":2.0},{"damage":3.0,"enemies":"3 Sentries","floor":11.0,"turns":3.0},{"damage":16.0,"enemies":"Lots of Slimes","floor":13.0,"turns":2.0},{"damage":4.0,"enemies":"Blue Slaver","floor":14.0,"turns":3.0},{"damage":21.0,"enemies":"Hexaghost","floor":16.0,"turns":6.0},{"damage":0.0,"enemies":"Chosen","floor":18.0,"turns":3.0},{"damage":10.0,"enemies":"3 Byrds","floor":19.0,"turns":3.0},{"damage":0.0,"enemies":"Shelled Parasite and Fungi","floor":21.0,"turns":6.0},{"damage":28.0,"enemies":"Slavers","floor":24.0,"turns":3.0},{"damage":0.0,"enemies":"Gremlin Leader","floor":28.0,"turns":5.0},{"damage":0.0,"enemies":"Snake Plant","floor":29.0,"turns":2.0},{"damage":0.0,"enemies":"Centurion and Healer","floor":30.0,"turns":3.0},{"damage":0.0,"enemies":"Book of Stabbing","floor":31.0,"turns":3.0},{"damage":20.0,"enemies":"Champ","floor":33.0,"turns":6.0},{"damage":0.0,"enemies":"3 Darklings","floor":35.0,"turns":1.0},{"damage":0.0,"enemies":"3 Shapes","floor":38.0,"turns":2.0},{"damage":4.0,"enemies":"Giant Head","floor":41.0,"turns":5.0},{"damage":1.0,"enemies":"Jaw Worm Horde","floor":44.0,"turns":4.0},{"damage":0.0,"enemies":"Transient","floor":45.0,"turns":5.0},{"damage":8.0,"enemies":"Nemesis","floor":46.0,"turns":3.0},{"damage":0.0,"enemies":"Spire Growth","floor":47.0,"turns":2.0},{"damage":13,"enemies":"Sphere and 2 Shapes","floor":48,"turns":4},{"damage":42,"enemies":"Time Eater","floor":50,"turns":6}],"seed_played":"649813385189092883","potions_obtained":[{"floor":5.0,"key":"SteroidPotion"},{"floor":10.0,"key":"EssenceOfSteel"},{"floor":11.0,"key":"SneckoOil"},{"floor":13.0,"key":"SpeedPotion"},{"floor":18.0,"key":"Fruit Juice"},{"floor":24.0,"key":"GhostInAJar"},{"floor":30.0,"key":"Regen Potion"},{"floor":45.0,"key":"Ancient Potion"}],"is_trial":false,"path_per_floor":["M","M","?","$","M","R","M","R","T","M","E","$","M","M","R","B",null,"M","M","$","M","?","R","E","?","T","R","E","M","M","E","R","B",null,"M","?","?","M","$","R","E","R","T","M","M","E","M","M","R","B",null],"character_chosen":"THE_SILENT","items_purchased":["Noxious Fumes","Deadly Poison","Endless Agony","Jack Of All Trades+1","Infinite Blades","Bag of Preparation","Master of Strategy+1","Blade Dance+1"],"campfire_rested":4,"item_purchase_floors":[4,4,12,20,20,39,39,39],"current_hp_per_floor":[45,45,70,70,70,70,70,70,70,70,67,67,51,47,68,47,69,74,64,64,64,64,64,36,36,36,60,60,60,60,72,72,52,73,73,63,63,63,63,80,76,76,76,75,75,67,67,54,78,36],"gold":131,"neow_bonus":"ONE_RARE_RELIC","is_prod":false,"is_daily":false,"chose_seed":false,"campfire_upgraded":5,"win_rate":0,"timestamp":1562769217,"path_taken":["M","M","?","$","?","R","M","R","T","?","E","$","M","?","R","BOSS","M","M","$","M","?","R","E","?","T","R","E","?","?","E","R","BOSS","M","?","?","M","$","R","E","R","T","M","?","E","M","M","R","BOSS"],"build_version":"2019-07-05","purchased_purges":0,"victory":true,"max_hp_per_floor":[70,70,70,70,70,70,70,70,70,70,70,70,70,70,70,70,75,80,80,80,80,80,80,80,80,80,80,80,80,80,80,80,80,80,80,80,80,80,80,80,80,80,80,80,80,80,80,80,80,80],"card_choices":[{"not_picked":["Acrobatics","Dagger Spray"],"picked":"Endless Agony","floor":1.0},{"not_picked":["Dagger Spray","Noxious Fumes"],"picked":"Footwork","floor":2.0},{"not_picked":["Dodge and Roll","Backflip"],"picked":"Crippling Poison","floor":5.0},{"not_picked":["Prepared","Riddle With Holes"],"picked":"Infinite Blades","floor":7.0},{"not_picked":["Crippling Poison+1","PiercingWail+1"],"picked":"Doppelganger+1","floor":10.0},{"not_picked":["Quick Slash","PiercingWail+1"],"picked":"Terror+1","floor":11.0},{"not_picked":["Bane","Poisoned Stab"],"picked":"Masterful Stab","floor":13.0},{"not_picked":["Quick Slash","Concentrate+1"],"picked":"Prepared+1","floor":14.0},{"not_picked":["Wraith Form v2","Glass Knife"],"picked":"Burst+1","floor":16.0},{"not_picked":["Dagger Spray","Quick Slash"],"picked":"Dodge and Roll+1","floor":17.0},{"not_picked":["Leg Sweep+1","Outmaneuver+1"],"picked":"Deadly Poison+1","floor":18.0},{"not_picked":["Skewer","Sucker Punch"],"picked":"Prepared+1","floor":19.0},{"not_picked":["Deadly Poison+1","Outmaneuver+1"],"picked":"Backflip+1","floor":21.0},{"not_picked":["Catalyst+1","Finisher"],"picked":"Venomology+1","floor":24.0},{"not_picked":["Tactician+1","Underhanded Strike"],"picked":"Prepared+1","floor":28.0},{"not_picked":["Tactician+1","Deflect+1"],"picked":"Deadly Poison+1","floor":29.0},{"not_picked":["Eviscerate+1","Blur+1"],"picked":"Concentrate+1","floor":30.0},{"not_picked":["Poisoned Stab+1","Underhanded Strike"],"picked":"Noxious Fumes+1","floor":31.0},{"not_picked":["Glass Knife","Phantasmal Killer+1"],"picked":"Burst+1","floor":33.0},{"not_picked":["Dodge and Roll+1","Poisoned Stab+1"],"picked":"PiercingWail+1","floor":35.0},{"not_picked":["All Out Attack","Quick Slash+1"],"picked":"Riddle With Holes","floor":38.0},{"not_picked":["Dodge and Roll+1","Wraith Form v2"],"picked":"Infinite Blades","floor":41.0},{"not_picked":["Predator","Deflect+1"],"picked":"Cloak And Dagger+1","floor":44.0},{"not_picked":["Quick Slash","Flechettes"],"picked":"Caltrops+1","floor":45.0},{"not_picked":["Sucker Punch","Dagger Spray"],"picked":"Distraction+1","floor":46.0},{"not_picked":["Dagger Throw+1","Skewer"],"picked":"Calculated Gamble+1","floor":47.0},{"not_picked":["Poisoned Stab","Bullet Time+1"],"picked":"Masterful Stab+1","floor":48}],"player_experience":1602940,"relics_obtained":[{"floor":9.0,"key":"Toxic Egg 2"},{"floor":11.0,"key":"Gambling Chip"},{"floor":24.0,"key":"Tiny Chest"},{"floor":26.0,"key":"Letter Opener"},{"floor":28.0,"key":"Shuriken"},{"floor":31.0,"key":"Omamori"},{"floor":41.0,"key":"War Paint"},{"floor":43.0,"key":"Dodecahedron"},{"floor":46.0,"key":"Oddly Smooth Stone"}],"event_choices":[{"cards_removed":["Footwork"],"damage_healed":25.0,"max_hp_gain":0.0,"max_hp_loss":0.0,"gold_gain":0.0,"event_name":"Bonfire Elementals","player_choice":"Offered Uncommon","floor":3.0,"gold_loss":0.0,"damage_taken":0.0},{"damage_healed":0.0,"max_hp_gain":0.0,"max_hp_loss":0.0,"gold_gain":0.0,"event_name":"Drug Dealer","player_choice":"Inject Mutagens","floor":22.0,"gold_loss":0.0,"damage_taken":0.0,"relics_obtained":["MutagenicStrength"]},{"damage_healed":0.0,"max_hp_gain":0.0,"max_hp_loss":0.0,"gold_gain":0.0,"event_name":"Upgrade Shrine","player_choice":"Upgraded","floor":25.0,"gold_loss":0.0,"damage_taken":0.0,"cards_upgraded":["Noxious Fumes"]},{"damage_healed":0.0,"max_hp_gain":0.0,"max_hp_loss":0.0,"gold_gain":0.0,"event_name":"Winding Halls","player_choice":"Embrace Madness","floor":36.0,"gold_loss":0.0,"damage_taken":10.0,"cards_obtained":["Madness","Madness"]},{"damage_healed":0.0,"max_hp_gain":0.0,"max_hp_loss":0.0,"gold_gain":0.0,"event_name":"Match and Keep!","player_choice":"1 cards matched","floor":37.0,"gold_loss":0.0,"damage_taken":0.0,"cards_obtained":["Neutralize"]}],"is_beta":false,"boss_relics":[{"not_picked":["HoveringKite","Pandora\u0027s Box"],"picked":"Tiny House"},{"not_picked":["Runic Pyramid","Busted Crown"],"picked":"Philosopher\u0027s Stone"}],"items_purged_floors":[],"is_endless":false,"potions_floor_spawned":[5,10,11,13,18,24,30,31,44,45],"ascension_level":12}