{"gold_per_floor":[11,11,22,41,41,41,68,68,115,115,115,115,132,145,145,220,220,237,72,83,98,98,98,131,146,146,196,196,196,296,314,314,391,391,406,453,468,468,468,499,499,532,532,532,547,572,572,672,672,672,672,672,672,6,33,33],"floor_reached":57,"playtime":3021,"items_purged":["Strike_G"],"score":3137,"play_id":"07404a52-cec8-4511-9b10-5d35a0147d28","local_time":"20190729153907","is_ascension_mode":true,"campfire_choices":[{"data":"Bouncing Flask","floor":6,"key":"SMITH"},{"floor":8,"key":"REST"},{"data":"Neutralize","floor":11,"key":"SMITH"},{"data":"Night Terror","floor":15,"key":"SMITH"},{"data":"Cloak And Dagger","floor":23,"key":"SMITH"},{"data":"Well Laid Plans","floor":29,"key":"SMITH"},{"data":"Backflip","floor":32,"key":"SMITH"},{"floor":44,"key":"RECALL"},{"floor":47,"key":"REST"},{"floor":49,"key":"REST"},{"floor":53,"key":"REST"}],"neow_cost":"NO_GOLD","seed_source_timestamp":862179846473400,"circlet_count":0,"master_deck":["AscendersBane","Defend_G+1","Defend_G","Defend_G","Defend_G","Survivor+1","Neutralize+1","Corpse Explosion","Night Terror+1","Bouncing Flask+1","Backstab","Backflip+1","Skewer+1","Glass Knife+1","Cloak And Dagger+1","Escape Plan","Well Laid Plans+1","Cloak And Dagger+1","Distraction+1","Storm of Steel","Calculated Gamble","Footwork","Infinite Blades+1","Sucker Punch+1","PiercingWail","Concentrate","Dodge and Roll"],"relics":["Ring of the Snake","Shuriken","Ancient Tea Set","Molten Egg 2","Lantern","Sozu","Bag of Preparation","War Paint","Juzu Bracelet","Dead Branch","Dodecahedron","Fusion Hammer","FossilizedHelix","Anchor","Question Card","Strawberry","Tingsha","Unceasing Top","Lee\u0027s Waffle","Vajra"],"potions_floor_usage":[7,16,56,56],"damage_taken":[{"damage":9,"enemies":"Cultist","floor":1,"turns":5},{"damage":1,"enemies":"2 Louse","floor":3,"turns":4},{"damage":9,"enemies":"Small Slimes","floor":4,"turns":3},{"damage":22,"enemies":"3 Sentries","floor":7,"turns":4},{"damage":1,"enemies":"Blue Slaver","floor":13,"turns":3},{"damage":0,"enemies":"Looter","floor":14,"turns":3},{"damage":9,"enemies":"Hexaghost","floor":16,"turns":7},{"damage":0,"enemies":"Chosen","floor":18,"turns":2},{"damage":0,"enemies":"2 Thieves","floor":20,"turns":1},{"damage":6,"enemies":"Snake Plant","floor":21,"turns":2},{"damage":0,"enemies":"Slavers","floor":24,"turns":1},{"damage":0,"enemies":"Centurion and Healer","floor":25,"turns":2},{"damage":0,"enemies":"Colosseum Slavers","floor":30,"turns":2},{"damage":6,"enemies":"Colosseum Nobs","floor":30,"turns":3},{"damage":0,"enemies":"Chosen and Byrds","floor":31,"turns":3},{"damage":0,"enemies":"Collector","floor":33,"turns":3},{"damage":13,"enemies":"3 Shapes","floor":35,"turns":2},{"damage":17,"enemies":"2 Orb Walkers","floor":36,"turns":3},{"damage":0,"enemies":"Orb Walker","floor":37,"turns":2},{"damage":0,"enemies":"Giant Head","floor":40,"turns":2},{"damage":0,"enemies":"Reptomancer","floor":42,"turns":4},{"damage":0,"enemies":"Sphere and 2 Shapes","floor":45,"turns":3},{"damage":0,"enemies":"Giant Head","floor":46,"turns":4},{"damage":0,"enemies":"Mind Bloom Boss Battle","floor":48,"turns":2},{"damage":60,"enemies":"Time Eater","floor":50,"turns":10},{"damage":0,"enemies":"Awakened One","floor":51,"turns":8},{"damage":0,"enemies":"Shield and Spear","floor":55,"turns":4},{"damage":74,"enemies":"The Heart","floor":56,"turns":11}],"seed_played":"-3403829887994386337","potions_obtained":[{"floor":1,"key":"Energy Potion"},{"floor":3,"key":"Explosive Potion"},{"floor":14,"key":"SpeedPotion"},{"floor":16,"key":"Strength Potion"}],"is_trial":false,"path_per_floor":["M","T","M","M","?","R","E","R","T","?","R","?","M","M","R","B",null,"M","$","M","M","?","R","E","M","T","?","?","R","?","M","R","B",null,"M","?","M","?","?","E","?","E","T","R","M","E","R","?","R","B","B",null,"R","$","E","B",null],"character_chosen":"THE_SILENT","items_purchased":["Bag of Preparation","Concentrate","Unceasing Top","Lee\u0027s Waffle"],"campfire_rested":4,"item_purchase_floors":[19,54,54,54],"current_hp_per_floor":[50,50,49,40,35,35,13,32,32,25,25,25,24,24,24,15,53,53,53,53,47,47,47,47,47,47,47,47,47,41,41,41,41,60,47,30,30,30,30,30,30,30,30,30,30,37,58,58,70,10,10,55,70,77,77,3],"gold":33,"neow_bonus":"TRANSFORM_TWO_CARDS","is_prod":false,"is_daily":false,"chose_seed":false,"campfire_upgraded":6,"win_rate":0,"timestamp":1564382347,"path_taken":["M","?","M","M","?","R","E","R","T","?","R","?","M","?","R","BOSS","M","$","M","M","?","R","E","M","T","?","?","R","?","M","R","BOSS","M","?","M","?","?","E","?","E","T","R","M","E","R","?","R","BOSS","BOSS","R","$","E","BOSS"],"build_version":"2019-07-17","purchased_purges":1,"victory":true,"max_hp_per_floor":[66,66,66,66,66,66,66,66,66,66,66,66,66,66,66,66,66,66,66,66,66,66,66,66,66,66,66,66,66,66,66,66,66,66,66,66,66,63,63,63,63,63,63,63,63,70,70,70,70,70,70,70,70,77,77,77],"card_choices":[{"not_picked":["Dagger Throw","Prepared"],"picked":"Bouncing Flask","floor":1},{"not_picked":["Flying Knee","Setup"],"picked":"Backstab","floor":3},{"not_picked":["Choke","Accuracy","Dodge and Roll"],"picked":"SKIP","floor":4},{"not_picked":["Dodge and Roll","Quick Slash"],"picked":"Backflip","floor":7},{"not_picked":["Cloak And Dagger","PiercingWail"],"picked":"Skewer+1","floor":13},{"not_picked":["Slice+1","Dodge and Roll","Dagger Throw+1"],"picked":"SKIP","floor":14},{"not_picked":["Envenom","Phantasmal Killer"],"picked":"Glass Knife+1","floor":16},{"not_picked":["Heel Hook+1","Distraction","Bane+1"],"picked":"SKIP","floor":18},{"not_picked":["Concentrate","Underhanded Strike+1","Dodge and Roll+1"],"picked":"SKIP","floor":20},{"not_picked":["Poisoned Stab+1","Distraction"],"picked":"Cloak And Dagger","floor":21},{"not_picked":["Choke+1","Dagger Throw+1"],"picked":"Escape Plan","floor":24},{"not_picked":["Dodge and Roll","Sucker Punch+1"],"picked":"Well Laid Plans","floor":25},{"not_picked":["Blade Dance","Terror"],"picked":"Cloak And Dagger+1","floor":30},{"not_picked":["Heel Hook+1","Finisher+1"],"picked":"Distraction+1","floor":31},{"not_picked":["Night Terror","A Thousand Cuts"],"picked":"Storm of Steel","floor":33},{"not_picked":["Leg Sweep","Deadly Poison"],"picked":"Calculated Gamble","floor":35},{"not_picked":["Outmaneuver+1","Catalyst"],"picked":"Footwork","floor":37},{"not_picked":["Cloak And Dagger","All Out Attack+1","Bouncing Flask+1"],"picked":"SKIP","floor":40},{"not_picked":["Tactician","Eviscerate+1"],"picked":"Infinite Blades+1","floor":42},{"not_picked":["Acrobatics","Masterful Stab+1","Prepared"],"picked":"Sucker Punch+1","floor":45},{"not_picked":["Dodge and Roll","Dagger Spray+1","Cloak And Dagger"],"picked":"PiercingWail","floor":46},{"not_picked":["Sucker Punch+1","Eviscerate+1","Blade Dance"],"picked":"Dodge and Roll","floor":55}],"player_experience":1275360,"relics_obtained":[{"floor":2,"key":"Shuriken"},{"floor":7,"key":"Molten Egg 2"},{"floor":9,"key":"Lantern"},{"floor":24,"key":"War Paint"},{"floor":26,"key":"Juzu Bracelet"},{"floor":30,"key":"Dead Branch"},{"floor":30,"key":"Dodecahedron"},{"floor":36,"key":"FossilizedHelix"},{"floor":40,"key":"Anchor"},{"floor":42,"key":"Question Card"},{"floor":46,"key":"Strawberry"},{"floor":48,"key":"Tingsha"},{"floor":55,"key":"Vajra"}],"event_choices":[{"damage_healed":0,"gold_gain":0,"player_choice":"Success","damage_taken":5,"relics_obtained":["Ancient Tea Set"],"max_hp_gain":0,"max_hp_loss":0,"event_name":"Scrap Ooze","floor":5,"gold_loss":0},{"cards_removed":["Strike_G"],"damage_healed":0,"gold_gain":0,"player_choice":"Card Removal","damage_taken":7,"max_hp_gain":0,"max_hp_loss":0,"event_name":"Golden Wing","floor":10,"gold_loss":0},{"damage_healed":0,"gold_gain":0,"cards_transformed":["Strike_G"],"player_choice":"Change","damage_taken":0,"max_hp_gain":0,"max_hp_loss":0,"event_name":"Living Wall","floor":12,"gold_loss":0,"cards_obtained":["Slice"]},{"damage_healed":0,"gold_gain":0,"player_choice":"Ignored","damage_taken":0,"max_hp_gain":0,"max_hp_loss":0,"event_name":"Vampires","floor":22,"gold_loss":0},{"damage_healed":0,"gold_gain":50,"player_choice":"Stole From Cult","damage_taken":0,"max_hp_gain":0,"max_hp_loss":0,"event_name":"Nest","floor":27,"gold_loss":0},{"cards_removed":["Strike_G"],"damage_healed":0,"gold_gain":0,"player_choice":"Purged","damage_taken":0,"max_hp_gain":0,"max_hp_loss":0,"event_name":"Purifier","floor":28,"gold_loss":0},{"damage_healed":0,"gold_gain":0,"player_choice":"Fight","damage_taken":0,"max_hp_gain":0,"max_hp_loss":0,"event_name":"Colosseum","floor":30,"gold_loss":0},{"damage_healed":0,"gold_gain":0,"player_choice":"Fought Nobs","damage_taken":0,"max_hp_gain":0,"max_hp_loss":0,"event_name":"Colosseum","floor":30,"gold_loss":0},{"damage_healed":0,"gold_gain":0,"player_choice":"Fight","damage_taken":0,"max_hp_gain":0,"max_hp_loss":0,"event_name":"Mysterious Sphere","floor":36,"gold_loss":0},{"damage_healed":0,"gold_gain":0,"player_choice":"Max HP","damage_taken":0,"max_hp_gain":0,"max_hp_loss":3,"event_name":"Winding Halls","floor":38,"gold_loss":0},{"cards_removed":["Slice"],"damage_healed":0,"gold_gain":0,"player_choice":"Removed Attack","damage_taken":0,"max_hp_gain":0,"max_hp_loss":0,"event_name":"Falling","floor":39,"gold_loss":0},{"damage_healed":0,"gold_gain":0,"player_choice":"Ignored","damage_taken":0,"max_hp_gain":0,"max_hp_loss":0,"event_name":"Tomb of Lord Red Mask","floor":41,"gold_loss":0},{"damage_healed":0,"gold_gain":0,"player_choice":"Fight","damage_taken":0,"max_hp_gain":0,"max_hp_loss":0,"event_name":"MindBloom","floor":48,"gold_loss":0}],"is_beta":false,"boss_relics":[{"not_picked":["Velvet Choker","Empty Cage"],"picked":"Sozu"},{"not_picked":["Eternal Feather","Runic Pyramid"],"picked":"Fusion Hammer"}],"items_purged_floors":[54],"is_endless":false,"potions_floor_spawned":[1,3,14,16,21,24,25,30,33,36,37,42],"ascension_level":20}