{"gold_per_floor":[117,117,38,38,38,75,87,124,160,172,203,227,250,262,274,384,396,424,436],"floor_reached":19,"playtime":801,"items_purged":[],"score":326,"play_id":"aaf62b92-5d0b-49bd-89f9-43409c026ebe","local_time":"20190611191034","is_ascension_mode":true,"campfire_choices":[{"data":"Noxious Fumes","floor":7.0,"key":"SMITH"},{"data":"Noxious Fumes","floor":10.0,"key":"SMITH"},{"data":"Bouncing Flask","floor":15.0,"key":"SMITH"}],"neow_cost":"NONE","seed_source_timestamp":1398624477093757,"circlet_count":0,"master_deck":["Defend_G","Defend_G","Defend_G","Defend_G","Defend_G+1","Strike_G","Strike_G","Strike_G","Strike_G","Strike_G","Survivor","Neutralize","Deadly Poison+1","Noxious Fumes+1","Noxious Fumes+1","Poisoned Stab","Well Laid Plans","Bouncing Flask+1","Burst","Bane+1"],"special_seed":0,"relics":["Ring of the Snake","NeowsBlessing","MawBank","War Paint","Darkstone Periapt","Bag of Marbles","Pantograph","White Beast Statue"],"potions_floor_usage":[19,19],"damage_taken":[{"damage":0.0,"enemies":"2 Louse","floor":1.0,"turns":1.0},{"damage":0.0,"enemies":"3 Sentries","floor":6.0,"turns":2.0},{"damage":0.0,"enemies":"Lagavulin","floor":8.0,"turns":1.0},{"damage":7.0,"enemies":"Small Slimes","floor":11.0,"turns":4.0},{"damage":0.0,"enemies":"Jaw Worm","floor":12.0,"turns":4.0},{"damage":18.0,"enemies":"Lots of Slimes","floor":13.0,"turns":3.0},{"damage":48.0,"enemies":"Slime Boss","floor":16.0,"turns":6.0},{"damage":35.0,"enemies":"3 Byrds","floor":18.0,"turns":5.0},{"damage":36,"enemies":"Masked Bandits","floor":19,"turns":3}],"seed_played":"3682691309015981895","potions_obtained":[{"floor":12.0,"key":"Strength Potion"},{"floor":16.0,"key":"SteroidPotion"},{"floor":18.0,"key":"FearPotion"}],"is_trial":false,"path_per_floor":["M","?","$","?","?","E","R","E","T","R","M","M","M","?","R","B",null,"M","?"],"character_chosen":"THE_SILENT","items_purchased":["Noxious Fumes"],"campfire_rested":0,"item_purchase_floors":[3],"current_hp_per_floor":[63,63,63,68,68,68,68,68,68,68,61,61,43,43,43,20,61,26,0],"gold":436,"neow_bonus":"THREE_ENEMY_KILL","is_prod":false,"is_daily":false,"chose_seed":false,"campfire_upgraded":3,"win_rate":0,"timestamp":1560269434,"path_taken":["M","?","$","?","?","E","R","E","T","R","?","M","M","?","R","BOSS","M","?"],"build_version":"2019-01-23","purchased_purges":0,"victory":false,"max_hp_per_floor":[70,70,70,75,75,75,75,75,75,75,75,75,75,75,75,75,75,75,75],"card_choices":[{"not_picked":["Dagger Spray","Predator"],"picked":"Deadly Poison","floor":1.0},{"not_picked":["Malaise","Backflip"],"picked":"Noxious Fumes","floor":6.0},{"not_picked":["Prepared","Terror"],"picked":"Poisoned Stab","floor":8.0},{"not_picked":["Sucker Punch","Distraction"],"picked":"Well Laid Plans","floor":11.0},{"not_picked":["Dagger Spray","Masterful Stab"],"picked":"Bouncing Flask","floor":12.0},{"not_picked":["Eviscerate","Dash","Acrobatics"],"picked":"SKIP","floor":13.0},{"not_picked":["Envenom","After Image"],"picked":"Burst","floor":16.0},{"not_picked":["PiercingWail","Cloak And Dagger"],"picked":"Bane+1","floor":18.0}],"player_experience":1515719,"relics_obtained":[{"floor":5.0,"key":"MawBank"},{"floor":6.0,"key":"War Paint"},{"floor":8.0,"key":"Darkstone Periapt"},{"floor":9.0,"key":"Bag of Marbles"}],"event_choices":[{"damage_healed":0.0,"max_hp_gain":0.0,"max_hp_loss":0.0,"gold_gain":0.0,"event_name":"Golden Wing","player_choice":"Ignored","floor":2.0,"gold_loss":0.0,"damage_taken":0.0},{"damage_healed":0.0,"max_hp_gain":5.0,"max_hp_loss":0.0,"gold_gain":0.0,"event_name":"Big Fish","player_choice":"Donut","floor":4.0,"gold_loss":0.0,"damage_taken":0.0},{"damage_healed":0.0,"max_hp_gain":0.0,"max_hp_loss":0.0,"gold_gain":0.0,"event_name":"Wheel of Change","player_choice":"Relic","floor":5.0,"gold_loss":0.0,"damage_taken":0.0},{"damage_healed":0.0,"max_hp_gain":0.0,"max_hp_loss":0.0,"gold_gain":0.0,"event_name":"WeMeetAgain","player_choice":"Gave Potion","floor":14.0,"gold_loss":0.0,"damage_taken":0.0,"relics_obtained":["Pantograph"]},{"damage_healed":0,"gold_gain":0,"player_choice":"Fought Bandits","damage_taken":0,"max_hp_gain":0,"max_hp_loss":0,"event_name":"Masked Bandits","floor":19,"gold_loss":0}],"is_beta":false,"boss_relics":[{"not_picked":["Runic Pyramid","Ring of the Serpent"],"picked":"White Beast Statue"}],"items_purged_floors":[],"is_endless":false,"potions_floor_spawned":[12,16,18],"killed_by":"Masked Bandits","ascension_level":9}