{"gold_per_floor":[110,110,120,189,207,233,13,13,64,64,91,366,376,406,406,481,481,461,100,100,113,113,145,145,156,225,250,89,109,109],"floor_reached":30,"playtime":2355,"items_purged":["Regret"],"score":572,"play_id":"588032df-ce70-4b6b-9fb7-a611e06a552e","local_time":"20190707191619","is_ascension_mode":true,"campfire_choices":[{"floor":8,"key":"REST"},{"floor":10,"key":"REST"},{"floor":15,"key":"REST"},{"floor":24,"key":"REST"}],"neow_cost":"NONE","seed_source_timestamp":179176628098625,"circlet_count":0,"master_deck":["AscendersBane","Strike_G+1","Strike_G+1","Strike_G+1","Strike_G+1","Strike_G+1","Defend_G+1","Defend_G+1","Defend_G+1","Defend_G+1","Defend_G+1","Survivor","Neutralize+1","Dash","Deadly Poison","Noxious Fumes","Unload","Dodge and Roll","Blur","Corpse Explosion","Dodge and Roll","Crippling Poison","Noxious Fumes","Heel Hook","PiercingWail","Cloak And Dagger+1","Burst","Caltrops","Backflip+1"],"relics":["Fusion Hammer","Ancient Tea Set","Oddly Smooth Stone","Centennial Puzzle","Whetstone","Pen Nib","Anchor","Eternal Feather","Snake Skull","Juzu Bracelet","Gremlin Horn","Ice Cream"],"potions_floor_usage":[6,6,18,21,27,27,30],"damage_taken":[{"damage":8,"enemies":"2 Louse","floor":1,"turns":3},{"damage":2,"enemies":"Jaw Worm","floor":3,"turns":4},{"damage":1,"enemies":"Cultist","floor":5,"turns":4},{"damage":16,"enemies":"Gremlin Nob","floor":6,"turns":4},{"damage":4,"enemies":"Lagavulin","floor":11,"turns":6},{"damage":10,"enemies":"2 Fungi Beasts","floor":13,"turns":3},{"damage":10,"enemies":"3 Sentries","floor":14,"turns":6},{"damage":43,"enemies":"Hexaghost","floor":16,"turns":12},{"damage":1,"enemies":"2 Thieves","floor":18,"turns":4},{"damage":12,"enemies":"Spheric Guardian","floor":21,"turns":5},{"damage":10,"enemies":"Gremlin Leader","floor":23,"turns":5},{"damage":11,"enemies":"Snake Plant","floor":25,"turns":6},{"damage":10,"enemies":"Book of Stabbing","floor":27,"turns":6},{"damage":2,"enemies":"Snecko","floor":29,"turns":4},{"damage":39,"enemies":"Cultist and Chosen","floor":30,"turns":5}],"seed_played":"-3918090956703376090","potions_obtained":[{"floor":1,"key":"GamblersBrew"},{"floor":5,"key":"AttackPotion"},{"floor":13,"key":"Block Potion"},{"floor":16,"key":"Swift Potion"},{"floor":18,"key":"Weak Potion"},{"floor":25,"key":"Strength Potion"},{"floor":29,"key":"GamblersBrew"}],"is_trial":false,"path_per_floor":["M","?","M","?","M","E","$","R","T","R","E","?","M","E","R","B",null,"M","$","?","M","?","E","R","M","T","E","$","M","M"],"character_chosen":"THE_SILENT","items_purchased":["Centennial Puzzle","Dodge and Roll","Snake Skull","Crippling Poison","Noxious Fumes","Burst","Caltrops"],"campfire_rested":4,"item_purchase_floors":[7,7,19,19,19,28,28],"current_hp_per_floor":[51,33,31,31,30,14,14,33,33,52,48,48,38,28,47,4,51,50,50,50,38,38,28,59,48,48,38,38,36,0],"gold":109,"neow_bonus":"BOSS_RELIC","is_prod":false,"is_daily":false,"chose_seed":false,"campfire_upgraded":0,"win_rate":0,"timestamp":1562519779,"path_taken":["M","?","M","?","M","E","$","R","T","R","E","?","M","E","R","BOSS","M","$","?","M","?","E","R","M","T","E","?","M","M"],"build_version":"2019-07-01","purchased_purges":1,"victory":false,"max_hp_per_floor":[66,66,66,66,66,66,66,66,66,66,66,66,66,66,66,66,66,66,66,66,66,66,66,66,66,66,66,66,66,66],"card_choices":[{"not_picked":["Acrobatics","Deadly Poison"],"picked":"Dash","floor":1},{"not_picked":["PiercingWail","Slice"],"picked":"Deadly Poison","floor":3},{"not_picked":["Deadly Poison","PiercingWail"],"picked":"Noxious Fumes","floor":5},{"not_picked":["Infinite Blades","Dagger Spray"],"picked":"Unload","floor":6},{"not_picked":["Deflect","Tactician"],"picked":"Blur","floor":13},{"not_picked":["Doppelganger","Bullet Time"],"picked":"Corpse Explosion","floor":16},{"not_picked":["Calculated Gamble","Deflect"],"picked":"Dodge and Roll","floor":18},{"not_picked":["Calculated Gamble","Prepared"],"picked":"Heel Hook","floor":21},{"not_picked":["Dodge and Roll","Cloak And Dagger","Deflect"],"picked":"SKIP","floor":23},{"not_picked":["Tactician","Deadly Poison"],"picked":"PiercingWail","floor":25},{"not_picked":["Deflect","Acrobatics"],"picked":"Cloak And Dagger+1","floor":27},{"not_picked":["Choke","Deflect"],"picked":"Backflip+1","floor":29}],"player_experience":1197497,"relics_obtained":[{"floor":6,"key":"Oddly Smooth Stone"},{"floor":9,"key":"Whetstone"},{"floor":11,"key":"Pen Nib"},{"floor":14,"key":"Anchor"},{"floor":23,"key":"Juzu Bracelet"},{"floor":26,"key":"Gremlin Horn"},{"floor":27,"key":"Ice Cream"}],"event_choices":[{"damage_healed":0,"gold_gain":0,"player_choice":"Success","damage_taken":18,"relics_obtained":["Ancient Tea Set"],"max_hp_gain":0,"max_hp_loss":0,"event_name":"Scrap Ooze","floor":2,"gold_loss":0},{"damage_healed":0,"gold_gain":69,"player_choice":"Gained Gold","damage_taken":0,"max_hp_gain":0,"max_hp_loss":0,"event_name":"Golden Wing","floor":4,"gold_loss":0},{"damage_healed":0,"gold_gain":275,"player_choice":"Desecrate","damage_taken":0,"max_hp_gain":0,"max_hp_loss":0,"event_name":"Golden Shrine","floor":12,"gold_loss":0,"cards_obtained":["Regret"]},{"damage_healed":0,"gold_gain":0,"player_choice":"Ignored","damage_taken":0,"max_hp_gain":0,"max_hp_loss":0,"event_name":"Beggar","floor":20,"gold_loss":0},{"damage_healed":0,"gold_gain":0,"player_choice":"Simplicity","damage_taken":0,"max_hp_gain":0,"max_hp_loss":0,"event_name":"Back to Basics","floor":22,"gold_loss":0,"cards_upgraded":["Strike_G","Strike_G","Strike_G","Strike_G","Defend_G","Defend_G","Defend_G","Defend_G","Defend_G"]}],"is_beta":false,"boss_relics":[{"not_picked":["HoveringKite","Ectoplasm"],"picked":"Eternal Feather"}],"items_purged_floors":[19],"is_endless":false,"potions_floor_spawned":[1,5,13,16,18,25,29],"killed_by":"Cultist and Chosen","ascension_level":20}