{"gold_per_floor":[116,126,51,51,326,357,357,115,115,140,150,150,130,146,146,219,219,231,231,231,231,231,231,248,248,248,267,298,317,367,367,367,367],"floor_reached":33,"playtime":872,"items_purged":["Regret"],"score":592,"play_id":"1df4d333-7c67-4db0-b790-c83d295f755d","local_time":"20190728114828","is_ascension_mode":true,"campfire_choices":[{"data":"Carnage","floor":7.0,"key":"SMITH"},{"data":"1","floor":12.0,"key":"LIFT"},{"data":"2","floor":15.0,"key":"LIFT"},{"data":"3","floor":23.0,"key":"LIFT"},{"data":"Armaments","floor":25.0,"key":"SMITH"},{"data":"Offering","floor":32,"key":"SMITH"}],"neow_cost":"NONE","seed_source_timestamp":764090232631100,"circlet_count":0,"master_deck":["AscendersBane","Strike_R","Strike_R","Defend_R","Defend_R","Defend_R","Defend_R","Bash","Shrug It Off","Carnage+1","Twin Strike","Armaments+1","Offering+1","Necronomicurse","Pommel Strike","Bloodletting","Decay","Flame Barrier"],"special_seed":0,"relics":["Burning Blood","NeowsBlessing","Blood Vial","Centennial Puzzle","PreservedInsect","Girya","Cursed Key","Necronomicon","Meat on the Bone"],"potions_floor_usage":[33],"damage_taken":[{"damage":0.0,"enemies":"Small Slimes","floor":1.0,"turns":1.0},{"damage":0.0,"enemies":"Jaw Worm","floor":2.0,"turns":1.0},{"damage":0.0,"enemies":"Gremlin Nob","floor":6.0,"turns":1.0},{"damage":34.0,"enemies":"3 Sentries","floor":10.0,"turns":8.0},{"damage":4.0,"enemies":"2 Louse","floor":11.0,"turns":3.0},{"damage":19.0,"enemies":"Lots of Slimes","floor":14.0,"turns":5.0},{"damage":59.0,"enemies":"Hexaghost","floor":16.0,"turns":8.0},{"damage":19.0,"enemies":"3 Byrds","floor":18.0,"turns":4.0},{"damage":6.0,"enemies":"Shell Parasite","floor":24.0,"turns":1.0},{"damage":3.0,"enemies":"Centurion and Healer","floor":27.0,"turns":2.0},{"damage":6.0,"enemies":"Slavers","floor":28.0,"turns":4.0},{"damage":6.0,"enemies":"Snake Plant","floor":29.0,"turns":3.0},{"damage":32,"enemies":"Collector","floor":33,"turns":5}],"seed_played":"7237921448552470194","potions_obtained":[{"floor":10.0,"key":"AttackPotion"},{"floor":11.0,"key":"EssenceOfSteel"},{"floor":13.0,"key":"BloodPotion"},{"floor":16.0,"key":"LiquidBronze"},{"floor":27.0,"key":"FearPotion"},{"floor":28.0,"key":"Energy Potion"}],"is_trial":false,"path_per_floor":["M","M","?","?","?","E","R","$","T","E","M","R","?","M","R","B",null,"M","?","?","$","?","R","M","R","T","M","E","M","?","T","R","B"],"character_chosen":"IRONCLAD","items_purchased":["PreservedInsect"],"campfire_rested":0,"item_purchase_floors":[8],"current_hp_per_floor":[74,75,75,75,75,75,75,75,75,47,51,51,51,40,40,7,58,47,47,26,26,26,26,28,28,28,33,35,49,49,49,49,19],"gold":367,"neow_bonus":"THREE_ENEMY_KILL","is_prod":false,"is_daily":false,"chose_seed":false,"campfire_upgraded":3,"win_rate":0,"timestamp":1564282108,"path_taken":["M","M","?","?","?","E","R","$","T","E","?","R","?","M","R","BOSS","M","?","?","$","?","R","M","R","T","M","E","?","?","?","R","BOSS"],"build_version":"2019-07-17","purchased_purges":1,"victory":false,"max_hp_per_floor":[75,75,75,75,75,75,75,75,75,75,75,75,75,75,75,75,75,75,75,75,75,75,75,75,75,75,75,75,75,75,75,75,75],"card_choices":[{"not_picked":["Headbutt","Clothesline","Iron Wave"],"picked":"SKIP","floor":1.0},{"not_picked":["Fire Breathing","Perfected Strike"],"picked":"Shrug It Off","floor":2.0},{"not_picked":["Whirlwind","Ghostly Armor"],"picked":"Carnage","floor":6.0},{"not_picked":["Blood for Blood","Cleave"],"picked":"Twin Strike","floor":10.0},{"not_picked":["Headbutt","Clothesline","Ghostly Armor"],"picked":"SKIP","floor":11.0},{"not_picked":["Warcry","Rupture"],"picked":"Armaments","floor":14.0},{"not_picked":["Feed","Berserk"],"picked":"Offering","floor":16.0},{"not_picked":["Twin Strike","Perfected Strike","Iron Wave"],"picked":"SKIP","floor":18.0},{"not_picked":["Body Slam","Rage","Pommel Strike"],"picked":"SKIP","floor":24.0},{"not_picked":["Heavy Blade","Searing Blow","Havoc"],"picked":"SKIP","floor":27.0},{"not_picked":["Body Slam","Double Tap","Clothesline"],"picked":"SKIP","floor":28.0},{"not_picked":["Flex","Armaments+1"],"picked":"Flame Barrier","floor":29.0}],"player_experience":1247246,"relics_obtained":[{"floor":6.0,"key":"Centennial Puzzle"},{"floor":9.0,"key":"Girya"},{"floor":20.0,"key":"Necronomicon"},{"floor":28.0,"key":"Meat on the Bone"}],"event_choices":[{"cards_removed":["Strike_R"],"damage_healed":0.0,"max_hp_gain":0.0,"max_hp_loss":0.0,"gold_gain":0.0,"event_name":"The Cleric","player_choice":"Card Removal","floor":3.0,"gold_loss":75.0,"damage_taken":0.0},{"damage_healed":0.0,"max_hp_gain":0.0,"max_hp_loss":0.0,"gold_gain":0.0,"event_name":"Big Fish","player_choice":"Box","floor":4.0,"gold_loss":0.0,"damage_taken":0.0,"relics_obtained":["Blood Vial"],"cards_obtained":["Regret"]},{"damage_healed":0.0,"max_hp_gain":0.0,"max_hp_loss":0.0,"gold_gain":275.0,"event_name":"Golden Shrine","player_choice":"Desecrate","floor":5.0,"gold_loss":0.0,"damage_taken":0.0,"cards_obtained":["Regret"]},{"damage_healed":0.0,"max_hp_gain":0.0,"max_hp_loss":0.0,"gold_gain":0.0,"event_name":"The Woman in Blue","player_choice":"Bought 1 Potion","floor":13.0,"gold_loss":0.0,"damage_taken":0.0},{"cards_removed":["Regret"],"damage_healed":0.0,"max_hp_gain":0.0,"max_hp_loss":0.0,"gold_gain":0.0,"event_name":"Back to Basics","player_choice":"Elegance","floor":19.0,"gold_loss":0.0,"damage_taken":0.0},{"damage_healed":0.0,"max_hp_gain":0.0,"max_hp_loss":0.0,"gold_gain":0.0,"event_name":"Cursed Tome","player_choice":"Obtained Book","floor":20.0,"gold_loss":0.0,"damage_taken":21.0},{"damage_healed":0.0,"max_hp_gain":0.0,"max_hp_loss":0.0,"gold_gain":0.0,"cards_transformed":["Strike_R","Strike_R"],"event_name":"Drug Dealer","player_choice":"Became Test Subject","floor":22.0,"gold_loss":0.0,"damage_taken":0.0,"cards_obtained":["Pommel Strike","Bloodletting"]},{"damage_healed":0.0,"max_hp_gain":0.0,"max_hp_loss":0.0,"gold_gain":50.0,"event_name":"Nest","player_choice":"Stole From Cult","floor":30.0,"gold_loss":0.0,"damage_taken":0.0}],"is_beta":false,"boss_relics":[{"not_picked":["Velvet Choker","Empty Cage"],"picked":"Cursed Key"}],"items_purged_floors":[8],"is_endless":false,"potions_floor_spawned":[10,11,14,16,27,28,29],"killed_by":"Collector","ascension_level":20}