{"gold_per_floor":[116,191,207,172,172,205,205,236,236,511,524,141,160,173,173,250,250,263,275,290,290],"floor_reached":21,"playtime":1388,"items_purged":[],"score":356,"play_id":"db257286-b990-43e8-afe5-e690e29abd6f","local_time":"20190710184533","is_ascension_mode":true,"campfire_choices":[{"data":"Terror","floor":7.0,"key":"SMITH"},{"floor":15,"key":"REST"}],"neow_cost":"NONE","seed_source_timestamp":778805706068,"circlet_count":0,"master_deck":["AscendersBane","Strike_G","Strike_G","Strike_G","Strike_G","Strike_G","Defend_G","Defend_G","Defend_G","Defend_G","Defend_G","Survivor","Neutralize","Acrobatics","Escape Plan","Terror+1","Slice","Dagger Throw","Impatience","Finisher","Dash","Die Die Die","Underhanded Strike","Leg Sweep","Prepared"],"special_seed":0,"relics":["Ring of the Snake","NeowsBlessing","Gremlin Horn","Smiling Mask","Sundial","Kunai","Empty Cage"],"potions_floor_usage":[16,20],"damage_taken":[{"damage":0.0,"enemies":"Small Slimes","floor":1.0,"turns":1.0},{"damage":0.0,"enemies":"2 Louse","floor":3.0,"turns":1.0},{"damage":0.0,"enemies":"Gremlin Nob","floor":6.0,"turns":1.0},{"damage":21.0,"enemies":"3 Sentries","floor":8.0,"turns":15.0},{"damage":6.0,"enemies":"Cultist","floor":11.0,"turns":5.0},{"damage":4.0,"enemies":"Gremlin Gang","floor":13.0,"turns":7.0},{"damage":0,"enemies":"Exordium Wildlife","floor":14,"turns":4},{"damage":31,"enemies":"The Guardian","floor":16,"turns":9},{"damage":13,"enemies":"Shell Parasite","floor":18,"turns":4},{"damage":7,"enemies":"Spheric Guardian","floor":19,"turns":4},{"damage":6,"enemies":"3 Cultists","floor":20,"turns":6},{"damage":40,"enemies":"Centurion and Healer","floor":21,"turns":6}],"seed_played":"-6423073883415880873","potions_obtained":[{"floor":3.0,"key":"Block Potion"},{"floor":8.0,"key":"PowerPotion"},{"floor":14,"key":"SpeedPotion"}],"is_trial":false,"path_per_floor":["M","?","M","?","?","E","R","E","T","?","M","$","M","M","R","B",null,"M","M","M","M"],"character_chosen":"THE_SILENT","items_purchased":["Dagger Throw","Kunai","Impatience"],"campfire_rested":1,"item_purchase_floors":[12,12,12],"current_hp_per_floor":[63,52,52,69,69,69,69,48,48,48,42,42,38,38,59,28,60,47,40,34,0],"gold":290,"neow_bonus":"THREE_ENEMY_KILL","is_prod":false,"is_daily":false,"chose_seed":false,"campfire_upgraded":1,"win_rate":0,"timestamp":1562773533,"path_taken":["M","?","M","?","?","E","R","E","T","?","M","$","?","M","R","BOSS","M","M","M","?"],"build_version":"2019-07-05","purchased_purges":0,"victory":false,"max_hp_per_floor":[70,70,70,70,70,70,70,70,70,70,70,70,70,70,70,70,70,70,70,70,70],"card_choices":[{"not_picked":["Sucker Punch","Caltrops"],"picked":"Acrobatics","floor":1.0},{"not_picked":["Bane","Flying Knee"],"picked":"Escape Plan","floor":3.0},{"not_picked":["PiercingWail","Backflip"],"picked":"Terror","floor":6.0},{"not_picked":["Cloak And Dagger","Deadly Poison"],"picked":"Slice","floor":8.0},{"not_picked":["Outmaneuver","PiercingWail"],"picked":"Concentrate","floor":11.0},{"not_picked":["Dagger Spray","PiercingWail"],"picked":"Finisher","floor":13.0},{"not_picked":["PiercingWail","Venomology"],"picked":"Dash","floor":14},{"not_picked":["Malaise","Tools of the Trade"],"picked":"Die Die Die","floor":16},{"not_picked":["Quick Slash","Calculated Gamble+1"],"picked":"Underhanded Strike","floor":18},{"not_picked":["Distraction","Dodge and Roll"],"picked":"Leg Sweep","floor":19},{"not_picked":["Blade Dance","Bane"],"picked":"Prepared","floor":20}],"player_experience":1607962,"relics_obtained":[{"floor":6.0,"key":"Gremlin Horn"},{"floor":8.0,"key":"Smiling Mask"},{"floor":9.0,"key":"Sundial"}],"event_choices":[{"damage_healed":0.0,"max_hp_gain":0.0,"max_hp_loss":0.0,"gold_gain":75.0,"event_name":"World of Goop","player_choice":"Gather Gold","floor":2.0,"gold_loss":0.0,"damage_taken":11.0},{"damage_healed":17.0,"max_hp_gain":0.0,"max_hp_loss":0.0,"gold_gain":0.0,"event_name":"The Cleric","player_choice":"Healed","floor":4.0,"gold_loss":35.0,"damage_taken":0.0},{"damage_healed":0.0,"max_hp_gain":0.0,"max_hp_loss":0.0,"gold_gain":0.0,"event_name":"Golden Wing","player_choice":"Ignored","floor":5.0,"gold_loss":0.0,"damage_taken":0.0},{"damage_healed":0.0,"max_hp_gain":0.0,"max_hp_loss":0.0,"gold_gain":275.0,"event_name":"Golden Shrine","player_choice":"Desecrate","floor":10.0,"gold_loss":0.0,"damage_taken":0.0,"cards_obtained":["Regret"]}],"is_beta":false,"boss_relics":[{"not_picked":["White Beast Statue","Pandora\u0027s Box"],"picked":"Empty Cage"}],"items_purged_floors":[],"is_endless":false,"potions_floor_spawned":[3,8,14],"killed_by":"Centurion and Healer","ascension_level":13}