{"gold_per_floor":[16,16,27,37,57,91,91,124,124,156,167,167,182,214,214,291,291,311,131,146,173,17,17,29,60,60,86,136,136,167,183,183,257,257,275,275,294,305,305,335,335,368,446,480,480,494,506,522,522,522,522,522,522,64,94,94],"floor_reached":57,"playtime":3349,"items_purged":["Strike_R","Strike_R","Clash"],"score":2814,"play_id":"7c66e46e-0e50-4946-b7f0-dce0419ad172","local_time":"20190726180100","is_ascension_mode":true,"campfire_choices":[{"data":"Carnage","floor":7,"key":"SMITH"},{"data":"Demon Form","floor":12,"key":"SMITH"},{"data":"Barricade","floor":15,"key":"SMITH"},{"data":"Armaments","floor":23,"key":"SMITH"},{"data":"Feel No Pain","floor":29,"key":"SMITH"},{"data":"Dual Wield","floor":32,"key":"SMITH"},{"data":"Offering","floor":41,"key":"SMITH"},{"floor":49,"key":"RECALL"},{"data":"Brutality","floor":53,"key":"SMITH"}],"neow_cost":"NO_GOLD","seed_source_timestamp":611167609215400,"circlet_count":0,"master_deck":["AscendersBane","Strike_R","Defend_R","Defend_R","Defend_R","Defend_R","Bash","Brutality+1","Power Through","Reaper","Carnage+1","Rampage","True Grit","Sword Boomerang","Demon Form+1","Feel No Pain+1","Burning Pact","Barricade+1","Reaper","Corruption","Armaments+1","Shockwave","Dual Wield+1","Corruption+1","Intimidate","Second Wind","True Grit+1","Offering+1","Seeing Red","Burning Pact+1","Shockwave","Double Tap","Seeing Red","Limit Break","Pommel Strike+1"],"relics":["Burning Blood","Red Skull","Turnip","Pear","Self Forming Clay","Boot","Coffee Dripper","Red Mask","Unceasing Top","Anchor","StoneCalendar","Sozu","Bottled Lightning","Nunchaku","Singing Bowl","Letter Opener","Bag of Preparation","Pen Nib","Sundial"],"potions_floor_usage":[6,8,16,20,27,56,56],"damage_taken":[{"damage":2,"enemies":"2 Louse","floor":1,"turns":4},{"damage":3,"enemies":"Cultist","floor":3,"turns":4},{"damage":2,"enemies":"Jaw Worm","floor":4,"turns":3},{"damage":14,"enemies":"3 Louse","floor":5,"turns":4},{"damage":25,"enemies":"Lagavulin","floor":6,"turns":8},{"damage":26,"enemies":"Gremlin Nob","floor":8,"turns":4},{"damage":27,"enemies":"Lagavulin","floor":10,"turns":7},{"damage":18,"enemies":"Exordium Thugs","floor":11,"turns":5},{"damage":11,"enemies":"Exordium Wildlife","floor":13,"turns":5},{"damage":36,"enemies":"3 Sentries","floor":14,"turns":10},{"damage":12,"enemies":"Hexaghost","floor":16,"turns":9},{"damage":28,"enemies":"Shell Parasite","floor":18,"turns":8},{"damage":22,"enemies":"2 Thieves","floor":20,"turns":4},{"damage":53,"enemies":"Masked Bandits","floor":21,"turns":6},{"damage":17,"enemies":"Centurion and Healer","floor":24,"turns":8},{"damage":32,"enemies":"Book of Stabbing","floor":25,"turns":6},{"damage":74,"enemies":"Slavers","floor":27,"turns":8},{"damage":21,"enemies":"Book of Stabbing","floor":30,"turns":7},{"damage":17,"enemies":"Shelled Parasite and Fungi","floor":31,"turns":6},{"damage":18,"enemies":"Champ","floor":33,"turns":17},{"damage":12,"enemies":"Orb Walker","floor":35,"turns":5},{"damage":3,"enemies":"3 Shapes","floor":37,"turns":5},{"damage":27,"enemies":"Writhing Mass","floor":38,"turns":8},{"damage":28,"enemies":"Nemesis","floor":40,"turns":7},{"damage":63,"enemies":"Reptomancer","floor":42,"turns":8},{"damage":22,"enemies":"Nemesis","floor":44,"turns":7},{"damage":7,"enemies":"Spire Growth","floor":46,"turns":3},{"damage":10,"enemies":"3 Darklings","floor":47,"turns":5},{"damage":19,"enemies":"Sphere and 2 Shapes","floor":48,"turns":4},{"damage":84,"enemies":"Time Eater","floor":50,"turns":16},{"damage":73,"enemies":"Awakened One","floor":51,"turns":15},{"damage":67,"enemies":"Shield and Spear","floor":55,"turns":9},{"damage":88,"enemies":"The Heart","floor":56,"turns":10}],"seed_played":"-8673817931698383671","potions_obtained":[{"floor":1,"key":"Swift Potion"},{"floor":3,"key":"Ancient Potion"},{"floor":10,"key":"AttackPotion"},{"floor":13,"key":"Block Potion"},{"floor":21,"key":"EssenceOfSteel"},{"floor":33,"key":"Regen Potion"}],"is_trial":false,"path_per_floor":["M","?","M","M","M","E","R","E","T","E","M","R","M","E","R","B",null,"M","$","M","?","$","R","M","E","T","E","?","R","E","M","R","B",null,"M","?","M","M","T","E","R","E","T","E","?","M","M","M","R","B","B",null,"R","$","E","B",null],"character_chosen":"IRONCLAD","items_purchased":["Corruption","Armaments","Block Potion","Limit Break","Pen Nib"],"campfire_rested":0,"item_purchase_floors":[19,19,22,54,54],"current_hp_per_floor":[72,72,75,75,74,55,55,35,45,24,30,30,38,42,42,52,77,68,68,52,36,36,36,85,83,83,81,81,81,85,85,85,85,85,84,81,81,72,72,81,81,81,81,81,81,83,83,78,78,85,85,85,85,85,40,85],"gold":94,"neow_bonus":"TRANSFORM_TWO_CARDS","is_prod":false,"is_daily":false,"chose_seed":false,"campfire_upgraded":8,"win_rate":0,"timestamp":1564131660,"path_taken":["M","?","?","?","M","E","R","E","T","E","M","R","M","E","R","BOSS","M","?","M","?","$","R","M","E","T","E","?","R","E","?","R","BOSS","M","?","M","M","?","E","R","E","T","E","?","?","M","M","R","BOSS","BOSS","R","$","E","BOSS"],"build_version":"2019-07-17","purchased_purges":3,"victory":true,"max_hp_per_floor":[75,75,75,75,75,75,75,75,85,85,85,85,85,85,85,85,85,85,85,85,85,85,85,85,85,85,85,85,85,85,85,85,85,85,85,81,81,81,81,81,81,81,81,81,81,83,83,85,85,85,85,85,85,85,85,85],"card_choices":[{"not_picked":["Wild Strike","Blood for Blood"],"picked":"Power Through","floor":1},{"not_picked":["Rupture","Perfected Strike"],"picked":"Rampage","floor":3},{"not_picked":["Flex","Warcry","Dual Wield"],"picked":"SKIP","floor":4},{"not_picked":["Shrug It Off","Iron Wave"],"picked":"True Grit","floor":5},{"not_picked":["Combust","Flex"],"picked":"Sword Boomerang","floor":6},{"not_picked":["Iron Wave","Twin Strike","Intimidate"],"picked":"SKIP","floor":8},{"not_picked":["Combust","Shrug It Off"],"picked":"Demon Form","floor":10},{"not_picked":["Iron Wave","Pommel Strike"],"picked":"Feel No Pain","floor":11},{"not_picked":["Inflame","True Grit"],"picked":"Burning Pact","floor":13},{"not_picked":["Inflame","Corruption"],"picked":"Barricade","floor":14},{"not_picked":["Juggernaut","Brutality"],"picked":"Reaper","floor":16},{"not_picked":["Body Slam","Headbutt+1","Cleave"],"picked":"SKIP","floor":18},{"not_picked":["Body Slam","True Grit"],"picked":"Shockwave","floor":20},{"not_picked":["Clothesline","Headbutt"],"picked":"Dual Wield","floor":21},{"not_picked":["Iron Wave","Fire Breathing"],"picked":"Corruption+1","floor":24},{"not_picked":["Barricade","Pommel Strike"],"picked":"Intimidate","floor":25},{"not_picked":["Clash","Wild Strike+1","Uppercut"],"picked":"SKIP","floor":27},{"not_picked":["Rage","Warcry+1"],"picked":"Second Wind","floor":30},{"not_picked":["Armaments","Cleave"],"picked":"True Grit+1","floor":31},{"not_picked":["Bludgeon","Double Tap"],"picked":"Offering","floor":33},{"not_picked":["Twin Strike","Pommel Strike","Armaments"],"picked":"SKIP","floor":35},{"not_picked":["Twin Strike","Seeing Red","Iron Wave"],"picked":"SKIP","floor":37},{"not_picked":["Twin Strike","Iron Wave"],"picked":"Seeing Red","floor":37},{"not_picked":["Headbutt+1","Metallicize","Power Through"],"picked":"SKIP","floor":38},{"not_picked":["True Grit","Anger","Iron Wave"],"picked":"SKIP","floor":40},{"not_picked":["Ghostly Armor","Berserk"],"picked":"Burning Pact+1","floor":42},{"not_picked":["Spot Weakness","Body Slam"],"picked":"Shockwave","floor":44},{"not_picked":["Body Slam","Anger","Clash"],"picked":"Singing Bowl","floor":46},{"not_picked":["Whirlwind","Wild Strike"],"picked":"Seeing Red","floor":47},{"not_picked":["Thunderclap","Cleave","Anger+1"],"picked":"Singing Bowl","floor":48},{"not_picked":["Bloodletting","Cleave"],"picked":"Pommel Strike+1","floor":55}],"player_experience":1221348,"relics_obtained":[{"floor":6,"key":"Red Skull"},{"floor":8,"key":"Turnip"},{"floor":9,"key":"Pear"},{"floor":10,"key":"Self Forming Clay"},{"floor":14,"key":"Boot"},{"floor":21,"key":"Red Mask"},{"floor":25,"key":"Unceasing Top"},{"floor":27,"key":"Anchor"},{"floor":30,"key":"StoneCalendar"},{"floor":39,"key":"Bottled Lightning"},{"floor":40,"key":"Nunchaku"},{"floor":42,"key":"Singing Bowl"},{"floor":43,"key":"Letter Opener"},{"floor":44,"key":"Bag of Preparation"},{"floor":55,"key":"Sundial"}],"event_choices":[{"damage_healed":0,"gold_gain":0,"player_choice":"2 cards matched","damage_taken":0,"max_hp_gain":0,"max_hp_loss":0,"event_name":"Match and Keep!","floor":2,"gold_loss":0,"cards_obtained":["Reaper","Carnage"]},{"damage_healed":0,"gold_gain":0,"player_choice":"Fought Bandits","damage_taken":0,"max_hp_gain":0,"max_hp_loss":0,"event_name":"Masked Bandits","floor":21,"gold_loss":0},{"damage_healed":0,"gold_gain":50,"player_choice":"Stole From Cult","damage_taken":0,"max_hp_gain":0,"max_hp_loss":0,"event_name":"Nest","floor":28,"gold_loss":0},{"damage_healed":0,"gold_gain":0,"player_choice":"Max HP","damage_taken":0,"max_hp_gain":0,"max_hp_loss":4,"event_name":"Winding Halls","floor":36,"gold_loss":0},{"damage_healed":0,"gold_gain":0,"player_choice":"1 cards matched","damage_taken":0,"max_hp_gain":0,"max_hp_loss":0,"event_name":"Match and Keep!","floor":45,"gold_loss":0,"cards_obtained":["Double Tap"]}],"is_beta":false,"boss_relics":[{"not_picked":["Orrery","Tiny House"],"picked":"Coffee Dripper"},{"not_picked":["Calling Bell","Runic Dome"],"picked":"Sozu"}],"items_purged_floors":[19,22,54],"is_endless":false,"potions_floor_spawned":[1,3,10,13,21,25,33,37,40,44,46,47,48],"ascension_level":20}