{"gold_per_floor":[111,32,32,32,55,91,105,105,105,120,138,151,194,146,146,270,270,290,311,21,21,21,41,41,62,62,62,75,75,75,95,95,226,226,246,271,37,52,52,52,88,88,157,82,103,126,144,144,144,144],"floor_reached":51,"playtime":5518,"items_purged":["Writhe"],"score":955,"play_id":"b0e1ee86-09a7-471d-aefe-696ee986d9b9","local_time":"20190607180931","is_ascension_mode":true,"campfire_choices":[{"data":"Noxious Fumes","floor":8.0,"key":"SMITH"},{"floor":15.0,"key":"REST"},{"floor":24.0,"key":"REST"},{"floor":27.0,"key":"REST"},{"floor":29.0,"key":"REST"},{"data":"Night Terror","floor":32.0,"key":"SMITH"},{"floor":40,"key":"REST"},{"floor":42,"key":"REST"},{"floor":49,"key":"REST"}],"neow_cost":"NONE","seed_source_timestamp":0,"circlet_count":0,"master_deck":["Defend_G","Defend_G","Defend_G","Defend_G","Defend_G","Strike_G","Strike_G","Strike_G","Strike_G","Strike_G","Survivor","Neutralize","Leg Sweep","Infinite Blades","Prepared","Noxious Fumes+1","Masterful Stab","Escape Plan","Envenom","Backstab","Envenom","Slice","After Image","Poisoned Stab","Jack Of All Trades","Jack Of All Trades","Escape Plan+1","Bane","Heel Hook+1","Clumsy","Crippling Poison+1","Crippling Poison+1","Flying Knee+1","Night Terror+1","Bane","Corpse Explosion","Flying Knee","Flying Knee+1","Sadistic Nature","Infinite Blades","Backstab+1","Bandage Up","Slice+1","Masterful Stab+1","Doppelganger","Bane+1","Riddle With Holes+1","Deadly Poison+1"],"special_seed":0,"relics":["Ring of the Snake","NeowsBlessing","Golden Idol","Spirit Poop","Darkstone Periapt","Meat on the Bone","Dream Catcher","Cursed Key","ClockworkSouvenir","MutagenicStrength","Dodecahedron","Lizard Tail","Gremlin Horn","Bottled Lightning"],"potions_floor_usage":[33,33,36,41,50,50,50],"damage_taken":[{"damage":0.0,"enemies":"Small Slimes","floor":1.0,"turns":1.0},{"damage":0.0,"enemies":"Jaw Worm","floor":5.0,"turns":1.0},{"damage":0.0,"enemies":"Gremlin Nob","floor":6.0,"turns":1.0},{"damage":0.0,"enemies":"Cultist","floor":7.0,"turns":5.0},{"damage":0.0,"enemies":"Red Slaver","floor":10.0,"turns":5.0},{"damage":5.0,"enemies":"3 Louse","floor":11.0,"turns":4.0},{"damage":5.0,"enemies":"Exordium Thugs","floor":12.0,"turns":4.0},{"damage":0.0,"enemies":"Lagavulin","floor":13.0,"turns":7.0},{"damage":14.0,"enemies":"Hexaghost","floor":16.0,"turns":9.0},{"damage":26.0,"enemies":"Spheric Guardian","floor":18.0,"turns":6.0},{"damage":2.0,"enemies":"3 Byrds","floor":19.0,"turns":5.0},{"damage":25.0,"enemies":"Sentry and Sphere","floor":23.0,"turns":6.0},{"damage":21.0,"enemies":"Chosen and Byrds","floor":25.0,"turns":5.0},{"damage":17.0,"enemies":"Snake Plant","floor":28.0,"turns":4.0},{"damage":0.0,"enemies":"Snecko","floor":31.0,"turns":4.0},{"damage":45,"enemies":"Collector","floor":33,"turns":7},{"damage":14,"enemies":"Orb Walker","floor":35,"turns":4},{"damage":0,"enemies":"3 Shapes","floor":36,"turns":5},{"damage":16,"enemies":"Sphere and 2 Shapes","floor":38,"turns":3},{"damage":49,"enemies":"Giant Head","floor":41,"turns":7},{"damage":7,"enemies":"4 Shapes","floor":45,"turns":5},{"damage":7,"enemies":"Transient","floor":46,"turns":5},{"damage":0,"enemies":"3 Darklings","floor":47,"turns":1},{"damage":94,"enemies":"Donu and Deca","floor":50,"turns":6}],"seed_played":"9017783465235945052","potions_obtained":[{"floor":5.0,"key":"FearPotion"},{"floor":6.0,"key":"EssenceOfSteel"},{"floor":11.0,"key":"Fire Potion"},{"floor":16.0,"key":"Explosive Potion"},{"floor":19.0,"key":"Fruit Juice"},{"floor":28.0,"key":"PowerPotion"},{"floor":31.0,"key":"Regen Potion"},{"floor":33,"key":"SteroidPotion"},{"floor":36,"key":"AttackPotion"},{"floor":38,"key":"Explosive Potion"},{"floor":41,"key":"FearPotion"}],"is_trial":false,"path_per_floor":["M","$","?","?","M","E","M","R","T","M","M","M","E","$","R","B",null,"M","M","$","?","?","M","R","M","T","R","M","R","?","M","R","B",null,"M","M","$","M","?","R","E","R","T","$","M","M","M","?","R","B",null],"character_chosen":"THE_SILENT","items_purchased":["Infinite Blades","PowerPotion","ClockworkSouvenir","Jack Of All Trades","Sadistic Nature","Infinite Blades"],"campfire_rested":7,"item_purchase_floors":[2,14,20,20,37,37],"current_hp_per_floor":[63,63,63,63,63,63,63,63,63,63,58,53,53,53,70,56,67,41,44,44,44,44,31,53,44,50,74,57,81,81,81,81,48,73,59,74,74,58,58,81,48,72,78,78,71,64,64,64,83,53],"gold":144,"neow_bonus":"THREE_ENEMY_KILL","is_prod":false,"is_daily":false,"chose_seed":false,"campfire_upgraded":2,"win_rate":0,"timestamp":1559920171,"path_taken":["M","$","?","?","M","E","M","R","T","M","M","?","E","$","R","BOSS","M","M","$","?","?","?","R","M","T","R","M","R","?","?","R","BOSS","M","M","$","M","?","R","E","R","T","$","M","M","M","?","R","BOSS"],"build_version":"2019-01-23","purchased_purges":1,"victory":true,"max_hp_per_floor":[70,70,70,70,70,70,70,70,70,70,70,70,70,70,70,70,70,70,75,75,75,75,75,75,75,81,81,81,81,81,81,81,81,81,81,81,81,81,81,81,81,81,87,87,87,87,87,83,83,83],"card_choices":[{"not_picked":["Dodge and Roll","PiercingWail"],"picked":"Leg Sweep","floor":1.0},{"not_picked":["Distraction","Concentrate"],"picked":"Prepared","floor":5.0},{"not_picked":["Expertise","Deadly Poison"],"picked":"Noxious Fumes","floor":6.0},{"not_picked":["Prepared","Dash"],"picked":"Masterful Stab","floor":7.0},{"not_picked":["Tactician","Deflect"],"picked":"Escape Plan","floor":10.0},{"not_picked":["Choke","All Out Attack"],"picked":"Envenom","floor":11.0},{"not_picked":["Quick Slash","Blade Dance"],"picked":"Backstab","floor":12.0},{"not_picked":["Dagger Spray","Dagger Throw"],"picked":"Envenom","floor":13.0},{"not_picked":["Skewer","Quick Slash"],"picked":"Slice","floor":15.0},{"not_picked":["Corpse Explosion","Grand Finale"],"picked":"After Image","floor":16.0},{"not_picked":["Masterful Stab","Deflect"],"picked":"Poisoned Stab","floor":18.0},{"not_picked":["Dagger Spray","Underhanded Strike","Quick Slash"],"picked":"SKIP","floor":19.0},{"not_picked":["Slice","Eviscerate"],"picked":"Escape Plan+1","floor":23.0},{"not_picked":["Dash","PiercingWail"],"picked":"Bane","floor":24.0},{"not_picked":["Blade Dance","Underhanded Strike"],"picked":"Heel Hook+1","floor":25.0},{"not_picked":["Unload","Outmaneuver"],"picked":"Crippling Poison+1","floor":27.0},{"not_picked":["Finisher","Flying Knee"],"picked":"Crippling Poison+1","floor":28.0},{"not_picked":["Accuracy","Deflect"],"picked":"Flying Knee+1","floor":29.0},{"not_picked":["Blur","Grand Finale"],"picked":"Bane","floor":31.0},{"not_picked":["Malaise","Phantasmal Killer"],"picked":"Corpse Explosion","floor":33},{"not_picked":["All Out Attack+1","Sucker Punch"],"picked":"Flying Knee","floor":35},{"not_picked":["Tactician","Deflect"],"picked":"Flying Knee+1","floor":36},{"not_picked":["Distraction+1","Noxious Fumes"],"picked":"Backstab+1","floor":38},{"not_picked":["Forethought","Jack Of All Trades"],"picked":"Bandage Up","floor":39},{"not_picked":["Flying Knee+1","Cloak And Dagger"],"picked":"Slice+1","floor":41},{"not_picked":["Sucker Punch+1","Cloak And Dagger"],"picked":"Masterful Stab+1","floor":42},{"not_picked":["Dagger Spray","Well Laid Plans"],"picked":"Doppelganger","floor":45},{"not_picked":["Deadly Poison+1","Caltrops"],"picked":"Bane+1","floor":46},{"not_picked":["Accuracy","Dodge and Roll+1"],"picked":"Riddle With Holes+1","floor":47},{"not_picked":["Concentrate+1","Prepared+1"],"picked":"Deadly Poison+1","floor":49}],"player_experience":1473236,"relics_obtained":[{"floor":6.0,"key":"Darkstone Periapt"},{"floor":9.0,"key":"Meat on the Bone"},{"floor":13.0,"key":"Dream Catcher"},{"floor":26.0,"key":"Dodecahedron"},{"floor":41,"key":"Gremlin Horn"},{"floor":43,"key":"Bottled Lightning"}],"event_choices":[{"damage_healed":0.0,"max_hp_gain":0.0,"max_hp_loss":0.0,"gold_gain":0.0,"event_name":"Golden Idol","player_choice":"Take Wound","floor":3.0,"gold_loss":0.0,"damage_taken":0.0,"relics_obtained":["Golden Idol"],"cards_obtained":["Injury"]},{"cards_removed":["Injury"],"damage_healed":0.0,"max_hp_gain":0.0,"max_hp_loss":0.0,"gold_gain":0.0,"event_name":"Bonfire Elementals","player_choice":"Offered Curse","floor":4.0,"gold_loss":0.0,"damage_taken":0.0,"relics_obtained":["Spirit Poop"]},{"damage_healed":0.0,"max_hp_gain":0.0,"max_hp_loss":0.0,"gold_gain":0.0,"event_name":"Drug Dealer","player_choice":"Inject Mutagens","floor":21.0,"gold_loss":0.0,"damage_taken":0.0,"relics_obtained":["MutagenicStrength"]},{"damage_healed":0.0,"max_hp_gain":0.0,"max_hp_loss":0.0,"gold_gain":0.0,"event_name":"Duplicator","player_choice":"Copied","floor":22.0,"gold_loss":0.0,"damage_taken":0.0,"cards_obtained":["Jack Of All Trades"]},{"damage_healed":0.0,"max_hp_gain":0.0,"max_hp_loss":0.0,"gold_gain":0.0,"event_name":"Match and Keep!","player_choice":"1 cards matched","floor":30.0,"gold_loss":0.0,"damage_taken":0.0,"cards_obtained":["Night Terror"]},{"damage_healed":0,"gold_gain":0,"player_choice":"Memory 1","damage_taken":0,"max_hp_gain":0,"max_hp_loss":0,"event_name":"SensoryStone","floor":39,"gold_loss":0},{"damage_healed":0,"gold_gain":0,"player_choice":"Max HP","damage_taken":0,"max_hp_gain":0,"max_hp_loss":4,"event_name":"Winding Halls","floor":48,"gold_loss":0}],"is_beta":false,"boss_relics":[{"not_picked":["Astrolabe","Ring of the Serpent"],"picked":"Cursed Key"},{"not_picked":["Empty Cage","Pandora\u0027s Box"],"picked":"Lizard Tail"}],"items_purged_floors":[44],"is_endless":false,"potions_floor_spawned":[5,6,11,16,19,28,31,33,36,38,41,46],"ascension_level":6}