{"gold_per_floor":[110,120,131,56,56,85,97,135,171,137,168,200,231,243],"floor_reached":14,"playtime":321,"items_purged":[],"score":204,"play_id":"97b286f0-a8e2-4a1e-b621-319e87ac34fc","local_time":"20190723222015","is_ascension_mode":true,"campfire_choices":[{"data":"Darkness","floor":7,"key":"SMITH"}],"neow_cost":"NONE","seed_source_timestamp":370555063905400,"circlet_count":0,"master_deck":["AscendersBane","Strike_B","Strike_B","Strike_B","Defend_B","Defend_B","Defend_B","Defend_B","Zap","Dualcast","Cold Snap","Loop","Darkness+1","Genetic Algorithm","Melter","Lockon","Turbo","Conserve Battery"],"relics":["Cracked Core","NeowsBlessing","MawBank","Vajra","Bag of Marbles"],"potions_floor_usage":[8,13,14],"damage_taken":[{"damage":0,"enemies":"Cultist","floor":1,"turns":1},{"damage":0,"enemies":"Jaw Worm","floor":2,"turns":1},{"damage":0,"enemies":"2 Louse","floor":3,"turns":1},{"damage":26,"enemies":"Gremlin Nob","floor":6,"turns":4},{"damage":25,"enemies":"3 Sentries","floor":8,"turns":7},{"damage":4,"enemies":"Looter","floor":11,"turns":4},{"damage":8,"enemies":"Large Slime","floor":12,"turns":4},{"damage":2,"enemies":"Lots of Slimes","floor":13,"turns":4},{"damage":0,"enemies":"Exordium Wildlife","floor":14,"turns":6}],"seed_played":"4636012445657009593","potions_obtained":[{"floor":2,"key":"EssenceOfSteel"},{"floor":3,"key":"Explosive Potion"},{"floor":11,"key":"SpeedPotion"},{"floor":13,"key":"Ancient Potion"}],"is_trial":false,"path_per_floor":["M","M","M","?","?","E","R","E","T","?","M","M","M","M"],"character_chosen":"DEFECT","items_purchased":[],"campfire_rested":0,"item_purchase_floors":[],"current_hp_per_floor":[64,64,64,64,69,43,43,18,18,18,14,6,4,4],"gold":243,"neow_bonus":"THREE_ENEMY_KILL","is_prod":false,"is_daily":false,"chose_seed":false,"campfire_upgraded":1,"win_rate":0,"timestamp":1563888015,"path_taken":["M","M","M","?","?","E","R","E","T","?","M","M","M","M"],"build_version":"2019-07-17","purchased_purges":0,"victory":false,"max_hp_per_floor":[71,71,71,71,76,76,76,76,76,76,76,76,76,76],"card_choices":[{"not_picked":["Turbo","Reinforced Body"],"picked":"Cold Snap","floor":1},{"not_picked":["Beam Cell","Leap"],"picked":"Loop","floor":2},{"not_picked":["Barrage","Beam Cell"],"picked":"Darkness","floor":3},{"not_picked":["Conserve Battery","Barrage"],"picked":"Genetic Algorithm","floor":6},{"not_picked":["Skim","Amplify"],"picked":"Melter","floor":8},{"not_picked":["Conserve Battery","Ball Lightning"],"picked":"Lockon","floor":11},{"not_picked":["Blizzard","Streamline"],"picked":"Turbo","floor":12},{"not_picked":["BootSequence","Chaos"],"picked":"Conserve Battery","floor":13}],"player_experience":1162721,"relics_obtained":[{"floor":6,"key":"MawBank"},{"floor":8,"key":"Vajra"},{"floor":9,"key":"Bag of Marbles"}],"event_choices":[{"cards_removed":["Strike_B"],"damage_healed":0,"gold_gain":0,"player_choice":"Card Removal","damage_taken":0,"max_hp_gain":0,"max_hp_loss":0,"event_name":"The Cleric","floor":4,"gold_loss":75},{"damage_healed":0,"gold_gain":0,"player_choice":"Donut","damage_taken":0,"max_hp_gain":5,"max_hp_loss":0,"event_name":"Big Fish","floor":5,"gold_loss":0},{"damage_healed":0,"gold_gain":0,"player_choice":"Left Gold","damage_taken":0,"max_hp_gain":0,"max_hp_loss":0,"event_name":"World of Goop","floor":10,"gold_loss":46}],"is_beta":false,"boss_relics":[],"items_purged_floors":[],"is_endless":false,"potions_floor_spawned":[2,3,11,12,13],"killed_by":"Exordium Wildlife","ascension_level":20}