{"gold_per_floor":[111,111,111,130,149,184,184,210,237,257,257,283,283,293,293,368,368,387,437,454,379,399,399,430,441,468,468,468,468,488,498,498,498],"floor_reached":33,"playtime":1048,"items_purged":["Strike_R"],"score":624,"play_id":"0dc699ce-e35a-4228-8cdc-85242e271dae","local_time":"20190728121331","is_ascension_mode":true,"campfire_choices":[{"data":"Bash","floor":7,"key":"SMITH"},{"data":"Bludgeon","floor":11,"key":"SMITH"},{"floor":13,"key":"REST"},{"data":"Armaments","floor":15,"key":"SMITH"},{"data":"Demon Form","floor":23,"key":"SMITH"},{"data":"Pommel Strike","floor":27,"key":"SMITH"},{"data":"Offering","floor":29,"key":"SMITH"},{"floor":32,"key":"REST"}],"neow_cost":"NONE","seed_source_timestamp":765428346420900,"circlet_count":0,"master_deck":["AscendersBane","Strike_R","Strike_R","Strike_R","Strike_R","Defend_R","Defend_R","Defend_R","Defend_R","Bash+1","Spot Weakness","Armaments+1","Bludgeon+1","Flame Barrier","Demon Form+1","Offering","Power Through+1","Offering+1","Pommel Strike+1","Injury","Heavy Blade"],"relics":["Burning Blood","NeowsBlessing","Anchor","CultistMask","Ancient Tea Set","Pen Nib","Bag of Marbles","Charon\u0027s Ashes","Cursed Key","Oddly Smooth Stone","PreservedInsect"],"potions_floor_usage":[10,33],"damage_taken":[{"damage":0,"enemies":"Small Slimes","floor":1,"turns":1},{"damage":0,"enemies":"Jaw Worm","floor":4,"turns":1},{"damage":0,"enemies":"Cultist","floor":5,"turns":1},{"damage":40,"enemies":"3 Sentries","floor":6,"turns":10},{"damage":11,"enemies":"Gremlin Nob","floor":8,"turns":3},{"damage":23,"enemies":"Exordium Thugs","floor":10,"turns":5},{"damage":10,"enemies":"3 Sentries","floor":12,"turns":5},{"damage":0,"enemies":"Red Slaver","floor":14,"turns":2},{"damage":15,"enemies":"The Guardian","floor":16,"turns":12},{"damage":14,"enemies":"3 Byrds","floor":18,"turns":4},{"damage":13,"enemies":"Spheric Guardian","floor":20,"turns":4},{"damage":17,"enemies":"Shelled Parasite and Fungi","floor":22,"turns":2},{"damage":7,"enemies":"Gremlin Leader","floor":24,"turns":5},{"damage":12,"enemies":"Snake Plant","floor":25,"turns":3},{"damage":1,"enemies":"Centurion and Healer","floor":30,"turns":5},{"damage":6,"enemies":"3 Cultists","floor":31,"turns":4},{"damage":31,"enemies":"Automaton","floor":33,"turns":6}],"seed_played":"4607515936989450391","potions_obtained":[{"floor":1,"key":"FearPotion"},{"floor":6,"key":"PowerPotion"},{"floor":10,"key":"FearPotion"}],"is_trial":false,"path_per_floor":["M","?","?","M","M","E","R","E","T","M","R","E","R","M","R","B",null,"M","?","M","$","M","R","E","M","T","R","?","R","M","M","R","B"],"character_chosen":"IRONCLAD","items_purchased":[],"campfire_rested":2,"item_purchase_floors":[],"current_hp_per_floor":[74,69,69,75,75,41,41,36,36,19,19,15,37,43,43,34,65,57,57,50,50,39,39,38,32,32,32,32,32,37,37,59,28],"gold":498,"neow_bonus":"THREE_ENEMY_KILL","is_prod":false,"is_daily":false,"chose_seed":false,"campfire_upgraded":6,"win_rate":0,"timestamp":1564283611,"path_taken":["M","?","?","M","?","E","R","E","T","M","R","E","R","M","R","BOSS","M","?","M","$","?","R","E","M","T","R","?","R","M","?","R","BOSS"],"build_version":"2019-07-17","purchased_purges":1,"victory":false,"max_hp_per_floor":[75,75,75,75,75,75,75,75,75,75,75,75,75,75,75,75,75,75,75,75,75,75,75,75,75,75,75,75,75,75,75,75,75],"card_choices":[{"not_picked":["Combust","Wild Strike","Thunderclap"],"picked":"SKIP","floor":1},{"not_picked":["Sentinel","Iron Wave","Havoc"],"picked":"SKIP","floor":4},{"not_picked":["Power Through","Double Tap"],"picked":"Spot Weakness","floor":5},{"not_picked":["Body Slam","Warcry","Clash"],"picked":"SKIP","floor":6},{"not_picked":["Infernal Blade","Reckless Charge"],"picked":"Armaments","floor":8},{"not_picked":["Body Slam","Perfected Strike"],"picked":"Bludgeon","floor":10},{"not_picked":["Anger","Heavy Blade"],"picked":"Flame Barrier","floor":12},{"not_picked":["Cleave","Armaments"],"picked":"Demon Form","floor":14},{"not_picked":["Dark Embrace","Berserk"],"picked":"Offering","floor":16},{"not_picked":["Clash","Headbutt"],"picked":"Power Through+1","floor":18},{"not_picked":["Anger","Iron Wave","Twin Strike"],"picked":"SKIP","floor":20},{"not_picked":["Armaments","Reckless Charge","Body Slam"],"picked":"SKIP","floor":22},{"not_picked":["Armaments","Reckless Charge","Body Slam"],"picked":"SKIP","floor":22},{"not_picked":["Rage+1","Limit Break"],"picked":"Offering","floor":24},{"not_picked":["Twin Strike","Havoc"],"picked":"Pommel Strike","floor":25},{"not_picked":["Inflame+1","Perfected Strike"],"picked":"Heavy Blade","floor":30},{"not_picked":["Flex","Warcry","Armaments"],"picked":"SKIP","floor":31}],"player_experience":1248554,"relics_obtained":[{"floor":6,"key":"Ancient Tea Set"},{"floor":8,"key":"Pen Nib"},{"floor":9,"key":"Bag of Marbles"},{"floor":12,"key":"Charon\u0027s Ashes"},{"floor":24,"key":"Oddly Smooth Stone"},{"floor":26,"key":"PreservedInsect"}],"event_choices":[{"damage_healed":0,"gold_gain":0,"player_choice":"Success","damage_taken":5,"relics_obtained":["Anchor"],"max_hp_gain":0,"max_hp_loss":0,"event_name":"Scrap Ooze","floor":2,"gold_loss":0},{"damage_healed":0,"gold_gain":0,"player_choice":"Trade","damage_taken":0,"relics_obtained":["CultistMask"],"max_hp_gain":0,"max_hp_loss":0,"event_name":"FaceTrader","floor":3,"gold_loss":0},{"damage_healed":0,"gold_gain":100,"player_choice":"Bet on Murderer","damage_taken":0,"max_hp_gain":0,"max_hp_loss":0,"event_name":"The Joust","floor":19,"gold_loss":50},{"damage_healed":0,"gold_gain":0,"player_choice":"Ignored","damage_taken":0,"max_hp_gain":0,"max_hp_loss":0,"event_name":"N\u0027loth","floor":28,"gold_loss":0}],"is_beta":false,"boss_relics":[{"not_picked":["Lizard Tail","Busted Crown"],"picked":"Cursed Key"}],"items_purged_floors":[21],"is_endless":false,"potions_floor_spawned":[1,6,10,16,20,24,25,30],"killed_by":"Automaton","ascension_level":20}