{"gold_per_floor":[212,212,212,177,192,192,220,220,220,231,285,16,30,30,30,101,101,117,82,102,102],"floor_reached":21,"playtime":1204,"items_purged":[],"score":322,"play_id":"0fa82df5-82d1-4130-8fe2-f55825a182ed","local_time":"20190724113421","is_ascension_mode":true,"campfire_choices":[{"data":"Leg Sweep","floor":6,"key":"SMITH"},{"floor":8,"key":"REST"},{"floor":15,"key":"REST"}],"neow_cost":"NONE","seed_source_timestamp":407600859533389,"circlet_count":0,"master_deck":["AscendersBane","Strike_G","Strike_G","Strike_G","Strike_G","Strike_G","Defend_G","Defend_G","Defend_G","Defend_G","Defend_G","Survivor","Neutralize","Underhanded Strike+1","Leg Sweep+1","Underhanded Strike","Eviscerate","Expertise","Concentrate","Burst","Trip","Dagger Throw","Footwork","Crippling Poison","Burst","Escape Plan","Escape Plan","Masterful Stab","Concentrate+1","Underhanded Strike","Masterful Stab"],"relics":["Ring of the Snake","Prayer Wheel","Juzu Bracelet","Letter Opener","Black Star"],"potions_floor_usage":[7,13,18,20],"damage_taken":[{"damage":1,"enemies":"Jaw Worm","floor":1,"turns":7},{"damage":6,"enemies":"Small Slimes","floor":5,"turns":3},{"damage":25,"enemies":"Lagavulin","floor":7,"turns":11},{"damage":0,"enemies":"2 Louse","floor":10,"turns":3},{"damage":0,"enemies":"Blue Slaver","floor":13,"turns":1},{"damage":5,"enemies":"Slime Boss","floor":16,"turns":14},{"damage":26,"enemies":"Spheric Guardian","floor":18,"turns":6},{"damage":27,"enemies":"2 Thieves","floor":19,"turns":5},{"damage":0,"enemies":"Centurion and Healer","floor":20,"turns":10},{"damage":0,"enemies":"Snake Plant","floor":21,"turns":1}],"seed_played":"4248667906344579683","potions_obtained":[{"floor":5,"key":"Swift Potion"},{"floor":10,"key":"Swift Potion"},{"floor":13,"key":"Ancient Potion"},{"floor":19,"key":"Block Potion"}],"is_trial":false,"path_per_floor":["M","?","?","?","M","R","E","R","T","M","?","$","M","?","R","B",null,"M","M","M","M"],"character_chosen":"THE_SILENT","items_purchased":["Burst","Trip"],"campfire_rested":2,"item_purchase_floors":[12,12],"current_hp_per_floor":[58,58,53,66,60,60,35,54,54,54,54,54,54,54,66,61,65,39,12,12,12],"gold":102,"neow_bonus":"HUNDRED_GOLD","is_prod":false,"is_daily":false,"chose_seed":false,"campfire_upgraded":1,"win_rate":0,"timestamp":1563957261,"path_taken":["M","?","?","?","?","R","E","R","T","M","?","?","M","?","R","BOSS","M","M","M","M"],"build_version":"2019-07-17","purchased_purges":0,"victory":false,"max_hp_per_floor":[66,66,66,66,66,66,66,66,66,66,66,66,66,66,66,66,66,66,66,66,66],"card_choices":[{"not_picked":["PiercingWail","Distraction"],"picked":"Underhanded Strike","floor":1},{"not_picked":["Quick Slash","Poisoned Stab"],"picked":"Leg Sweep","floor":5},{"not_picked":["Footwork","Quick Slash"],"picked":"Underhanded Strike","floor":5},{"not_picked":["Deflect","Dagger Spray"],"picked":"Eviscerate","floor":7},{"not_picked":["Sucker Punch","Endless Agony"],"picked":"Expertise","floor":10},{"not_picked":["Poisoned Stab","PiercingWail"],"picked":"Concentrate","floor":10},{"not_picked":["Dodge and Roll","Footwork"],"picked":"Dagger Throw","floor":13},{"not_picked":["Well Laid Plans","Dash"],"picked":"Footwork","floor":13},{"not_picked":["Night Terror","Grand Finale"],"picked":"Burst","floor":16},{"not_picked":["Flying Knee","Heel Hook"],"picked":"Escape Plan","floor":18},{"not_picked":["Bane","Outmaneuver"],"picked":"Escape Plan","floor":18},{"not_picked":["Leg Sweep","Well Laid Plans"],"picked":"Masterful Stab","floor":19},{"not_picked":["Dodge and Roll+1","Bane"],"picked":"Concentrate+1","floor":19},{"not_picked":["Finisher","Setup"],"picked":"Underhanded Strike","floor":20},{"not_picked":["Dagger Spray","Bane"],"picked":"Masterful Stab","floor":20}],"player_experience":1640223,"relics_obtained":[{"floor":7,"key":"Juzu Bracelet"},{"floor":9,"key":"Letter Opener"}],"event_choices":[{"damage_healed":0,"gold_gain":0,"player_choice":"Grow","damage_taken":0,"max_hp_gain":0,"max_hp_loss":0,"event_name":"Living Wall","floor":2,"gold_loss":0,"cards_upgraded":["Underhanded Strike"]},{"damage_healed":0,"gold_gain":0,"player_choice":"Success","damage_taken":5,"relics_obtained":["Prayer Wheel"],"max_hp_gain":0,"max_hp_loss":0,"event_name":"Scrap Ooze","floor":3,"gold_loss":0},{"damage_healed":16,"gold_gain":0,"player_choice":"Healed","damage_taken":0,"max_hp_gain":0,"max_hp_loss":0,"event_name":"The Cleric","floor":4,"gold_loss":35},{"damage_healed":0,"gold_gain":54,"player_choice":"Gained Gold","damage_taken":0,"max_hp_gain":0,"max_hp_loss":0,"event_name":"Golden Wing","floor":11,"gold_loss":0},{"damage_healed":0,"gold_gain":0,"player_choice":"1 cards matched","damage_taken":0,"max_hp_gain":0,"max_hp_loss":0,"event_name":"Match and Keep!","floor":14,"gold_loss":0,"cards_obtained":["Crippling Poison"]}],"is_beta":false,"boss_relics":[{"not_picked":["Ring of the Serpent","Cursed Key"],"picked":"Black Star"}],"items_purged_floors":[],"is_endless":false,"potions_floor_spawned":[5,10,13,19],"killed_by":"Snake Plant","ascension_level":16}