{"gold_per_floor":[117,117,128,128,143,178,189,189,214,214,231,231,262,323,323,396,396,413,413,431,356,376,431,431,449,449,468,501,501,542,574,586,671,683,706,718,730,179,192,218,245,245,271,271,271,271],"floor_reached":46,"playtime":1232,"items_purged":[],"score":1382,"play_id":"d5c26c93-29ce-4679-a2cc-0fd4ae9981d7","local_time":"20190727183105","is_ascension_mode":true,"campfire_choices":[{"data":"Cloak And Dagger","floor":8,"key":"SMITH"},{"data":"Accuracy","floor":10,"key":"SMITH"},{"data":"Cloak And Dagger","floor":15,"key":"SMITH"},{"data":"Burst","floor":24,"key":"SMITH"},{"data":"Accuracy","floor":32,"key":"SMITH"},{"data":"Envenom","floor":42,"key":"SMITH"}],"neow_cost":"","seed_source_timestamp":0,"circlet_count":0,"master_deck":["Accuracy+1","Cloak And Dagger+1","Blade Dance+1","Cloak And Dagger+1","Escape Plan","Burst+1","Accuracy+1","Envenom+1","Normality","Decay"],"relics":["Ring of the Snake","Singing Bowl","Blood Vial","Ancient Tea Set","Smiling Mask","Art of War","Philosopher\u0027s Stone","Tiny Chest","Sundial","MawBank","Molten Egg 2","Cursed Key","Centennial Puzzle","ClockworkSouvenir","Bag of Marbles","Potion Belt"],"potions_floor_usage":[30],"damage_taken":[{"damage":0,"enemies":"Small Slimes","floor":1,"turns":2},{"damage":1,"enemies":"2 Louse","floor":3,"turns":2},{"damage":0,"enemies":"Jaw Worm","floor":5,"turns":2},{"damage":6,"enemies":"Gremlin Nob","floor":6,"turns":3},{"damage":0,"enemies":"2 Fungi Beasts","floor":7,"turns":2},{"damage":0,"enemies":"3 Louse","floor":11,"turns":2},{"damage":0,"enemies":"Lagavulin","floor":13,"turns":3},{"damage":0,"enemies":"3 Sentries","floor":14,"turns":3},{"damage":3,"enemies":"Hexaghost","floor":16,"turns":4},{"damage":0,"enemies":"3 Byrds","floor":18,"turns":3},{"damage":0,"enemies":"Chosen","floor":20,"turns":2},{"damage":0,"enemies":"Centurion and Healer","floor":22,"turns":2},{"damage":19,"enemies":"Slavers","floor":23,"turns":2},{"damage":0,"enemies":"3 Cultists","floor":25,"turns":2},{"damage":0,"enemies":"Cultist and Chosen","floor":27,"turns":2},{"damage":0,"enemies":"Gremlin Leader","floor":28,"turns":2},{"damage":0,"enemies":"Slavers","floor":30,"turns":3},{"damage":0,"enemies":"Centurion and Healer","floor":31,"turns":2},{"damage":0,"enemies":"Collector","floor":33,"turns":3},{"damage":12,"enemies":"3 Shapes","floor":35,"turns":4},{"damage":0,"enemies":"3 Darklings","floor":39,"turns":1},{"damage":10,"enemies":"Reptomancer","floor":40,"turns":3},{"damage":0,"enemies":"Transient","floor":46,"turns":1}],"seed_played":"3234502365526069679","potions_obtained":[{"floor":5,"key":"PowerPotion"},{"floor":6,"key":"Block Potion"},{"floor":20,"key":"SteroidPotion"},{"floor":33,"key":"GamblersBrew"},{"floor":35,"key":"Dexterity Potion"}],"is_trial":true,"path_per_floor":["M","?","M","?","M","E","M","R","T","R","M","?","E","?","R","B",null,"M","?","M","?","M","E","R","M","T","M","E","T","E","M","R","B",null,"M","$","?","$","M","E","T","R","T","?","T","M"],"character_chosen":"THE_SILENT","items_purchased":["Centennial Puzzle","ClockworkSouvenir","Bag of Marbles"],"campfire_rested":0,"item_purchase_floors":[38,38,38],"current_hp_per_floor":[61,66,67,60,62,58,62,62,62,62,64,40,44,48,48,47,76,80,75,79,79,83,68,68,72,72,76,80,80,84,86,86,88,98,90,90,90,90,94,88,88,88,88,88,88,90],"gold":271,"neow_bonus":"","is_prod":false,"is_daily":false,"chose_seed":false,"campfire_upgraded":6,"win_rate":0,"timestamp":1564219865,"path_taken":["M","?","M","?","M","E","M","R","T","R","M","?","E","?","R","BOSS","M","?","?","?","M","E","R","M","T","M","E","?","E","?","R","BOSS","M","$","?","$","M","E","?","R","T","?","?","?"],"build_version":"2019-07-17","purchased_purges":0,"victory":false,"max_hp_per_floor":[68,73,75,75,77,79,81,81,81,81,81,81,83,85,85,85,85,87,87,89,89,91,93,93,95,95,97,99,99,101,101,101,101,101,103,103,103,103,105,107,107,107,107,107,107,107],"card_choices":[{"not_picked":["Poisoned Stab","Riddle With Holes","Noxious Fumes"],"picked":"Singing Bowl","floor":1},{"not_picked":["Dodge and Roll","Blade Dance","Deflect"],"picked":"Singing Bowl","floor":3},{"not_picked":["Well Laid Plans","Dagger Throw","Calculated Gamble"],"picked":"Singing Bowl","floor":5},{"not_picked":["Choke","Endless Agony","Dodge and Roll"],"picked":"Singing Bowl","floor":6},{"not_picked":["Flying Knee","Dodge and Roll","PiercingWail"],"picked":"Singing Bowl","floor":7},{"not_picked":["Heel Hook","Bane"],"picked":"Escape Plan","floor":11},{"not_picked":["Concentrate","Poisoned Stab","Underhanded Strike"],"picked":"Singing Bowl","floor":13},{"not_picked":["Die Die Die","Predator","Underhanded Strike"],"picked":"Singing Bowl","floor":14},{"not_picked":["Phantasmal Killer","Bullet Time"],"picked":"Burst","floor":16},{"not_picked":["Deadly Poison","Blade Dance","Slice"],"picked":"Singing Bowl","floor":18},{"not_picked":["Deflect+1","Deadly Poison","Tools of the Trade"],"picked":"Singing Bowl","floor":20},{"not_picked":["Distraction","Tactician","Cloak And Dagger"],"picked":"Singing Bowl","floor":22},{"not_picked":["Acrobatics","Outmaneuver","Poisoned Stab+1"],"picked":"Singing Bowl","floor":23},{"not_picked":["Flying Knee","Quick Slash","Terror"],"picked":"Singing Bowl","floor":25},{"not_picked":["Quick Slash","Caltrops","Skewer"],"picked":"Singing Bowl","floor":27},{"not_picked":["Endless Agony","Dagger Spray","Deadly Poison"],"picked":"Singing Bowl","floor":28},{"not_picked":["Underhanded Strike","Prepared","Catalyst"],"picked":"Singing Bowl","floor":30},{"not_picked":["Finisher+1","Dagger Throw+1"],"picked":"Accuracy","floor":31},{"not_picked":["Corpse Explosion","Wraith Form v2"],"picked":"Envenom","floor":33},{"not_picked":["Distraction","Setup","Prepared"],"picked":"Singing Bowl","floor":35},{"not_picked":["Dagger Throw+1","Slice+1","Deflect"],"picked":"Singing Bowl","floor":39},{"not_picked":["Expertise","Bullet Time","Dagger Throw+1"],"picked":"Singing Bowl","floor":40}],"player_experience":1246014,"relics_obtained":[{"floor":6,"key":"Blood Vial"},{"floor":9,"key":"Ancient Tea Set"},{"floor":13,"key":"Smiling Mask"},{"floor":23,"key":"Tiny Chest"},{"floor":26,"key":"Sundial"},{"floor":29,"key":"MawBank"},{"floor":30,"key":"Molten Egg 2"},{"floor":41,"key":"Potion Belt"}],"event_choices":[{"damage_healed":0,"gold_gain":0,"player_choice":"Donut","damage_taken":0,"max_hp_gain":5,"max_hp_loss":0,"event_name":"Big Fish","floor":2,"gold_loss":0},{"cards_removed":["Survivor"],"damage_healed":0,"gold_gain":0,"player_choice":"Card Removal","damage_taken":7,"max_hp_gain":0,"max_hp_loss":0,"event_name":"Golden Wing","floor":4,"gold_loss":0},{"damage_healed":0,"gold_gain":0,"player_choice":"Entered Light","damage_taken":24,"max_hp_gain":0,"max_hp_loss":0,"event_name":"Shining Light","floor":12,"gold_loss":0,"cards_upgraded":["Blade Dance","Neutralize"]},{"damage_healed":0,"gold_gain":30,"player_choice":"Searched \u00273\u0027 times","damage_taken":0,"relics_obtained":["Art of War"],"max_hp_gain":0,"max_hp_loss":0,"event_name":"Dead Adventurer","floor":14,"gold_loss":0},{"damage_healed":0,"gold_gain":0,"player_choice":"Bought 0 Potions","damage_taken":0,"max_hp_gain":0,"max_hp_loss":0,"event_name":"The Woman in Blue","floor":19,"gold_loss":0},{"cards_removed":["Blade Dance"],"damage_healed":0,"gold_gain":0,"player_choice":"Gave Gold","damage_taken":0,"max_hp_gain":0,"max_hp_loss":0,"event_name":"Beggar","floor":21,"gold_loss":75},{"damage_healed":0,"gold_gain":0,"player_choice":"Ignored","damage_taken":0,"max_hp_gain":0,"max_hp_loss":0,"event_name":"Tomb of Lord Red Mask","floor":37,"gold_loss":0},{"cards_removed":["Neutralize"],"damage_healed":0,"gold_gain":0,"player_choice":"Removed Attack","damage_taken":0,"max_hp_gain":0,"max_hp_loss":0,"event_name":"Falling","floor":44,"gold_loss":0}],"is_beta":false,"boss_relics":[{"not_picked":["Calling Bell","Eternal Feather"],"picked":"Philosopher\u0027s Stone"},{"not_picked":["Snecko Eye","Fusion Hammer"],"picked":"Cursed Key"}],"items_purged_floors":[],"is_endless":false,"potions_floor_spawned":[5,6,7,20,23,27,28,33,35,39],"killed_by":"Transient","ascension_level":20}