{"gold_per_floor":[13,88,99,1,16,16,50,50,50,79,79,92,151,182,182,261,261,272,272,287,307,320,320,290,290,365,290,290,37,64,74,74,149,199,219,231,242,142,162,193,118,118,118,118,153,164,181,231,231,231,231,231,231,106,137,137],"floor_reached":57,"playtime":2498,"items_purged":["Strike_R","Sword Boomerang","Rampage+1"],"score":2879,"play_id":"7ddb43e9-320e-4940-9c3b-81e82ddcf840","local_time":"20190626202938","is_ascension_mode":true,"campfire_choices":[{"data":"Anger","floor":6.0,"key":"SMITH"},{"floor":11.0,"key":"REST"},{"floor":15,"key":"REST"},{"data":"True Grit","floor":23,"key":"SMITH"},{"data":"Corruption","floor":28,"key":"SMITH"},{"data":"Rampage","floor":32,"key":"SMITH"},{"floor":42,"key":"RECALL"},{"data":"Armaments","floor":44,"key":"SMITH"},{"data":"Entrench","floor":49,"key":"SMITH"},{"data":"Barricade","floor":53,"key":"SMITH"}],"neow_cost":"NO_GOLD","seed_source_timestamp":368482744949600,"circlet_count":0,"master_deck":["AscendersBane","Defend_R","Defend_R","Defend_R","Defend_R","Second Wind","Battle Trance","Feed+1","Evolve","Corruption+1","Impervious","Dual Wield","True Grit+1","Body Slam","Barricade+1","Seeing Red","Impervious","Entrench+1","Armaments+1","Impervious","Inflame","Shockwave","Shrug It Off+1","Impervious"],"special_seed":0,"relics":["Burning Blood","Pear","Matryoshka","Letter Opener","Magic Flower","Charon\u0027s Ashes","Coffee Dripper","Bronze Scales","Singing Bowl","Bag of Preparation","Bottled Lightning","Tiny House","Blood Vial","Self Forming Clay","Orichalcum","Gambling Chip"],"potions_floor_usage":[14,24,25,30,34,39,51,56],"damage_taken":[{"damage":2.0,"enemies":"2 Louse","floor":1.0,"turns":4.0},{"damage":1.0,"enemies":"Cultist","floor":3.0,"turns":4.0},{"damage":5.0,"enemies":"Small Slimes","floor":5.0,"turns":3.0},{"damage":39.0,"enemies":"Gremlin Nob","floor":7.0,"turns":4.0},{"damage":30.0,"enemies":"3 Sentries","floor":10.0,"turns":8.0},{"damage":4.0,"enemies":"2 Fungi Beasts","floor":12.0,"turns":3.0},{"damage":40.0,"enemies":"Lagavulin Event","floor":13.0,"turns":5.0},{"damage":15,"enemies":"Lagavulin","floor":14,"turns":7},{"damage":28,"enemies":"Slime Boss","floor":16,"turns":8},{"damage":12,"enemies":"2 Thieves","floor":18,"turns":3},{"damage":20,"enemies":"Spheric Guardian","floor":20,"turns":5},{"damage":19,"enemies":"Snake Plant","floor":21,"turns":4},{"damage":21,"enemies":"Chosen and Byrds","floor":22,"turns":5},{"damage":0,"enemies":"Snecko","floor":25,"turns":2},{"damage":0,"enemies":"Gremlin Leader","floor":30,"turns":6},{"damage":15,"enemies":"Centurion and Healer","floor":31,"turns":6},{"damage":14,"enemies":"Champ","floor":33,"turns":13},{"damage":28,"enemies":"3 Darklings","floor":35,"turns":4},{"damage":18,"enemies":"Orb Walker","floor":36,"turns":4},{"damage":0,"enemies":"4 Shapes","floor":37,"turns":2},{"damage":23,"enemies":"Spire Growth","floor":39,"turns":5},{"damage":26,"enemies":"Reptomancer","floor":40,"turns":5},{"damage":0,"enemies":"Nemesis","floor":45,"turns":7},{"damage":0,"enemies":"Jaw Worm Horde","floor":46,"turns":5},{"damage":0,"enemies":"Sphere and 2 Shapes","floor":47,"turns":3},{"damage":100,"enemies":"Awakened One","floor":50,"turns":11},{"damage":18,"enemies":"Time Eater","floor":51,"turns":11},{"damage":76,"enemies":"Shield and Spear","floor":55,"turns":10},{"damage":50,"enemies":"The Heart","floor":56,"turns":8}],"seed_played":"4465754048763248513","potions_obtained":[{"floor":7.0,"key":"SpeedPotion"},{"floor":10.0,"key":"Fruit Juice"},{"floor":12.0,"key":"Ancient Potion"},{"floor":20,"key":"SpeedPotion"},{"floor":24,"key":"Fruit Juice"},{"floor":24,"key":"SmokeBomb"},{"floor":33,"key":"Weak Potion"},{"floor":34,"key":"Fruit Juice"},{"floor":36,"key":"Swift Potion"},{"floor":39,"key":"Poison Potion"},{"floor":55,"key":"GamblersBrew"}],"is_trial":false,"path_per_floor":["M","?","M","$","M","R","E","?","T","E","R","M","?","E","R","B",null,"M","?","M","M","M","R","?","M","T","$","R","$","E","M","R","B",null,"M","M","M","$","M","E","?","R","T","R","E","M","M","?","R","B","B",null,"R","$","E","B",null],"character_chosen":"IRONCLAD","items_purchased":["Second Wind","Anger","Barricade","Bag of Preparation"],"campfire_rested":2,"item_purchase_floors":[4,4,29,29],"current_hp_per_floor":[72,61,66,66,67,67,44,37,37,18,45,50,16,10,37,18,74,76,76,70,65,58,58,63,72,72,72,72,72,83,82,82,77,118,101,100,109,109,101,86,86,86,86,86,104,128,140,140,140,52,46,126,126,126,64,26],"gold":137,"neow_bonus":"REMOVE_TWO","is_prod":false,"is_daily":false,"chose_seed":false,"campfire_upgraded":7,"win_rate":0,"timestamp":1561548578,"path_taken":["M","?","M","$","M","R","E","?","T","E","R","M","?","E","R","BOSS","M","?","M","M","?","R","?","?","T","$","R","$","E","M","R","BOSS","M","?","M","$","M","E","?","R","T","R","E","M","?","?","R","BOSS","BOSS","R","$","E","BOSS"],"build_version":"2019-01-23","purchased_purges":3,"victory":true,"max_hp_per_floor":[75,75,75,75,75,75,85,85,85,90,90,93,93,93,93,93,93,96,96,99,102,105,105,110,110,110,110,110,110,112,115,115,115,127,129,135,135,135,139,141,141,141,141,141,145,153,153,153,153,153,153,153,153,153,155,155],"card_choices":[{"not_picked":["True Grit","Sentinel"],"picked":"Sword Boomerang","floor":1.0},{"not_picked":["Perfected Strike","Flame Barrier"],"picked":"Rampage","floor":3.0},{"not_picked":["Heavy Blade","Warcry"],"picked":"Battle Trance","floor":5.0},{"not_picked":["Clothesline","Iron Wave"],"picked":"Feed","floor":7.0},{"not_picked":["Bloodletting","Headbutt","Uppercut"],"picked":"SKIP","floor":10.0},{"not_picked":["Sever Soul","Thunderclap","Flex"],"picked":"SKIP","floor":12.0},{"not_picked":["Clothesline","Sever Soul"],"picked":"Evolve","floor":13.0},{"not_picked":["Flame Barrier","Clash"],"picked":"Corruption","floor":14},{"not_picked":["Dark Embrace","Berserk"],"picked":"Impervious","floor":16},{"not_picked":["Rampage+1","Clothesline+1"],"picked":"Dual Wield","floor":18},{"not_picked":["Fire Breathing","Wild Strike"],"picked":"True Grit","floor":20},{"not_picked":["Bloodletting","Wild Strike+1"],"picked":"Body Slam","floor":21},{"not_picked":["Iron Wave+1","Pommel Strike","Reckless Charge"],"picked":"SKIP","floor":22},{"not_picked":["Flex+1","Headbutt","Perfected Strike"],"picked":"Singing Bowl","floor":30},{"not_picked":["Headbutt","Thunderclap"],"picked":"Seeing Red","floor":31},{"not_picked":["Feed","Immolate"],"picked":"Impervious","floor":33},{"not_picked":["Carnage+1","Uppercut","Iron Wave"],"picked":"Singing Bowl","floor":34},{"not_picked":["Anger","Warcry","Intimidate"],"picked":"Singing Bowl","floor":35},{"not_picked":["Cleave","Havoc","Headbutt"],"picked":"Singing Bowl","floor":36},{"not_picked":["Seeing Red","Havoc+1"],"picked":"Entrench","floor":37},{"not_picked":["Evolve+1","Pummel"],"picked":"Armaments","floor":39},{"not_picked":["Perfected Strike","Berserk","Twin Strike"],"picked":"Singing Bowl","floor":40},{"not_picked":["Clash","Sword Boomerang+1"],"picked":"Shockwave","floor":45},{"not_picked":["Wild Strike","Cleave"],"picked":"Shrug It Off+1","floor":46},{"not_picked":["Infernal Blade","Cleave"],"picked":"Impervious","floor":47},{"not_picked":["Carnage","Metallicize","Combust+1"],"picked":"Singing Bowl","floor":55}],"player_experience":820311,"relics_obtained":[{"floor":7.0,"key":"Pear"},{"floor":9.0,"key":"Matryoshka"},{"floor":10.0,"key":"Letter Opener"},{"floor":13.0,"key":"Magic Flower"},{"floor":14,"key":"Charon\u0027s Ashes"},{"floor":26,"key":"Bronze Scales"},{"floor":26,"key":"Singing Bowl"},{"floor":30,"key":"Bottled Lightning"},{"floor":40,"key":"Blood Vial"},{"floor":43,"key":"Self Forming Clay"},{"floor":45,"key":"Orichalcum"},{"floor":55,"key":"Gambling Chip"}],"event_choices":[{"damage_healed":0.0,"max_hp_gain":0.0,"max_hp_loss":0.0,"gold_gain":75.0,"event_name":"World of Goop","player_choice":"Gather Gold","floor":2.0,"gold_loss":0.0,"damage_taken":11.0},{"cards_removed":["Strike_R"],"damage_healed":0.0,"max_hp_gain":0.0,"max_hp_loss":0.0,"gold_gain":0.0,"event_name":"Golden Wing","player_choice":"Card Removal","floor":8.0,"gold_loss":0.0,"damage_taken":7.0},{"damage_healed":0.0,"max_hp_gain":0.0,"max_hp_loss":0.0,"gold_gain":0.0,"event_name":"Dead Adventurer","player_choice":"Searched \u00271\u0027 times","floor":13.0,"gold_loss":0.0,"damage_taken":0.0},{"cards_removed":["Strike_R"],"damage_healed":0,"gold_gain":0,"player_choice":"Card Removal","damage_taken":0,"max_hp_gain":0,"max_hp_loss":0,"event_name":"Wheel of Change","floor":19,"gold_loss":0},{"damage_healed":0,"gold_gain":0,"player_choice":"Bought 2 Potions","damage_taken":0,"max_hp_gain":0,"max_hp_loss":0,"event_name":"The Woman in Blue","floor":24,"gold_loss":0},{"damage_healed":0,"gold_gain":0,"cards_transformed":["Anger","Bash"],"player_choice":"Transformed Cards","damage_taken":0,"max_hp_gain":0,"max_hp_loss":0,"event_name":"Designer","floor":41,"gold_loss":75,"cards_obtained":["Impervious","Inflame"]},{"damage_healed":0,"gold_gain":50,"player_choice":"Pray","damage_taken":0,"max_hp_gain":0,"max_hp_loss":0,"event_name":"Golden Shrine","floor":48,"gold_loss":0}],"is_beta":false,"boss_relics":[{"not_picked":["Mark of Pain","White Beast Statue"],"picked":"Coffee Dripper"},{"not_picked":["Fusion Hammer","Runic Cube"],"picked":"Tiny House"}],"items_purged_floors":[27,38,54],"is_endless":false,"potions_floor_spawned":[7,10,12,20,25,33,36,37,39,45,55],"ascension_level":20}