{"gold_per_floor":[110,110,110,110,133,133,164,164,164,164,164,183,183,203,203,302,302,322,6,6,21,71,91,91,91],"floor_reached":25,"playtime":655,"items_purged":["Strike_R"],"score":398,"play_id":"5775f2d0-d440-41fc-9c11-2fa4bb974e51","local_time":"20190628185137","is_ascension_mode":true,"campfire_choices":[{"data":"Carnage","floor":6.0,"key":"SMITH"},{"data":"Barricade","floor":8.0,"key":"SMITH"},{"data":"Shockwave","floor":10.0,"key":"SMITH"},{"floor":13.0,"key":"REST"},{"data":"Defend_R","floor":15.0,"key":"SMITH"},{"data":"Disarm","floor":24,"key":"SMITH"}],"neow_cost":"PERCENT_DAMAGE","seed_source_timestamp":146674697548200,"circlet_count":0,"master_deck":["AscendersBane","Strike_R","Strike_R","Defend_R","Defend_R","Defend_R","Defend_R+1","Bash","Barricade+1","Carnage+1","Battle Trance","Shockwave+1","Offering","Armaments+1","Feel No Pain","Disarm+1","Spot Weakness","Pommel Strike+1","Whirlwind+1"],"special_seed":0,"relics":["Burning Blood","Golden Idol","Bottled Lightning","Molten Egg 2","Dodecahedron","Cursed Key"],"potions_floor_usage":[23],"damage_taken":[{"damage":9.0,"enemies":"Jaw Worm","floor":1.0,"turns":4.0},{"damage":6.0,"enemies":"Small Slimes","floor":5.0,"turns":5.0},{"damage":27.0,"enemies":"Lagavulin","floor":7.0,"turns":7.0},{"damage":3.0,"enemies":"2 Louse","floor":12.0,"turns":3.0},{"damage":4.0,"enemies":"Exordium Wildlife","floor":14.0,"turns":3.0},{"damage":27.0,"enemies":"The Guardian","floor":16.0,"turns":10.0},{"damage":31.0,"enemies":"Shell Parasite","floor":18.0,"turns":3.0},{"damage":6.0,"enemies":"Spheric Guardian","floor":21.0,"turns":9.0},{"damage":6,"enemies":"Cultist and Chosen","floor":23,"turns":7},{"damage":11,"enemies":"Sentry and Sphere","floor":25,"turns":3}],"seed_played":"-6564319715194948216","potions_obtained":[{"floor":7.0,"key":"Weak Potion"},{"floor":14.0,"key":"Explosive Potion"},{"floor":18.0,"key":"Dexterity Potion"},{"floor":21.0,"key":"Energy Potion"}],"is_trial":false,"path_per_floor":["M","?","?","T","M","R","E","R","T","R","?","M","R","M","R","B",null,"M","$","?","M","?","M","R","M"],"character_chosen":"IRONCLAD","items_purchased":["Feel No Pain","Disarm","Spot Weakness"],"campfire_rested":1,"item_purchase_floors":[19,19,19],"current_hp_per_floor":[47,47,47,47,47,47,26,26,26,26,19,22,42,44,44,23,57,32,32,32,32,26,26,26,15],"gold":91,"neow_bonus":"THREE_RARE_CARDS","is_prod":false,"is_daily":false,"chose_seed":false,"campfire_upgraded":5,"win_rate":0,"timestamp":1561715497,"path_taken":["M","?","?","?","?","R","E","R","T","R","?","M","R","M","R","BOSS","M","$","?","M","?","M","R","?"],"build_version":"2019-01-23","purchased_purges":1,"victory":false,"max_hp_per_floor":[75,75,68,68,68,68,68,68,68,68,68,68,68,68,68,68,68,68,68,68,68,68,68,68,68],"card_choices":[{"not_picked":["Berserk","Exhume"],"picked":"Barricade","floor":0.0},{"not_picked":["Heavy Blade","Pommel Strike"],"picked":"Carnage","floor":1.0},{"not_picked":["True Grit","Dual Wield"],"picked":"Shockwave","floor":5.0},{"not_picked":["Wild Strike","Sword Boomerang","Infernal Blade"],"picked":"SKIP","floor":7.0},{"not_picked":["Thunderclap+1","Battle Trance","Clothesline+1"],"picked":"SKIP","floor":12.0},{"not_picked":["Heavy Blade+1","Infernal Blade","Havoc"],"picked":"SKIP","floor":14.0},{"not_picked":["Barricade","Demon Form"],"picked":"Offering","floor":16.0},{"not_picked":["Twin Strike+1","Anger+1"],"picked":"Armaments+1","floor":18.0},{"not_picked":["Rupture","Pummel+1"],"picked":"Pommel Strike+1","floor":21.0},{"not_picked":["Bludgeon+1","Combust"],"picked":"Whirlwind+1","floor":23}],"player_experience":862582,"relics_obtained":[{"floor":4.0,"key":"Bottled Lightning"},{"floor":7.0,"key":"Molten Egg 2"},{"floor":9.0,"key":"Dodecahedron"}],"event_choices":[{"damage_healed":0.0,"max_hp_gain":0.0,"max_hp_loss":0.0,"gold_gain":0.0,"cards_transformed":["Strike_R"],"event_name":"Living Wall","player_choice":"Change","floor":2.0,"gold_loss":0.0,"damage_taken":0.0,"cards_obtained":["Battle Trance"]},{"damage_healed":0.0,"max_hp_gain":0.0,"max_hp_loss":7.0,"gold_gain":0.0,"event_name":"Golden Idol","player_choice":"Lose Max HP","floor":3.0,"gold_loss":0.0,"damage_taken":0.0,"relics_obtained":["Golden Idol"]},{"cards_removed":["Strike_R"],"damage_healed":0.0,"max_hp_gain":0.0,"max_hp_loss":0.0,"gold_gain":0.0,"event_name":"Golden Wing","player_choice":"Card Removal","floor":11.0,"gold_loss":0.0,"damage_taken":7.0},{"damage_healed":0,"gold_gain":50,"player_choice":"Touch","damage_taken":6,"max_hp_gain":0,"max_hp_loss":0,"event_name":"FaceTrader","floor":22,"gold_loss":0}],"is_beta":false,"boss_relics":[{"not_picked":["Orrery","Eternal Feather"],"picked":"Cursed Key"}],"items_purged_floors":[19],"is_endless":false,"potions_floor_spawned":[7,14,18,21],"killed_by":"Sentry and Sphere","ascension_level":20}