{"gold_per_floor":[368,368,8,8,21,21,51,63,146,16,16,35,35,68,68,145,145,162,178,178,448,466,466,94,119,144,144,144,144,155,184,184,263,263,283,296,312,312,326,351,351,380,380,380,398,398,122,122,122,122,122,122,122,38,73,73],"floor_reached":57,"playtime":2524,"items_purged":["Strike_R","Strike_R"],"score":3108,"play_id":"ccb135e4-dbf5-4847-b4a6-1e5386ad027e","local_time":"20190623192447","is_ascension_mode":true,"campfire_choices":[{"floor":6.0,"key":"REST"},{"floor":8.0,"key":"REST"},{"data":"Inflame","floor":13.0,"key":"SMITH"},{"data":"Bash","floor":15.0,"key":"SMITH"},{"floor":23.0,"key":"REST"},{"floor":27.0,"key":"REST"},{"floor":29.0,"key":"REST"},{"floor":32.0,"key":"RECALL"},{"floor":41.0,"key":"REST"},{"floor":44.0,"key":"REST"},{"floor":49.0,"key":"REST"},{"floor":53.0,"key":"REST"}],"neow_cost":"PERCENT_DAMAGE","seed_source_timestamp":105074533193600,"circlet_count":0,"master_deck":["AscendersBane","Defend_R+1","Defend_R+1","Defend_R+1","Bash+1","Whirlwind+1","Infernal Blade+1","Battle Trance+1","Discovery+1","Inflame+1","Shrug It Off+1","Intimidate+1","Offering+1","True Grit+1","Second Wind+1","Carnage+1","Whirlwind+1","Barricade","Entrench+1","Offering+1","Power Through+1","Madness+1","Madness+1","Shrug It Off+1","Feel No Pain","Shockwave+1"],"special_seed":0,"relics":["Burning Blood","Toxic Egg 2","MawBank","Self Forming Clay","War Paint","Fusion Hammer","Bottled Lightning","Bottled Tornado","Potion Belt","Empty Cage","Mercury Hourglass","Sundial","Meat on the Bone","Bag of Preparation","Vajra"],"potions_floor_usage":[56,56,56],"damage_taken":[{"damage":9.0,"enemies":"Jaw Worm","floor":1.0,"turns":5.0},{"damage":0.0,"enemies":"Cultist","floor":5.0,"turns":3.0},{"damage":32.0,"enemies":"Gremlin Nob","floor":7.0,"turns":4.0},{"damage":0.0,"enemies":"Small Slimes","floor":12.0,"turns":2.0},{"damage":0.0,"enemies":"3 Sentries","floor":14.0,"turns":4.0},{"damage":37.0,"enemies":"Slime Boss","floor":16.0,"turns":12.0},{"damage":14.0,"enemies":"Shell Parasite","floor":18.0,"turns":4.0},{"damage":6.0,"enemies":"2 Thieves","floor":19.0,"turns":1.0},{"damage":2.0,"enemies":"Snake Plant","floor":22.0,"turns":2.0},{"damage":23.0,"enemies":"Book of Stabbing","floor":25.0,"turns":6.0},{"damage":6.0,"enemies":"Centurion and Healer","floor":30.0,"turns":2.0},{"damage":6.0,"enemies":"Slavers","floor":31.0,"turns":1.0},{"damage":52.0,"enemies":"Automaton","floor":33.0,"turns":9.0},{"damage":6.0,"enemies":"Orb Walker","floor":35.0,"turns":2.0},{"damage":8.0,"enemies":"3 Shapes","floor":36.0,"turns":2.0},{"damage":6.0,"enemies":"Jaw Worm Horde","floor":37.0,"turns":1.0},{"damage":7.0,"enemies":"Sphere and 2 Shapes","floor":39.0,"turns":5.0},{"damage":7.0,"enemies":"Nemesis","floor":40.0,"turns":7.0},{"damage":6.0,"enemies":"Giant Head","floor":42.0,"turns":9.0},{"damage":12.0,"enemies":"Transient","floor":45.0,"turns":6.0},{"damage":12.0,"enemies":"Awakened One","floor":50.0,"turns":16.0},{"damage":12.0,"enemies":"Donu and Deca","floor":51.0,"turns":12.0},{"damage":26.0,"enemies":"Shield and Spear","floor":55.0,"turns":8.0},{"damage":24,"enemies":"The Heart","floor":56,"turns":14}],"seed_played":"-7312051870425937356","potions_obtained":[{"floor":1.0,"key":"SneckoOil"},{"floor":12.0,"key":"SpeedPotion"},{"floor":16.0,"key":"Weak Potion"},{"floor":19.0,"key":"GamblersBrew"},{"floor":22.0,"key":"Explosive Potion"},{"floor":30.0,"key":"Explosive Potion"},{"floor":33.0,"key":"Explosive Potion"},{"floor":36.0,"key":"Swift Potion"},{"floor":37.0,"key":"Swift Potion"},{"floor":40.0,"key":"Block Potion"},{"floor":42.0,"key":"Energy Potion"}],"is_trial":false,"path_per_floor":["M","?","$","?","M","R","E","R","T","$","?","M","R","E","R","B",null,"M","M","?","?","M","R","$","E","T","R","?","R","M","E","R","B",null,"M","M","M","?","M","E","R","E","T","R","M","?","$","?","R","B","B",null,"R","$","E","B",null],"character_chosen":"IRONCLAD","items_purchased":["Toxic Egg 2","Discovery+1","Inflame","Bottled Lightning","Bag of Preparation","Dexterity Potion","Shrug It Off+1","Feel No Pain"],"campfire_rested":9,"item_purchase_floors":[3,10,10,24,47,47,47,54],"current_hp_per_floor":[47,47,47,24,30,52,26,48,48,48,48,54,54,60,60,29,64,56,56,56,28,32,54,54,37,37,59,59,75,75,75,75,29,64,64,62,62,62,61,60,75,75,75,75,69,55,55,45,67,61,55,70,75,75,55,49],"gold":73,"neow_bonus":"TWO_FIFTY_GOLD","is_prod":false,"is_daily":false,"chose_seed":false,"campfire_upgraded":2,"win_rate":0,"timestamp":1561285487,"path_taken":["M","?","?","?","M","R","E","R","T","?","?","?","R","E","R","BOSS","M","M","?","?","?","R","?","E","T","R","?","R","M","E","R","BOSS","M","?","M","?","M","E","R","E","T","R","M","?","$","?","R","BOSS","BOSS","R","$","E","BOSS"],"build_version":"2019-01-23","purchased_purges":2,"victory":true,"max_hp_per_floor":[75,75,75,75,75,75,75,75,75,75,75,75,75,75,75,75,75,75,75,75,75,75,75,75,75,75,75,75,75,75,75,75,75,75,75,75,75,75,75,75,75,75,75,75,75,75,75,75,75,75,75,75,75,75,75,75],"card_choices":[{"not_picked":["Iron Wave","Cleave"],"picked":"Whirlwind","floor":1.0},{"not_picked":["Sword Boomerang","Warcry+1"],"picked":"Infernal Blade+1","floor":5.0},{"not_picked":["Perfected Strike","Metallicize"],"picked":"Battle Trance+1","floor":7.0},{"not_picked":["Clash","Uppercut"],"picked":"Shrug It Off+1","floor":12.0},{"not_picked":["Body Slam","Wild Strike"],"picked":"Intimidate+1","floor":14.0},{"not_picked":["Immolate","Demon Form"],"picked":"Offering+1","floor":16.0},{"not_picked":["Armaments+1","Rupture","Anger+1"],"picked":"SKIP","floor":18.0},{"not_picked":["Infernal Blade+1","Uppercut"],"picked":"True Grit+1","floor":19.0},{"not_picked":["Havoc+1","Wild Strike"],"picked":"Second Wind+1","floor":22.0},{"not_picked":["Havoc+1","Sever Soul"],"picked":"Carnage+1","floor":25.0},{"not_picked":["Clash","Bloodletting+1","Armaments+1"],"picked":"SKIP","floor":30.0},{"not_picked":["Perfected Strike","Battle Trance+1"],"picked":"Whirlwind+1","floor":31.0},{"not_picked":["Berserk","Reaper"],"picked":"Barricade","floor":33.0},{"not_picked":["True Grit+1","Heavy Blade+1","Clash+1"],"picked":"SKIP","floor":35.0},{"not_picked":["Sword Boomerang","True Grit+1","Sever Soul"],"picked":"SKIP","floor":36.0},{"not_picked":["Sword Boomerang","True Grit+1","Sever Soul"],"picked":"SKIP","floor":36.0},{"not_picked":["Wild Strike+1","Clothesline"],"picked":"Entrench+1","floor":37.0},{"not_picked":["Headbutt","Whirlwind","Heavy Blade+1"],"picked":"SKIP","floor":39.0},{"not_picked":["Carnage+1","Iron Wave+1","True Grit+1"],"picked":"SKIP","floor":40.0},{"not_picked":["Carnage+1","Iron Wave+1","True Grit+1"],"picked":"SKIP","floor":40.0},{"not_picked":["Carnage+1","Iron Wave+1","True Grit+1"],"picked":"SKIP","floor":40.0},{"not_picked":["Thunderclap","Pummel"],"picked":"Offering+1","floor":42.0},{"not_picked":["Perfected Strike+1","Wild Strike"],"picked":"Power Through+1","floor":45.0},{"not_picked":["Anger","Heavy Blade"],"picked":"Shockwave+1","floor":55.0}],"player_experience":772474,"relics_obtained":[{"floor":7.0,"key":"MawBank"},{"floor":9.0,"key":"Self Forming Clay"},{"floor":14.0,"key":"War Paint"},{"floor":25.0,"key":"Bottled Tornado"},{"floor":31.0,"key":"Potion Belt"},{"floor":40.0,"key":"Mercury Hourglass"},{"floor":42.0,"key":"Sundial"},{"floor":43.0,"key":"Meat on the Bone"},{"floor":55.0,"key":"Vajra"}],"event_choices":[{"cards_removed":["Strike_R"],"damage_healed":0.0,"max_hp_gain":0.0,"max_hp_loss":0.0,"gold_gain":0.0,"event_name":"Purifier","player_choice":"Purged","floor":2.0,"gold_loss":0.0,"damage_taken":0.0},{"damage_healed":0.0,"max_hp_gain":0.0,"max_hp_loss":0.0,"gold_gain":0.0,"event_name":"Shining Light","player_choice":"Entered Light","floor":4.0,"gold_loss":0.0,"damage_taken":23.0,"cards_upgraded":["Defend_R","Whirlwind"]},{"damage_healed":0.0,"max_hp_gain":0.0,"max_hp_loss":0.0,"gold_gain":0.0,"event_name":"The Cleric","player_choice":"Leave","floor":11.0,"gold_loss":0.0,"damage_taken":0.0},{"damage_healed":0.0,"max_hp_gain":0.0,"max_hp_loss":0.0,"gold_gain":0.0,"event_name":"The Mausoleum","player_choice":"Ignored","floor":20.0,"gold_loss":0.0,"damage_taken":0.0},{"damage_healed":0.0,"max_hp_gain":0.0,"max_hp_loss":0.0,"gold_gain":270.0,"event_name":"Knowing Skull","player_choice":"GOLD GOLD GOLD ","floor":21.0,"potions_obtained":[],"gold_loss":0.0,"damage_taken":28.0,"cards_obtained":[]},{"damage_healed":0.0,"max_hp_gain":0.0,"max_hp_loss":0.0,"gold_gain":0.0,"event_name":"Accursed Blacksmith","player_choice":"Forge","floor":28.0,"gold_loss":0.0,"damage_taken":0.0,"cards_upgraded":["Defend_R"]},{"cards_removed":["Defend_R"],"damage_healed":0.0,"max_hp_gain":0.0,"max_hp_loss":0.0,"gold_gain":0.0,"event_name":"Falling","player_choice":"Removed Skill","floor":38.0,"gold_loss":0.0,"damage_taken":0.0},{"damage_healed":0.0,"max_hp_gain":0.0,"max_hp_loss":0.0,"gold_gain":0.0,"event_name":"Winding Halls","player_choice":"Embrace Madness","floor":46.0,"gold_loss":0.0,"damage_taken":14.0,"cards_obtained":["Madness","Madness"]},{"damage_healed":0.0,"max_hp_gain":0.0,"max_hp_loss":0.0,"gold_gain":0.0,"event_name":"SensoryStone","player_choice":"Memory 3","floor":48.0,"gold_loss":0.0,"damage_taken":10.0}],"is_beta":false,"boss_relics":[{"not_picked":["Black Star","Eternal Feather"],"picked":"Fusion Hammer"},{"not_picked":["Calling Bell","White Beast Statue"],"picked":"Empty Cage"}],"items_purged_floors":[3,24],"is_endless":false,"potions_floor_spawned":[1,12,16,19,22,25,30,33,36,37,40,42],"ascension_level":20}