{"gold_per_floor":[212,223,223,235,249,249,280,310,337,18,18,18,35,52,52,152,152,171,187,25,25],"floor_reached":21,"playtime":1324,"items_purged":[],"score":287,"play_id":"8f2c19e9-e74f-4283-b093-b0a7c6291f1d","local_time":"20190611175320","is_ascension_mode":true,"campfire_choices":[{"floor":6.0,"key":"REST"},{"floor":12.0,"key":"REST"},{"floor":15.0,"key":"REST"}],"neow_cost":"NONE","seed_source_timestamp":1393118374938765,"circlet_count":0,"master_deck":["Defend_G","Defend_G","Defend_G","Defend_G","Defend_G","Strike_G","Strike_G","Strike_G","Strike_G","Strike_G","Survivor","Neutralize","Blade Dance","Cloak And Dagger","Blade Dance","Tactician+1","Dagger Throw","Reflex","Dagger Throw","Dagger Throw","Acrobatics","Acrobatics","Backflip","Reflex","Flash of Steel","Dagger Throw","Acrobatics"],"special_seed":0,"relics":["Ring of the Snake","Anchor","Centennial Puzzle","Dream Catcher","HoveringKite"],"potions_floor_usage":[16,16,19],"damage_taken":[{"damage":0.0,"enemies":"2 Louse","floor":1.0,"turns":4.0},{"damage":6.0,"enemies":"Cultist","floor":2.0,"turns":5.0},{"damage":0.0,"enemies":"Small Slimes","floor":4.0,"turns":4.0},{"damage":1.0,"enemies":"2 Fungi Beasts","floor":5.0,"turns":4.0},{"damage":44.0,"enemies":"Gremlin Nob","floor":7.0,"turns":5.0},{"damage":10.0,"enemies":"Gremlin Gang","floor":13.0,"turns":7.0},{"damage":0.0,"enemies":"3 Louse","floor":14.0,"turns":4.0},{"damage":46,"enemies":"The Guardian","floor":16,"turns":14},{"damage":7,"enemies":"3 Byrds","floor":18,"turns":6},{"damage":23,"enemies":"Spheric Guardian","floor":19,"turns":4},{"damage":27,"enemies":"Snake Plant","floor":21,"turns":3}],"seed_played":"-4066123484802124859","potions_obtained":[{"floor":2.0,"key":"Explosive Potion"},{"floor":13.0,"key":"FearPotion"},{"floor":14.0,"key":"Strength Potion"},{"floor":18,"key":"Fire Potion"}],"is_trial":false,"path_per_floor":["M","M","$","M","M","R","E","?","T","$","?","R","M","M","R","B",null,"M","M","$","M"],"character_chosen":"THE_SILENT","items_purchased":["Reflex","Dagger Throw","Dream Catcher","PowerPotion","Flash of Steel","Dagger Throw","Acrobatics"],"campfire_rested":3,"item_purchase_floors":[10,10,10,10,20,20,20],"current_hp_per_floor":[63,57,57,57,56,70,26,26,26,26,26,47,37,37,58,12,56,49,26,26,0],"gold":25,"neow_bonus":"HUNDRED_GOLD","is_prod":false,"is_daily":false,"chose_seed":false,"campfire_upgraded":0,"win_rate":0,"timestamp":1560264800,"path_taken":["M","M","$","M","M","R","E","?","T","$","?","R","?","M","R","BOSS","M","M","$","M"],"build_version":"2019-01-23","purchased_purges":0,"victory":false,"max_hp_per_floor":[70,70,70,70,70,70,70,70,70,70,70,70,70,70,70,70,70,70,70,70,70],"card_choices":[{"not_picked":["PiercingWail","Distraction"],"picked":"Blade Dance","floor":1.0},{"not_picked":["Underhanded Strike","Backflip"],"picked":"Cloak And Dagger","floor":2.0},{"not_picked":["Sucker Punch","Setup"],"picked":"Blade Dance","floor":4.0},{"not_picked":["Reflex","Dagger Spray"],"picked":"Tactician","floor":5.0},{"not_picked":["Night Terror","Masterful Stab"],"picked":"Dagger Throw","floor":7.0},{"not_picked":["Sucker Punch","Dagger Spray"],"picked":"Dagger Throw","floor":12.0},{"not_picked":["Deflect","Blade Dance","Infinite Blades"],"picked":"SKIP","floor":13.0},{"not_picked":["Expertise","Blade Dance"],"picked":"Acrobatics","floor":14.0},{"not_picked":["Backflip","Quick Slash"],"picked":"Acrobatics","floor":15.0},{"not_picked":["Setup","Quick Slash"],"picked":"Backflip","floor":18},{"not_picked":["Backstab","Sucker Punch"],"picked":"Reflex","floor":19}],"player_experience":1510891,"relics_obtained":[{"floor":7.0,"key":"Anchor"},{"floor":9.0,"key":"Centennial Puzzle"}],"event_choices":[{"damage_healed":0.0,"max_hp_gain":0.0,"max_hp_loss":0.0,"gold_gain":30.0,"event_name":"Dead Adventurer","player_choice":"Searched \u00271\u0027 times","floor":8.0,"gold_loss":0.0,"damage_taken":0.0},{"damage_healed":0.0,"max_hp_gain":0.0,"max_hp_loss":0.0,"gold_gain":0.0,"event_name":"Upgrade Shrine","player_choice":"Upgraded","floor":11.0,"gold_loss":0.0,"damage_taken":0.0,"cards_upgraded":["Tactician"]}],"is_beta":false,"boss_relics":[{"not_picked":["Busted Crown","Sozu"],"picked":"HoveringKite"}],"items_purged_floors":[],"is_endless":false,"potions_floor_spawned":[2,13,14,18],"killed_by":"Snake Plant","ascension_level":9}