{"gold_per_floor":[114,127,140,25,41,41,71,158,193,229,241,271,300,46,46,123,123,143,143,163,163,182,182,193,193,219,219,219,66,92,109,109,181,181,194,255,270,320,340,340,668,432,459,459,470,520,670,466,466,466,466],"floor_reached":51,"playtime":2176,"items_purged":["Strike_B","Decay","Parasite","Strike_B"],"score":1369,"play_id":"bb27d92b-a615-4beb-a899-08bde64d9139","local_time":"20190722181946","is_ascension_mode":true,"campfire_choices":[{"data":"Darkness","floor":6,"key":"SMITH"},{"data":"Loop","floor":11,"key":"SMITH"},{"data":"Apotheosis","floor":15,"key":"SMITH"},{"floor":23,"key":"REST"},{"floor":28,"key":"REST"},{"floor":32,"key":"REST"},{"floor":40,"key":"REST"},{"floor":44,"key":"RECALL"},{"floor":49,"key":"REST"}],"neow_cost":"NONE","seed_source_timestamp":267870951537900,"circlet_count":0,"master_deck":["AscendersBane","Defend_B","Defend_B","Defend_B","Defend_B","Zap","Dualcast","Glacier","Loop+1","FTL","Darkness+1","Undo","Cold Snap","Apotheosis+1","Biased Cognition","Consume+1","Capacitor+1","White Noise","Amplify","Coolheaded","Dark Shackles","Hologram+1","Buffer","Coolheaded"],"relics":["Lizard Tail","MawBank","Blood Vial","Odd Mushroom","Runic Dome","Anchor","SsserpentHead","Regal Pillow","Empty Cage","Old Coin","Du-Vu Doll"],"potions_floor_usage":[10,16,22,41,45,50],"damage_taken":[{"damage":1,"enemies":"Cultist","floor":1,"turns":3},{"damage":2,"enemies":"Jaw Worm","floor":2,"turns":8},{"damage":0,"enemies":"2 Louse","floor":3,"turns":5},{"damage":0,"enemies":"Blue Slaver","floor":5,"turns":6},{"damage":16,"enemies":"Lagavulin","floor":7,"turns":9},{"damage":13,"enemies":"The Mushroom Lair","floor":10,"turns":4},{"damage":2,"enemies":"3 Louse","floor":12,"turns":6},{"damage":0,"enemies":"2 Fungi Beasts","floor":13,"turns":4},{"damage":26,"enemies":"Slime Boss","floor":16,"turns":6},{"damage":32,"enemies":"Shell Parasite","floor":18,"turns":4},{"damage":0,"enemies":"Spheric Guardian","floor":20,"turns":4},{"damage":10,"enemies":"Shelled Parasite and Fungi","floor":22,"turns":4},{"damage":12,"enemies":"Snake Plant","floor":24,"turns":6},{"damage":25,"enemies":"Slavers","floor":30,"turns":6},{"damage":13,"enemies":"Cultist and Chosen","floor":31,"turns":5},{"damage":11,"enemies":"Champ","floor":33,"turns":13},{"damage":7,"enemies":"3 Darklings","floor":35,"turns":8},{"damage":10,"enemies":"3 Shapes","floor":36,"turns":5},{"damage":43,"enemies":"Writhing Mass","floor":37,"turns":5},{"damage":16,"enemies":"4 Shapes","floor":39,"turns":7},{"damage":35,"enemies":"Giant Head","floor":41,"turns":7},{"damage":8,"enemies":"Sphere and 2 Shapes","floor":45,"turns":5},{"damage":0,"enemies":"Mind Bloom Boss Battle","floor":47,"turns":11},{"damage":60,"enemies":"Awakened One","floor":50,"turns":19},{"damage":10,"enemies":"Time Eater","floor":51,"turns":2}],"seed_played":"-9031070374947803092","potions_obtained":[{"floor":5,"key":"Fire Potion"},{"floor":7,"key":"Explosive Potion"},{"floor":12,"key":"Dexterity Potion"},{"floor":13,"key":"SkillPotion"},{"floor":18,"key":"Block Potion"},{"floor":33,"key":"PowerPotion"},{"floor":41,"key":"SneckoOil"}],"is_trial":false,"path_per_floor":["M","M","M","$","M","R","E","?","T","?","R","M","M","$","R","B",null,"M","?","M","?","M","R","M","?","T","?","R","$","E","M","R","B",null,"M","M","M","?","M","R","E","$","T","R","M","?","?","$","R","B","B"],"character_chosen":"DEFECT","items_purchased":["Loop","FTL","Apotheosis","PowerPotion","PowerPotion","Coolheaded","Energy Potion"],"campfire_rested":5,"item_purchase_floors":[4,4,14,29,42,42,48],"current_hp_per_floor":[63,61,61,61,61,61,45,34,34,23,23,23,25,25,25,1,54,24,24,26,26,18,39,29,29,29,29,50,50,27,16,52,43,64,59,51,10,5,35,71,36,36,36,36,30,30,32,32,67,8,0],"gold":466,"neow_bonus":"BOSS_RELIC","is_prod":false,"is_daily":false,"chose_seed":false,"campfire_upgraded":3,"win_rate":0,"timestamp":1563787186,"path_taken":["M","?","M","$","?","R","E","?","T","?","R","M","M","?","R","BOSS","M","?","M","?","M","R","?","?","T","?","R","$","E","M","R","BOSS","M","?","M","?","M","R","E","$","T","R","M","?","?","$","R","BOSS","BOSS"],"build_version":"2019-07-17","purchased_purges":4,"victory":false,"max_hp_per_floor":[71,71,71,71,71,71,71,71,71,71,71,71,71,71,71,71,71,71,71,71,71,71,71,71,71,71,71,71,71,71,71,71,71,71,71,71,71,71,71,71,71,68,68,68,68,68,68,68,68,68,68],"card_choices":[{"not_picked":["Sweeping Beam","Stack"],"picked":"Glacier","floor":1},{"not_picked":["Compile Driver","Chaos","Stack"],"picked":"SKIP","floor":2},{"not_picked":["Hologram","Genetic Algorithm","Scrape"],"picked":"SKIP","floor":3},{"not_picked":["Fusion","Heatsinks"],"picked":"Darkness","floor":5},{"not_picked":["Steam","Beam Cell"],"picked":"Undo","floor":7},{"not_picked":["Ball Lightning","Turbo"],"picked":"Cold Snap","floor":10},{"not_picked":["Heatsinks","Leap"],"picked":"Ball Lightning","floor":12},{"not_picked":["Sweeping Beam","Doom and Gloom","Thunder Strike"],"picked":"SKIP","floor":13},{"not_picked":["Meteor Strike","Creative AI"],"picked":"Biased Cognition","floor":16},{"not_picked":["Beam Cell","Redo","Barrage"],"picked":"SKIP","floor":18},{"not_picked":["Chaos","Ball Lightning+1"],"picked":"Consume","floor":20},{"not_picked":["Ball Lightning","Reboot"],"picked":"Capacitor+1","floor":22},{"not_picked":["Steam","BootSequence","Redo"],"picked":"SKIP","floor":24},{"not_picked":["Leap","Rebound","Ball Lightning"],"picked":"SKIP","floor":30},{"not_picked":["Steam","Steam Power"],"picked":"White Noise","floor":31},{"not_picked":["Hyperbeam","Rainbow"],"picked":"Amplify","floor":33},{"not_picked":["Redo","Static Discharge","Compile Driver"],"picked":"SKIP","floor":35},{"not_picked":["Gash","Ball Lightning"],"picked":"Coolheaded","floor":36},{"not_picked":["Fusion","Aggregate","Gash+1"],"picked":"SKIP","floor":37},{"not_picked":["Mind Blast","Dramatic Entrance"],"picked":"Dark Shackles","floor":38},{"not_picked":["Steam","Gash"],"picked":"Hologram+1","floor":39},{"not_picked":["Cold Snap+1","Melter+1"],"picked":"Buffer","floor":41},{"not_picked":["Conserve Battery","Beam Cell+1","Hologram+1"],"picked":"SKIP","floor":45}],"player_experience":1132235,"relics_obtained":[{"floor":7,"key":"MawBank"},{"floor":9,"key":"Blood Vial"},{"floor":10,"key":"Odd Mushroom"},{"floor":26,"key":"Anchor"},{"floor":30,"key":"Regal Pillow"},{"floor":41,"key":"Old Coin"},{"floor":47,"key":"Du-Vu Doll"}],"event_choices":[{"damage_healed":0,"gold_gain":75,"player_choice":"Gather Gold","damage_taken":11,"max_hp_gain":0,"max_hp_loss":0,"event_name":"World of Goop","floor":8,"gold_loss":0},{"damage_healed":0,"gold_gain":0,"player_choice":"Fought Mushrooms","damage_taken":0,"max_hp_gain":0,"max_hp_loss":0,"event_name":"Mushrooms","floor":10,"gold_loss":0},{"damage_healed":0,"gold_gain":0,"player_choice":"Smashed Altar","damage_taken":0,"max_hp_gain":0,"max_hp_loss":0,"event_name":"Forgotten Altar","floor":19,"gold_loss":0,"cards_obtained":["Decay"]},{"damage_healed":0,"gold_gain":0,"player_choice":"Forge","damage_taken":0,"max_hp_gain":0,"max_hp_loss":0,"event_name":"Accursed Blacksmith","floor":21,"gold_loss":0,"cards_upgraded":["Consume"]},{"damage_healed":0,"gold_gain":0,"player_choice":"Ignored","damage_taken":0,"max_hp_gain":0,"max_hp_loss":0,"event_name":"Vampires","floor":25,"gold_loss":0},{"damage_healed":0,"gold_gain":0,"player_choice":"Trade","damage_taken":0,"relics_obtained":["SsserpentHead"],"max_hp_gain":0,"max_hp_loss":0,"event_name":"FaceTrader","floor":27,"gold_loss":0},{"damage_healed":0,"gold_gain":0,"player_choice":"Memory 2","damage_taken":5,"max_hp_gain":0,"max_hp_loss":0,"event_name":"SensoryStone","floor":38,"gold_loss":0},{"cards_removed":["Ball Lightning"],"damage_healed":0,"gold_gain":0,"player_choice":"Removed Attack","damage_taken":0,"max_hp_gain":0,"max_hp_loss":0,"event_name":"Falling","floor":46,"gold_loss":0},{"damage_healed":0,"gold_gain":0,"player_choice":"Fight","damage_taken":0,"max_hp_gain":0,"max_hp_loss":0,"event_name":"MindBloom","floor":47,"gold_loss":0}],"is_beta":false,"boss_relics":[{"not_picked":["Nuclear Battery","Astrolabe"],"picked":"Runic Dome"},{"not_picked":["Tiny House","Busted Crown"],"picked":"Empty Cage"}],"items_purged_floors":[14,29,42,48],"is_endless":false,"potions_floor_spawned":[5,7,12,13,18,30,33,36,37,41],"killed_by":"Time Eater","ascension_level":20}