{"gold_per_floor":[112,112,387,406,68,97,97,132,214,225,225,240,240,251,251,330,330,345,345,245,274,293,293,313,313,313,313,37,37,37,70,70,144,144,160,435,455,471,114,141,141,154,154,154,179,129,139,159,159,159,159,159,159,25,57,57],"floor_reached":57,"playtime":2798,"items_purged":["Regret","Bash","Regret","Bludgeon+1"],"score":2901,"play_id":"6114c8f3-378a-4c96-95e3-66c1ad721e17","local_time":"20190612145945","is_ascension_mode":true,"campfire_choices":[{"floor":7,"key":"REST"},{"data":"Strike_R","floor":13,"key":"PURGE"},{"data":"Whirlwind","floor":15,"key":"SMITH"},{"data":"Armaments","floor":23,"key":"SMITH"},{"data":"Whirlwind+1","floor":25,"key":"PURGE"},{"floor":30,"key":"REST"},{"data":"Offering","floor":32,"key":"SMITH"},{"data":"Defend_R","floor":41,"key":"PURGE"},{"floor":44,"key":"RECALL"},{"floor":49,"key":"REST"},{"data":"Whirlwind+1","floor":53,"key":"PURGE"}],"neow_cost":"PERCENT_DAMAGE","seed_source_timestamp":347402582994800,"circlet_count":0,"master_deck":["AscendersBane","Defend_R+1","Defend_R+1","Defend_R","Dropkick","Corruption","Dropkick+1","Shrug It Off+1","Armaments+1","Spot Weakness","Offering+1","Uppercut+1","Feel No Pain","Feel No Pain","Battle Trance+1","True Grit","Feed","True Grit+1","Ghostly Armor+1","Discovery","Entrench"],"relics":["Burning Blood","PreservedInsect","Regal Pillow","Peace Pipe","Gremlin Horn","Astrolabe","Red Mask","Letter Opener","Nilry\u0027s Codex","TheAbacus","War Paint","Philosopher\u0027s Stone","Membership Card","Oddly Smooth Stone","Centennial Puzzle","Smiling Mask","Bag of Marbles","Lantern"],"potions_floor_usage":[6,8,16,16,56,56],"damage_taken":[{"damage":2,"enemies":"Cultist","floor":1,"turns":4},{"damage":6,"enemies":"Small Slimes","floor":4,"turns":5},{"damage":29,"enemies":"Lagavulin","floor":6,"turns":6},{"damage":20,"enemies":"3 Sentries","floor":8,"turns":4},{"damage":11,"enemies":"Jaw Worm","floor":10,"turns":4},{"damage":3,"enemies":"Blue Slaver","floor":12,"turns":4},{"damage":1,"enemies":"Exordium Wildlife","floor":14,"turns":2},{"damage":28,"enemies":"The Guardian","floor":16,"turns":7},{"damage":6,"enemies":"Chosen","floor":18,"turns":2},{"damage":12,"enemies":"Masked Bandits","floor":21,"turns":2},{"damage":6,"enemies":"3 Byrds","floor":22,"turns":5},{"damage":11,"enemies":"Shelled Parasite and Fungi","floor":24,"turns":4},{"damage":6,"enemies":"Book of Stabbing","floor":31,"turns":4},{"damage":6,"enemies":"Collector","floor":33,"turns":6},{"damage":6,"enemies":"Orb Walker","floor":35,"turns":4},{"damage":19,"enemies":"3 Darklings","floor":37,"turns":5},{"damage":6,"enemies":"4 Shapes","floor":38,"turns":6},{"damage":6,"enemies":"Giant Head","floor":40,"turns":5},{"damage":6,"enemies":"Writhing Mass","floor":42,"turns":2},{"damage":34,"enemies":"Nemesis","floor":45,"turns":3},{"damage":8,"enemies":"Transient","floor":47,"turns":6},{"damage":8,"enemies":"Maw","floor":48,"turns":5},{"damage":21,"enemies":"Awakened One","floor":50,"turns":5},{"damage":8,"enemies":"Time Eater","floor":51,"turns":11},{"damage":28,"enemies":"Shield and Spear","floor":55,"turns":4},{"damage":52,"enemies":"The Heart","floor":56,"turns":8}],"seed_played":"-270047704160262936","potions_obtained":[{"floor":4,"key":"SkillPotion"},{"floor":8,"key":"SkillPotion"},{"floor":14,"key":"Dexterity Potion"},{"floor":16,"key":"Weak Potion"},{"floor":21,"key":"AttackPotion"},{"floor":48,"key":"FearPotion"}],"is_trial":false,"path_per_floor":["M","T","?","M","$","E","R","E","T","M","?","M","R","M","R","B",null,"M","?","$","?","M","R","M","R","T","?","$","?","R","E","R","B",null,"M","?","M","M","$","E","R","M","T","R","E","$","M","M","R","B","B",null,"R","$","E","B",null],"character_chosen":"IRONCLAD","items_purchased":["Corruption","Dropkick","FearPotion","Whirlwind","TheAbacus","Swift Potion","Membership Card","Oddly Smooth Stone","Bag of Marbles","Discovery"],"campfire_rested":3,"item_purchase_floors":[5,5,5,5,28,28,39,39,54,54],"current_hp_per_floor":[54,54,54,54,54,31,68,54,54,49,26,29,29,34,34,12,59,59,59,59,53,53,53,48,48,48,27,27,27,64,64,64,64,72,76,76,63,66,66,66,66,70,70,70,46,46,44,46,89,78,76,93,93,93,75,29],"gold":57,"neow_bonus":"REMOVE_TWO","is_prod":false,"is_daily":false,"chose_seed":false,"campfire_upgraded":3,"win_rate":0,"timestamp":1560319185,"path_taken":["M","?","?","M","$","E","R","E","T","?","?","M","R","M","R","BOSS","M","?","$","?","M","R","M","R","T","?","$","?","R","E","R","BOSS","M","?","M","?","?","E","R","M","T","R","E","$","M","M","R","BOSS","BOSS","R","$","E","BOSS"],"build_version":"2019-01-23","purchased_purges":4,"victory":true,"max_hp_per_floor":[75,75,75,75,75,75,75,75,75,75,75,75,75,75,75,75,75,75,75,75,75,75,75,75,75,75,75,75,75,75,75,75,75,75,79,79,79,82,82,82,82,86,86,86,90,90,90,94,94,98,98,98,98,98,102,102],"card_choices":[{"not_picked":["Havoc","Armaments","Sever Soul"],"picked":"SKIP","floor":1},{"not_picked":["Clothesline","Bloodletting"],"picked":"Dropkick","floor":4},{"not_picked":["Clash","Flex","Sever Soul"],"picked":"SKIP","floor":6},{"not_picked":["Burning Pact","Headbutt"],"picked":"Shrug It Off","floor":8},{"not_picked":["Wild Strike","Warcry"],"picked":"Armaments","floor":10},{"not_picked":["Rupture","Havoc"],"picked":"True Grit","floor":12},{"not_picked":["Corruption","Iron Wave"],"picked":"Spot Weakness","floor":14},{"not_picked":["Exhume","Dark Embrace"],"picked":"Offering","floor":16},{"not_picked":["Spot Weakness","Thunderclap+1","Iron Wave"],"picked":"SKIP","floor":18},{"not_picked":["Twin Strike+1","Flex"],"picked":"Feel No Pain","floor":21},{"not_picked":["Pummel","Clothesline"],"picked":"Battle Trance+1","floor":22},{"not_picked":["Anger","Armaments"],"picked":"True Grit","floor":24},{"not_picked":["Carnage","Flex","Rampage"],"picked":"SKIP","floor":31},{"not_picked":["Fiend Fire","Reaper"],"picked":"Feed","floor":33},{"not_picked":["Hemokinesis","Inflame","Perfected Strike"],"picked":"SKIP","floor":35},{"not_picked":["Heavy Blade","Clothesline"],"picked":"True Grit+1","floor":37},{"not_picked":["Wild Strike+1","Iron Wave","Anger"],"picked":"SKIP","floor":38},{"not_picked":["Double Tap","Body Slam","Reckless Charge"],"picked":"SKIP","floor":40},{"not_picked":["Perfected Strike","Sword Boomerang","Reckless Charge"],"picked":"SKIP","floor":42},{"not_picked":["Reaper","Warcry","Havoc"],"picked":"SKIP","floor":45},{"not_picked":["Clash","Anger","Cleave"],"picked":"SKIP","floor":47},{"not_picked":["Dual Wield","Feel No Pain"],"picked":"Ghostly Armor+1","floor":48},{"not_picked":["Thunderclap","Fire Breathing+1"],"picked":"Entrench","floor":55}],"player_experience":605859,"relics_obtained":[{"floor":2,"key":"PreservedInsect"},{"floor":6,"key":"Regal Pillow"},{"floor":8,"key":"Peace Pipe"},{"floor":9,"key":"Gremlin Horn"},{"floor":21,"key":"Red Mask"},{"floor":26,"key":"Letter Opener"},{"floor":27,"key":"Nilry\u0027s Codex"},{"floor":31,"key":"War Paint"},{"floor":40,"key":"Centennial Puzzle"},{"floor":45,"key":"Smiling Mask"},{"floor":55,"key":"Lantern"}],"event_choices":[{"damage_healed":0,"gold_gain":275,"player_choice":"Desecrate","damage_taken":0,"max_hp_gain":0,"max_hp_loss":0,"event_name":"Golden Shrine","floor":3,"gold_loss":0,"cards_obtained":["Regret"]},{"damage_healed":0,"gold_gain":0,"player_choice":"Entered Light","damage_taken":23,"max_hp_gain":0,"max_hp_loss":0,"event_name":"Shining Light","floor":11,"gold_loss":0,"cards_upgraded":["Dropkick","Shrug It Off"]},{"damage_healed":0,"gold_gain":0,"player_choice":"Read","damage_taken":0,"max_hp_gain":0,"max_hp_loss":0,"event_name":"The Library","floor":19,"gold_loss":0,"cards_obtained":["Feel No Pain"]},{"damage_healed":0,"gold_gain":0,"player_choice":"Fought Bandits","damage_taken":0,"max_hp_gain":0,"max_hp_loss":0,"event_name":"Masked Bandits","floor":21,"gold_loss":0},{"damage_healed":0,"gold_gain":0,"player_choice":"Obtained Book","damage_taken":21,"max_hp_gain":0,"max_hp_loss":0,"event_name":"Cursed Tome","floor":27,"gold_loss":0},{"damage_healed":0,"gold_gain":0,"player_choice":"Ignored","damage_taken":0,"max_hp_gain":0,"max_hp_loss":0,"event_name":"Vampires","floor":29,"gold_loss":0},{"damage_healed":0,"gold_gain":275,"player_choice":"Desecrate","damage_taken":0,"max_hp_gain":0,"max_hp_loss":0,"event_name":"Golden Shrine","floor":36,"gold_loss":0,"cards_obtained":["Regret"]}],"is_beta":false,"boss_relics":[{"not_picked":["Busted Crown","Runic Dome"],"picked":"Astrolabe"},{"not_picked":["Eternal Feather","Mark of Pain"],"picked":"Philosopher\u0027s Stone"}],"items_purged_floors":[5,20,39,46],"is_endless":false,"potions_floor_spawned":[4,8,14,16,21,35,42,45,47,48],"ascension_level":20}