{"gold_per_floor":[113,113,113,10,21,53,53,67,94,94,122,71,104,124,124,201,201,212,137,151,151,171,171,185,185,185,214,1,1,31,43,43,43],"floor_reached":33,"playtime":2669,"items_purged":["Strike_G"],"score":756,"play_id":"24419647-cd3e-42cc-beae-8bf04db96f5b","local_time":"20190719235356","is_ascension_mode":true,"campfire_choices":[{"data":"Envenom","floor":7.0,"key":"SMITH"},{"data":"Dagger Throw","floor":10,"key":"SMITH"},{"data":"Noxious Fumes","floor":15,"key":"SMITH"},{"floor":23,"key":"REST"},{"floor":25,"key":"REST"},{"data":"Noxious Fumes","floor":29,"key":"SMITH"},{"floor":32,"key":"REST"}],"neow_cost":"NONE","seed_source_timestamp":770326181863279,"circlet_count":0,"master_deck":["AscendersBane","Survivor","Neutralize","Leg Sweep","Dagger Throw+1","Underhanded Strike","Envenom+1","Quick Slash","Dagger Spray","Noxious Fumes+1","Corpse Explosion+1","Footwork","Cloak And Dagger+1","Night Terror+1","Setup+1","Poisoned Stab","All Out Attack","Bullet Time+1","PiercingWail+1","Backflip+1","PiercingWail+1","Leg Sweep+1","Noxious Fumes+1","Cloak And Dagger+1","Cloak And Dagger+1","Calculated Gamble+1"],"special_seed":0,"relics":["Ring of the Snake","NeowsBlessing","Bronze Scales","Pen Nib","Orichalcum","Dodecahedron","Toxic Egg 2","Pandora\u0027s Box","Lantern","Blue Candle","Sundial"],"potions_floor_usage":[11,13,16,27,27,33],"damage_taken":[{"damage":0.0,"enemies":"2 Louse","floor":1.0,"turns":1.0},{"damage":0.0,"enemies":"Jaw Worm","floor":5.0,"turns":1.0},{"damage":0.0,"enemies":"3 Sentries","floor":6.0,"turns":2.0},{"damage":0,"enemies":"Cultist","floor":8,"turns":4},{"damage":0,"enemies":"Gremlin Nob","floor":11,"turns":3},{"damage":19,"enemies":"Lagavulin","floor":13,"turns":7},{"damage":1,"enemies":"2 Fungi Beasts","floor":14,"turns":3},{"damage":42,"enemies":"The Guardian","floor":16,"turns":11},{"damage":15,"enemies":"Spheric Guardian","floor":18,"turns":5},{"damage":12,"enemies":"Shell Parasite","floor":20,"turns":5},{"damage":10,"enemies":"Snake Plant","floor":22,"turns":4},{"damage":2,"enemies":"Centurion and Healer","floor":24,"turns":5},{"damage":5,"enemies":"Gremlin Leader","floor":27,"turns":5},{"damage":6,"enemies":"Slavers","floor":30,"turns":4},{"damage":0,"enemies":"Snecko","floor":31,"turns":4},{"damage":73,"enemies":"Champ","floor":33,"turns":12}],"seed_played":"-5528456087614345458","potions_obtained":[{"floor":1.0,"key":"EssenceOfSteel"},{"floor":11,"key":"Regen Potion"},{"floor":14,"key":"Regen Potion"},{"floor":18,"key":"FearPotion"},{"floor":24,"key":"Fire Potion"},{"floor":30,"key":"Fruit Juice"}],"is_trial":false,"path_per_floor":["M","?","?","$","M","E","R","M","T","R","E","?","E","M","R","B",null,"M","?","M","?","M","R","M","R","T","E","$","R","E","M","R","B"],"character_chosen":"THE_SILENT","items_purchased":["Dagger Throw","Leg Sweep+1","Noxious Fumes","Cloak And Dagger+1"],"campfire_rested":3,"item_purchase_floors":[4,28,28,28],"current_hp_per_floor":[59,41,34,34,34,34,34,34,34,34,34,34,30,29,29,2,50,35,35,23,23,13,32,30,49,49,44,44,44,38,38,57,0],"gold":43,"neow_bonus":"THREE_ENEMY_KILL","is_prod":false,"is_daily":false,"chose_seed":false,"campfire_upgraded":4,"win_rate":0,"timestamp":1563573236,"path_taken":["M","?","?","?","?","E","R","M","T","R","E","?","E","M","R","BOSS","M","?","M","?","M","R","?","R","T","E","$","R","E","M","R","BOSS"],"build_version":"2019-07-17","purchased_purges":1,"victory":false,"max_hp_per_floor":[66,66,66,66,66,66,66,66,66,66,66,66,66,66,66,66,66,66,66,66,66,66,66,66,66,66,66,66,66,66,66,66,71],"card_choices":[{"not_picked":["Well Laid Plans","Sucker Punch"],"picked":"Leg Sweep","floor":1.0},{"not_picked":["Bane","Acrobatics"],"picked":"Underhanded Strike","floor":5.0},{"not_picked":["Poisoned Stab","Deadly Poison"],"picked":"Envenom","floor":6.0},{"not_picked":["Bane","Acrobatics"],"picked":"Quick Slash","floor":8},{"not_picked":["PiercingWail","All Out Attack"],"picked":"Dagger Spray","floor":11},{"not_picked":["Predator","Dagger Throw"],"picked":"Noxious Fumes","floor":14},{"not_picked":["Doppelganger+1","Grand Finale"],"picked":"Corpse Explosion+1","floor":16},{"not_picked":["Corpse Explosion+1","Prepared+1"],"picked":"Backflip+1","floor":22},{"not_picked":["Blur+1","Dagger Throw"],"picked":"PiercingWail+1","floor":24},{"not_picked":["Underhanded Strike","Deadly Poison+1"],"picked":"Cloak And Dagger+1","floor":30},{"not_picked":["Tactician+1","Reflex+1"],"picked":"Calculated Gamble+1","floor":31}],"player_experience":1302699,"relics_obtained":[{"floor":6.0,"key":"Pen Nib"},{"floor":9,"key":"Orichalcum"},{"floor":11,"key":"Dodecahedron"},{"floor":13,"key":"Toxic Egg 2"},{"floor":26,"key":"Lantern"},{"floor":27,"key":"Blue Candle"},{"floor":30,"key":"Sundial"}],"event_choices":[{"damage_healed":0.0,"max_hp_gain":0.0,"max_hp_loss":0.0,"gold_gain":0.0,"event_name":"Scrap Ooze","player_choice":"Success","floor":2.0,"gold_loss":0.0,"damage_taken":18.0,"relics_obtained":["Bronze Scales"]},{"cards_removed":["Strike_G"],"damage_healed":0.0,"max_hp_gain":0.0,"max_hp_loss":0.0,"gold_gain":0.0,"event_name":"Golden Wing","player_choice":"Card Removal","floor":3.0,"gold_loss":0.0,"damage_taken":7.0},{"damage_healed":0,"gold_gain":0,"player_choice":"Left Gold","damage_taken":0,"max_hp_gain":0,"max_hp_loss":0,"event_name":"World of Goop","floor":12,"gold_loss":51},{"cards_removed":["Underhanded Strike"],"damage_healed":0,"gold_gain":0,"player_choice":"Gave Gold","damage_taken":0,"max_hp_gain":0,"max_hp_loss":0,"event_name":"Beggar","floor":19,"gold_loss":75},{"damage_healed":0,"gold_gain":0,"player_choice":"Read","damage_taken":0,"max_hp_gain":0,"max_hp_loss":0,"event_name":"The Library","floor":21,"gold_loss":0,"cards_obtained":["PiercingWail"]}],"is_beta":false,"boss_relics":[{"not_picked":["Busted Crown","Lizard Tail"],"picked":"Pandora\u0027s Box"}],"items_purged_floors":[4],"is_endless":false,"potions_floor_spawned":[1,11,14,18,24,30],"killed_by":"Champ","ascension_level":20}