{"gold_per_floor":[109,109,126,126,126,126,126,154,181,181,128,128,142,157,157,234,234,250,260,260,279,279,314,314,332,332,332,350,350,350,14,14,86,86,106,1105,81,99,114,148,23,53,78,78,88,118,118,130,130,130,130,130,130,130,160,160],"floor_reached":57,"playtime":2358,"items_purged":["Decay","Normality","Normality"],"score":3166,"play_id":"6722e822-cfd8-481f-a60a-edddf9c2daa4","local_time":"20190717183221","is_ascension_mode":true,"campfire_choices":[{"data":"Cloak And Dagger","floor":6,"key":"SMITH"},{"data":"Noxious Fumes","floor":10,"key":"SMITH"},{"data":"1","floor":12,"key":"LIFT"},{"data":"2","floor":15,"key":"LIFT"},{"data":"3","floor":24,"key":"LIFT"},{"data":"Wraith Form v2","floor":30,"key":"SMITH"},{"data":"Catalyst","floor":32,"key":"SMITH"},{"floor":49,"key":"RECALL"},{"data":"Well Laid Plans","floor":53,"key":"SMITH"}],"neow_cost":"PERCENT_DAMAGE","seed_source_timestamp":404250047827000,"circlet_count":0,"master_deck":["AscendersBane","Strike_G","Strike_G","Strike_G","Strike_G","Defend_G","Defend_G","Defend_G","Defend_G+1","Defend_G","Survivor","Neutralize+1","Noxious Fumes+1","Cloak And Dagger+1","Burst","Dagger Spray","Acrobatics","Blade Dance","Adrenaline","Escape Plan","Catalyst+1","Ghostly","Ghostly","Ghostly","Deadly Poison","Catalyst","Wraith Form v2+1","Panacea+1","Night Terror+1","Apotheosis+1","Deadly Poison+1","Footwork+1","Finesse+1","Acrobatics+1","Dodge and Roll+1","Well Laid Plans+1"],"relics":["Ring of the Snake","Du-Vu Doll","Girya","Bag of Marbles","Juzu Bracelet","Sozu","FaceOfCleric","Potion Belt","Toxic Egg 2","Vajra","Philosopher\u0027s Stone","Medical Kit","Tough Bandages","Art of War","Question Card","Blue Candle","Shuriken","Boot"],"potions_floor_usage":[8,18,56],"damage_taken":[{"damage":0,"enemies":"Small Slimes","floor":1,"turns":4},{"damage":7,"enemies":"Jaw Worm","floor":3,"turns":5},{"damage":16,"enemies":"Lagavulin","floor":8,"turns":8},{"damage":0,"enemies":"2 Louse","floor":13,"turns":1},{"damage":0,"enemies":"2 Fungi Beasts","floor":14,"turns":2},{"damage":0,"enemies":"Hexaghost","floor":16,"turns":9},{"damage":0,"enemies":"Shell Parasite","floor":18,"turns":1},{"damage":3,"enemies":"2 Thieves","floor":19,"turns":4},{"damage":0,"enemies":"Snake Plant","floor":21,"turns":5},{"damage":1,"enemies":"Slavers","floor":23,"turns":6},{"damage":9,"enemies":"Centurion and Healer","floor":25,"turns":5},{"damage":1,"enemies":"Snecko","floor":28,"turns":4},{"damage":0,"enemies":"Champ","floor":33,"turns":7},{"damage":1,"enemies":"Orb Walker","floor":35,"turns":3},{"damage":0,"enemies":"3 Shapes","floor":38,"turns":3},{"damage":1,"enemies":"Writhing Mass","floor":39,"turns":3},{"damage":4,"enemies":"Reptomancer","floor":40,"turns":4},{"damage":1,"enemies":"Giant Head","floor":42,"turns":6},{"damage":0,"enemies":"Jaw Worm Horde","floor":45,"turns":7},{"damage":10,"enemies":"Nemesis","floor":46,"turns":3},{"damage":0,"enemies":"4 Shapes","floor":48,"turns":4},{"damage":0,"enemies":"Time Eater","floor":50,"turns":8},{"damage":6,"enemies":"Donu and Deca","floor":51,"turns":11},{"damage":2,"enemies":"Shield and Spear","floor":55,"turns":8},{"damage":28,"enemies":"The Heart","floor":56,"turns":10}],"seed_played":"-2637874728502901703","potions_obtained":[{"floor":1,"key":"Swift Potion"},{"floor":3,"key":"Fire Potion"},{"floor":14,"key":"AttackPotion"},{"floor":16,"key":"GhostInAJar"}],"is_trial":false,"path_per_floor":["M","?","M","?","?","R","?","E","T","R","$","R","M","M","R","B",null,"M","M","?","M","?","E","R","M","T","?","M","?","R","$","R","B",null,"M","?","$","M","M","E","$","E","T","?","M","E","?","M","R","B","B",null,"R","$","E","B",null],"character_chosen":"THE_SILENT","items_purchased":["Dagger Spray","Vajra","Panacea+1","Medical Kit","Tough Bandages","Apotheosis+1","Art of War"],"campfire_rested":0,"item_purchase_floors":[11,31,31,37,37,37,37],"current_hp_per_floor":[44,37,30,52,32,32,27,11,11,11,11,11,11,11,11,11,52,52,49,33,33,33,33,33,25,25,25,25,17,17,17,17,18,36,36,36,36,37,37,34,34,34,34,24,25,16,40,41,41,42,37,42,42,42,41,14],"gold":160,"neow_bonus":"ONE_RARE_RELIC","is_prod":false,"is_daily":false,"chose_seed":false,"campfire_upgraded":5,"win_rate":0,"timestamp":1563355941,"path_taken":["M","?","M","?","?","R","?","E","T","R","$","R","M","M","R","BOSS","M","M","?","M","?","E","R","M","T","?","M","?","R","$","R","BOSS","M","?","$","M","M","E","$","E","T","?","M","E","?","M","R","BOSS","BOSS","R","$","E","BOSS"],"build_version":"2019-07-05","purchased_purges":3,"victory":true,"max_hp_per_floor":[66,66,66,66,66,66,66,66,66,66,66,66,66,66,66,66,66,66,66,33,33,33,34,34,35,35,35,36,41,41,41,41,42,42,43,43,43,44,45,46,46,47,47,47,48,49,40,41,41,42,43,43,43,43,44,45],"card_choices":[{"not_picked":["Skewer","Quick Slash"],"picked":"Noxious Fumes","floor":1},{"not_picked":["Setup","Poisoned Stab"],"picked":"Cloak And Dagger","floor":3},{"not_picked":["Endless Agony","Reflex"],"picked":"Burst","floor":8},{"not_picked":["All Out Attack","Outmaneuver"],"picked":"Acrobatics","floor":13},{"not_picked":["Outmaneuver","Acrobatics"],"picked":"Blade Dance","floor":14},{"not_picked":["Bullet Time","Glass Knife"],"picked":"Adrenaline","floor":16},{"not_picked":["Deadly Poison+1","Predator"],"picked":"Escape Plan","floor":18},{"not_picked":["Blade Dance","Slice"],"picked":"Catalyst","floor":19},{"not_picked":["Predator","Masterful Stab"],"picked":"Deadly Poison","floor":21},{"not_picked":["Skewer","Dagger Spray+1"],"picked":"Catalyst","floor":23},{"not_picked":["Dagger Throw","Poisoned Stab+1","Blade Dance"],"picked":"SKIP","floor":25},{"not_picked":["Dagger Spray","Riddle With Holes","Poisoned Stab"],"picked":"SKIP","floor":28},{"not_picked":["Bullet Time+1","Phantasmal Killer+1"],"picked":"Night Terror+1","floor":33},{"not_picked":["Slice","Underhanded Strike","Endless Agony+1"],"picked":"SKIP","floor":35},{"not_picked":["Setup+1","PiercingWail+1"],"picked":"Deadly Poison+1","floor":38},{"not_picked":["All Out Attack","Envenom","Concentrate+1"],"picked":"SKIP","floor":39},{"not_picked":["Caltrops","Predator","Underhanded Strike"],"picked":"SKIP","floor":40},{"not_picked":["Deflect+1","Prepared+1","Dodge and Roll+1"],"picked":"Footwork+1","floor":42},{"not_picked":["Trip+1","Dramatic Entrance","Blind+1"],"picked":"Finesse+1","floor":44},{"not_picked":["Deadly Poison+1","Flechettes","Outmaneuver+1"],"picked":"Acrobatics+1","floor":45},{"not_picked":["Acrobatics+1","Poisoned Stab","Heel Hook+1"],"picked":"Dodge and Roll+1","floor":46},{"not_picked":["Dagger Spray+1","Dodge and Roll+1","Acrobatics+1"],"picked":"Well Laid Plans","floor":48},{"not_picked":["Flying Knee","Quick Slash","Dagger Spray","Tactician+1"],"picked":"SKIP","floor":55}],"player_experience":1079426,"relics_obtained":[{"floor":8,"key":"Bag of Marbles"},{"floor":9,"key":"Juzu Bracelet"},{"floor":23,"key":"Potion Belt"},{"floor":26,"key":"Toxic Egg 2"},{"floor":40,"key":"Question Card"},{"floor":42,"key":"Blue Candle"},{"floor":46,"key":"Shuriken"},{"floor":55,"key":"Boot"}],"event_choices":[{"cards_removed":["Strike_G"],"damage_healed":0,"gold_gain":0,"player_choice":"Card Removal","damage_taken":7,"max_hp_gain":0,"max_hp_loss":0,"event_name":"Golden Wing","floor":2,"gold_loss":0},{"damage_healed":22,"gold_gain":0,"player_choice":"Banana","damage_taken":0,"max_hp_gain":0,"max_hp_loss":0,"event_name":"Big Fish","floor":4,"gold_loss":0},{"damage_healed":0,"gold_gain":0,"player_choice":"Entered Light","damage_taken":20,"max_hp_gain":0,"max_hp_loss":0,"event_name":"Shining Light","floor":5,"gold_loss":0,"cards_upgraded":["Defend_G","Neutralize"]},{"damage_healed":0,"gold_gain":0,"player_choice":"Success","damage_taken":5,"relics_obtained":["Girya"],"max_hp_gain":0,"max_hp_loss":0,"event_name":"Scrap Ooze","floor":7,"gold_loss":0},{"damage_healed":0,"gold_gain":0,"player_choice":"Became a Ghost","damage_taken":0,"max_hp_gain":0,"max_hp_loss":33,"event_name":"Ghosts","floor":20,"gold_loss":0,"cards_obtained":["Ghostly","Ghostly","Ghostly"]},{"damage_healed":0,"gold_gain":0,"player_choice":"Trade","damage_taken":0,"relics_obtained":["FaceOfCleric"],"max_hp_gain":0,"max_hp_loss":0,"event_name":"FaceTrader","floor":22,"gold_loss":0},{"damage_healed":0,"gold_gain":0,"player_choice":"2 cards matched","damage_taken":0,"max_hp_gain":0,"max_hp_loss":0,"event_name":"Match and Keep!","floor":27,"gold_loss":0,"cards_obtained":["Decay","Wraith Form v2"]},{"damage_healed":0,"gold_gain":0,"player_choice":"Shed Blood","damage_taken":13,"max_hp_gain":5,"max_hp_loss":0,"event_name":"Forgotten Altar","floor":29,"gold_loss":0},{"damage_healed":0,"gold_gain":999,"player_choice":"Gold","damage_taken":0,"max_hp_gain":0,"max_hp_loss":0,"event_name":"MindBloom","floor":36,"gold_loss":0,"cards_obtained":["Normality","Normality"]},{"damage_healed":0,"gold_gain":0,"player_choice":"Memory 3","damage_taken":10,"max_hp_gain":0,"max_hp_loss":0,"event_name":"SensoryStone","floor":44,"gold_loss":0},{"damage_healed":40,"gold_gain":0,"player_choice":"Heal","damage_taken":0,"max_hp_gain":0,"max_hp_loss":9,"event_name":"The Moai Head","floor":47,"gold_loss":0}],"is_beta":false,"boss_relics":[{"not_picked":["White Beast Statue","HoveringKite"],"picked":"Sozu"},{"not_picked":["Astrolabe","Ring of the Serpent"],"picked":"Philosopher\u0027s Stone"}],"items_purged_floors":[31,37,41],"is_endless":false,"potions_floor_spawned":[1,3,14,16,18,21,33,35,38,39],"ascension_level":20}