{"gold_per_floor":[215,48,67,67,81,408,420,420,493,493,520,42,96,109,109,188,188,188,188,188],"floor_reached":20,"playtime":2086,"items_purged":[],"score":331,"play_id":"a56c883e-de99-4022-b60f-81b996ca6d04","local_time":"20190514104022","is_ascension_mode":true,"campfire_choices":[{"floor":8,"key":"REST"},{"floor":15,"key":"REST"}],"neow_cost":"NONE","seed_source_timestamp":170755730638878,"circlet_count":0,"master_deck":["AscendersBane","Defend_G","Defend_G","Defend_G","Defend_G","Defend_G","Strike_G","Strike_G","Strike_G","Strike_G","Strike_G","Survivor","Neutralize","Dash","Unload","Tactician","Dagger Spray","Trip","Cloak And Dagger","Well Laid Plans","Phantasmal Killer","Underhanded Strike","Blade Dance"],"relics":["Ring of the Snake","Old Coin","Shuriken","Art of War","Vajra","Bag of Preparation","Ectoplasm"],"potions_floor_usage":[11,14,16],"damage_taken":[{"damage":1,"enemies":"2 Louse","floor":1,"turns":4},{"damage":0,"enemies":"Cultist","floor":3,"turns":4},{"damage":0,"enemies":"Small Slimes","floor":5,"turns":3},{"damage":46,"enemies":"Lagavulin","floor":6,"turns":9},{"damage":0,"enemies":"3 Louse","floor":7,"turns":3},{"damage":28,"enemies":"Gremlin Nob","floor":11,"turns":5},{"damage":0,"enemies":"Blue Slaver","floor":14,"turns":2},{"damage":18,"enemies":"The Guardian","floor":16,"turns":12},{"damage":14,"enemies":"Shell Parasite","floor":18,"turns":5},{"damage":15,"enemies":"Chosen","floor":19,"turns":7},{"damage":8,"enemies":"Centurion and Healer","floor":20,"turns":4}],"seed_played":"7048029920187840160","potions_obtained":[{"floor":6,"key":"GamblersBrew"},{"floor":11,"key":"Strength Potion"},{"floor":14,"key":"Block Potion"}],"is_trial":false,"path_per_floor":["M","$","M","?","M","E","M","R","T","?","E","$","?","M","R","B",null,"M","M","M"],"character_chosen":"THE_SILENT","items_purchased":["Unload","Vajra","Trip","Bag of Preparation","Cloak And Dagger"],"campfire_rested":2,"item_purchase_floors":[2,12,12,12,12],"current_hp_per_floor":[58,58,58,58,58,12,12,31,31,31,3,3,3,3,22,4,51,37,22,14],"gold":188,"neow_bonus":"HUNDRED_GOLD","is_prod":false,"is_daily":false,"chose_seed":false,"campfire_upgraded":0,"win_rate":0,"timestamp":1557823222,"path_taken":["M","$","M","?","M","E","M","R","T","?","E","$","?","M","R","BOSS","M","M","M"],"build_version":"2019-01-23","purchased_purges":0,"victory":false,"max_hp_per_floor":[66,66,66,66,66,66,66,66,66,66,66,66,66,66,66,66,66,66,66,66],"card_choices":[{"not_picked":["Cloak And Dagger","Bouncing Flask"],"picked":"Dash","floor":1},{"not_picked":["Flying Knee","Slice"],"picked":"Tactician","floor":3},{"not_picked":["Leg Sweep","Backflip"],"picked":"Dagger Spray","floor":5},{"not_picked":["Slice","Leg Sweep"],"picked":"Well Laid Plans","floor":14},{"not_picked":["Storm of Steel","Bullet Time"],"picked":"Phantasmal Killer","floor":16},{"not_picked":["Predator","Acrobatics"],"picked":"Underhanded Strike","floor":18},{"not_picked":["Bane+1","Tactician"],"picked":"Blade Dance","floor":19}],"player_experience":866461,"relics_obtained":[{"floor":6,"key":"Old Coin"},{"floor":9,"key":"Shuriken"},{"floor":11,"key":"Art of War"}],"event_choices":[{"damage_healed":0,"gold_gain":0,"player_choice":"Leave","damage_taken":0,"max_hp_gain":0,"max_hp_loss":0,"event_name":"The Cleric","floor":4,"gold_loss":0},{"damage_healed":0,"gold_gain":0,"player_choice":"Ignored","damage_taken":0,"max_hp_gain":0,"max_hp_loss":0,"event_name":"Liars Game","floor":10,"gold_loss":0},{"damage_healed":0,"gold_gain":54,"player_choice":"Gained Gold","damage_taken":0,"max_hp_gain":0,"max_hp_loss":0,"event_name":"Golden Wing","floor":13,"gold_loss":0}],"is_beta":false,"boss_relics":[{"not_picked":["Fusion Hammer","Lizard Tail"],"picked":"Ectoplasm"}],"items_purged_floors":[],"is_endless":false,"potions_floor_spawned":[6,11,14],"killed_by":"Centurion and Healer","ascension_level":16}