{"gold_per_floor":[114,131,53,69,80,114,114,79,79,79,22,33,66,77,77,77],"floor_reached":16,"playtime":1082,"items_purged":[],"score":224,"play_id":"cbf9b9b7-3d42-4761-af91-ca52a4664534","local_time":"20190730211353","is_ascension_mode":true,"campfire_choices":[{"floor":7,"key":"REST"},{"data":"Predator","floor":10,"key":"SMITH"},{"data":"Deadly Poison","floor":15,"key":"SMITH"}],"neow_cost":"NONE","seed_source_timestamp":102515348265195,"circlet_count":0,"master_deck":["AscendersBane","Strike_G","Strike_G","Strike_G","Strike_G","Strike_G","Defend_G","Defend_G","Defend_G","Defend_G","Defend_G","Survivor","Neutralize","Predator+1","Deadly Poison+1","Crippling Poison","Flying Knee","Dagger Spray","Dagger Throw","Calculated Gamble"],"relics":["Ring of the Snake","Strawberry","Question Card","Singing Bowl","Frozen Egg 2"],"potions_floor_usage":[13,14,16],"damage_taken":[{"damage":5,"enemies":"Cultist","floor":1,"turns":5},{"damage":0,"enemies":"2 Louse","floor":2,"turns":4},{"damage":19,"enemies":"Jaw Worm","floor":4,"turns":6},{"damage":1,"enemies":"Looter","floor":5,"turns":4},{"damage":31,"enemies":"Lagavulin","floor":6,"turns":7},{"damage":11,"enemies":"Large Slime","floor":12,"turns":6},{"damage":8,"enemies":"Gremlin Nob","floor":13,"turns":3},{"damage":11,"enemies":"Exordium Thugs","floor":14,"turns":4},{"damage":18,"enemies":"Hexaghost","floor":16,"turns":7}],"seed_played":"6753339500639986014","potions_obtained":[{"floor":5,"key":"GamblersBrew"},{"floor":6,"key":"AttackPotion"},{"floor":12,"key":"Fruit Juice"},{"floor":14,"key":"SkillPotion"}],"is_trial":false,"path_per_floor":["M","M","$","M","M","E","R","?","T","R","$","M","E","M","R","B"],"character_chosen":"THE_SILENT","items_purchased":["Crippling Poison","SteroidPotion"],"campfire_rested":1,"item_purchase_floors":[3,11],"current_hp_per_floor":[61,61,61,42,41,10,31,49,49,49,49,40,32,28,28,10],"gold":77,"neow_bonus":"RANDOM_COMMON_RELIC","is_prod":false,"is_daily":false,"chose_seed":false,"campfire_upgraded":2,"win_rate":0,"timestamp":1564514033,"path_taken":["M","M","?","M","M","E","R","?","T","R","$","M","E","M","R","BOSS"],"build_version":"2019-07-17","purchased_purges":0,"victory":false,"max_hp_per_floor":[73,73,73,73,73,73,73,73,73,73,73,75,75,82,82,82],"card_choices":[{"not_picked":["Bane","Dagger Throw"],"picked":"Predator","floor":1},{"not_picked":["Cloak And Dagger","Accuracy"],"picked":"Deadly Poison","floor":2},{"not_picked":["Dodge and Roll","Blade Dance"],"picked":"Flying Knee","floor":4},{"not_picked":["Predator","Tactician"],"picked":"Dagger Spray","floor":5},{"not_picked":["Underhanded Strike","Tactician"],"picked":"Dagger Throw","floor":6},{"not_picked":["Backflip","Sucker Punch","Underhanded Strike","Accuracy"],"picked":"Singing Bowl","floor":12},{"not_picked":["Tactician","Underhanded Strike","Doppelganger"],"picked":"Calculated Gamble","floor":13},{"not_picked":["Poisoned Stab","Riddle With Holes","Dodge and Roll","Bane"],"picked":"Singing Bowl","floor":14}],"player_experience":1336509,"relics_obtained":[{"floor":6,"key":"Question Card"},{"floor":9,"key":"Singing Bowl"},{"floor":13,"key":"Frozen Egg 2"}],"event_choices":[{"damage_healed":18,"gold_gain":0,"player_choice":"Healed","damage_taken":0,"max_hp_gain":0,"max_hp_loss":0,"event_name":"The Cleric","floor":8,"gold_loss":35}],"is_beta":false,"boss_relics":[],"items_purged_floors":[],"is_endless":false,"potions_floor_spawned":[5,6,12,14],"killed_by":"Hexaghost","ascension_level":20}