{"gold_per_floor":[111,111,76,76,1,1,20,20,20,45,62,95,95,112,112,183,183,203,220,36,36,36,36,36,36,61,61],"floor_reached":27,"playtime":709,"items_purged":["Regret","Aggregate"],"score":534,"play_id":"aa85e27c-ecfa-4d60-8a0a-10867fd7103d","local_time":"20190620155343","is_ascension_mode":true,"campfire_choices":[{"data":"Zap","floor":6.0,"key":"SMITH"},{"data":"Dualcast","floor":8.0,"key":"SMITH"},{"data":"Defragment","floor":13,"key":"SMITH"},{"data":"Barrage","floor":15,"key":"SMITH"},{"data":"Reboot","floor":23,"key":"SMITH"}],"neow_cost":"TEN_PERCENT_HP_LOSS","seed_source_timestamp":66473079339400,"circlet_count":0,"master_deck":["AscendersBane","Zap+1","Dualcast+1","Cold Snap","Ball Lightning","Coolheaded","Barrage+1","Biased Cognition","Defragment+1","Ball Lightning","Echo Form","Gash","Biased Cognition","Aggregate","Doom and Gloom","Core Surge","Reboot+1","Go for the Eyes","Double Energy","Blizzard","Buffer","Capacitor"],"special_seed":0,"relics":["Cracked Core","Prayer Wheel","Potion Belt","Oddly Smooth Stone","Blood Vial","Juzu Bracelet","Pantograph","Pandora\u0027s Box","Nilry\u0027s Codex","Centennial Puzzle"],"potions_floor_usage":[19,27,27],"damage_taken":[{"damage":2.0,"enemies":"2 Louse","floor":1.0,"turns":3.0},{"damage":4.0,"enemies":"Jaw Worm","floor":7.0,"turns":3.0},{"damage":6.0,"enemies":"Gremlin Nob","floor":10.0,"turns":3.0},{"damage":12.0,"enemies":"Small Slimes","floor":11.0,"turns":3.0},{"damage":22,"enemies":"3 Sentries","floor":12,"turns":5},{"damage":7,"enemies":"Blue Slaver","floor":14,"turns":2},{"damage":0,"enemies":"Slime Boss","floor":16,"turns":6},{"damage":0,"enemies":"Spheric Guardian","floor":18,"turns":3},{"damage":16,"enemies":"3 Byrds","floor":19,"turns":4},{"damage":16,"enemies":"Snake Plant","floor":27,"turns":2}],"seed_played":"-5841524773555518627","potions_obtained":[{"floor":11,"key":"FocusPotion"},{"floor":12,"key":"Explosive Potion"},{"floor":14,"key":"SkillPotion"},{"floor":19,"key":"Strength Potion"}],"is_trial":false,"path_per_floor":["M","?","?","?","$","R","M","R","T","E","M","E","R","M","R","B",null,"M","M","$","?","?","R","?","$","T","M"],"character_chosen":"DEFECT","items_purchased":["Capacitor"],"campfire_rested":0,"item_purchase_floors":[20],"current_hp_per_floor":[62,51,64,64,64,64,60,60,60,56,46,26,26,21,21,48,60,62,48,48,64,47,47,26,26,26,12],"gold":61,"neow_bonus":"ONE_RARE_RELIC","is_prod":false,"is_daily":false,"chose_seed":false,"campfire_upgraded":5,"win_rate":0,"timestamp":1561013623,"path_taken":["M","?","?","?","$","R","M","R","T","E","M","E","R","M","R","BOSS","M","M","$","?","?","R","?","?","T","M"],"build_version":"2019-01-23","purchased_purges":2,"victory":false,"max_hp_per_floor":[64,64,64,64,64,64,64,64,64,64,64,64,64,64,64,64,64,64,64,64,64,69,69,69,69,69,69],"card_choices":[{"not_picked":["Hologram","Hello World"],"picked":"Cold Snap","floor":1.0},{"not_picked":["Beam Cell","Fusion","Rebound"],"picked":"SKIP","floor":1.0},{"not_picked":["Beam Cell","Fusion","Rebound"],"picked":"SKIP","floor":1.0},{"not_picked":["Genetic Algorithm","Barrage"],"picked":"Ball Lightning","floor":7.0},{"not_picked":["Stack","Hologram"],"picked":"Coolheaded","floor":7.0},{"not_picked":["FTL","Cold Snap"],"picked":"Barrage","floor":10.0},{"not_picked":["Redo","Stack"],"picked":"Biased Cognition","floor":11},{"not_picked":["Compile Driver","Rebound"],"picked":"Defragment","floor":11},{"not_picked":["Storm","Meteor Strike"],"picked":"Ball Lightning","floor":12},{"not_picked":["Reprogram","Stack","Go for the Eyes"],"picked":"SKIP","floor":14},{"not_picked":["Gash","Melter","Go for the Eyes"],"picked":"SKIP","floor":14},{"not_picked":["Meteor Strike","Biased Cognition"],"picked":"Echo Form","floor":16},{"not_picked":["Leap","Streamline+1"],"picked":"Double Energy","floor":18},{"not_picked":["Compile Driver","Go for the Eyes","Redo"],"picked":"SKIP","floor":18},{"not_picked":["FTL","Turbo"],"picked":"Blizzard","floor":19},{"not_picked":["Go for the Eyes","Streamline"],"picked":"Buffer","floor":19}],"player_experience":704888,"relics_obtained":[{"floor":9.0,"key":"Blood Vial"},{"floor":10.0,"key":"Juzu Bracelet"},{"floor":12,"key":"Pantograph"},{"floor":24,"key":"Nilry\u0027s Codex"},{"floor":26,"key":"Centennial Puzzle"}],"event_choices":[{"damage_healed":0.0,"max_hp_gain":0.0,"max_hp_loss":0.0,"gold_gain":0.0,"event_name":"Scrap Ooze","player_choice":"Success","floor":2.0,"gold_loss":0.0,"damage_taken":11.0,"relics_obtained":["Potion Belt"]},{"damage_healed":16.0,"max_hp_gain":0.0,"max_hp_loss":0.0,"gold_gain":0.0,"event_name":"The Cleric","player_choice":"Healed","floor":3.0,"gold_loss":35.0,"damage_taken":0.0},{"damage_healed":0.0,"max_hp_gain":0.0,"max_hp_loss":0.0,"gold_gain":0.0,"event_name":"Big Fish","player_choice":"Box","floor":4.0,"gold_loss":0.0,"damage_taken":0.0,"relics_obtained":["Oddly Smooth Stone"],"cards_obtained":["Regret"]},{"damage_healed":16,"gold_gain":0,"player_choice":"Full Heal","damage_taken":0,"max_hp_gain":0,"max_hp_loss":0,"event_name":"Wheel of Change","floor":21,"gold_loss":0},{"damage_healed":0,"gold_gain":0,"player_choice":"Shed Blood","damage_taken":22,"max_hp_gain":5,"max_hp_loss":0,"event_name":"Forgotten Altar","floor":22,"gold_loss":0},{"damage_healed":0,"gold_gain":0,"player_choice":"Obtained Book","damage_taken":21,"max_hp_gain":0,"max_hp_loss":0,"event_name":"Cursed Tome","floor":24,"gold_loss":0}],"is_beta":false,"boss_relics":[{"not_picked":["Inserter","Nuclear Battery"],"picked":"Pandora\u0027s Box"}],"items_purged_floors":[5,20],"is_endless":false,"potions_floor_spawned":[11,12,14,19],"killed_by":"Snake Plant","ascension_level":20}