{"gold_per_floor":[113,38,55,66,82,110,126,141,141,141],"floor_reached":10,"playtime":845,"items_purged":[],"score":144,"play_id":"e05e6dd3-6eb1-4e8a-b606-f68cc58a5b02","local_time":"20190527134756","is_ascension_mode":true,"campfire_choices":[],"neow_cost":"NONE","seed_source_timestamp":2178501115321,"circlet_count":0,"master_deck":["AscendersBane","Defend_G","Defend_G+1","Defend_G","Defend_G+1","Defend_G","Strike_G","Strike_G","Strike_G","Strike_G","Survivor","Neutralize","Poisoned Stab","Blur","Footwork","Sucker Punch","Dodge and Roll","Calculated Gamble","Footwork"],"relics":["Ring of the Snake","Bag of Marbles","Incense Burner","War Paint"],"potions_floor_usage":[6,6,10],"damage_taken":[{"damage":9,"enemies":"Small Slimes","floor":1,"turns":4},{"damage":0,"enemies":"Jaw Worm","floor":3,"turns":3},{"damage":1,"enemies":"2 Louse","floor":4,"turns":3},{"damage":6,"enemies":"Blue Slaver","floor":5,"turns":7},{"damage":12,"enemies":"Lagavulin","floor":6,"turns":10},{"damage":1,"enemies":"Exordium Wildlife","floor":7,"turns":9},{"damage":4,"enemies":"3 Louse","floor":8,"turns":5},{"damage":28,"enemies":"3 Sentries","floor":10,"turns":15}],"seed_played":"3084093679012119728","potions_obtained":[{"floor":1,"key":"Fire Potion"},{"floor":5,"key":"Explosive Potion"},{"floor":6,"key":"Weak Potion"},{"floor":7,"key":"LiquidBronze"}],"is_trial":false,"path_per_floor":["M","?","M","M","M","E","M","M","T","E"],"character_chosen":"THE_SILENT","items_purchased":[],"campfire_rested":0,"item_purchase_floors":[],"current_hp_per_floor":[50,50,50,49,43,31,30,26,26,0],"gold":141,"neow_bonus":"RANDOM_COMMON_RELIC","is_prod":false,"is_daily":false,"chose_seed":false,"campfire_upgraded":0,"win_rate":0,"timestamp":1558957676,"path_taken":["M","?","M","M","M","E","M","M","T","E"],"build_version":"2019-01-23","purchased_purges":0,"victory":false,"max_hp_per_floor":[66,66,66,66,66,66,66,66,66,66],"card_choices":[{"not_picked":["Slice","Blade Dance"],"picked":"Poisoned Stab","floor":1},{"not_picked":["Distraction","Tactician"],"picked":"Blur","floor":3},{"not_picked":["Blur","Distraction"],"picked":"Footwork","floor":4},{"not_picked":["Poisoned Stab","Outmaneuver"],"picked":"Sucker Punch","floor":5},{"not_picked":["Outmaneuver","Cloak And Dagger"],"picked":"Dodge and Roll","floor":6},{"not_picked":["Concentrate","Slice"],"picked":"Calculated Gamble","floor":7},{"not_picked":["Escape Plan","Bane"],"picked":"Footwork","floor":8}],"player_experience":968535,"relics_obtained":[{"floor":6,"key":"Incense Burner"},{"floor":9,"key":"War Paint"}],"event_choices":[{"cards_removed":["Strike_G"],"damage_healed":0,"gold_gain":0,"player_choice":"Card Removal","damage_taken":0,"max_hp_gain":0,"max_hp_loss":0,"event_name":"The Cleric","floor":2,"gold_loss":75}],"is_beta":false,"boss_relics":[],"items_purged_floors":[],"is_endless":false,"potions_floor_spawned":[1,5,6,7],"killed_by":"3 Sentries","ascension_level":20}