{"gold_per_floor":[112,112,112,13,63,92,92,104,127,160,172,172,200,216,216,291,291,311,323,6,21,32,32,32],"floor_reached":24,"playtime":1419,"items_purged":[],"score":470,"play_id":"b7d5765c-4ae4-4de3-ad2d-7d1202a970b5","local_time":"20190524124952","is_ascension_mode":true,"campfire_choices":[{"data":"Neutralize","floor":7.0,"key":"SMITH"},{"data":"Dash","floor":12.0,"key":"SMITH"},{"data":"Malaise","floor":15.0,"key":"SMITH"},{"data":"Wraith Form v2","floor":23,"key":"SMITH"}],"neow_cost":"NONE","seed_source_timestamp":148269160261125,"circlet_count":0,"master_deck":["AscendersBane","Defend_G","Defend_G","Defend_G","Defend_G","Defend_G","Strike_G","Strike_G","Strike_G","Strike_G","Strike_G","Survivor","Neutralize+1","Terror+1","Infinite Blades","Deadly Poison","Dash+1","Backflip","Flying Knee","Malaise+1","Wraith Form v2+1","Footwork","Sucker Punch+1","Malaise","PiercingWail","Backflip"],"special_seed":0,"relics":["Ring of the Snake","NeowsBlessing","Ice Cream","Snake Skull","Bronze Scales","Bottled Tornado","Sozu","Happy Flower"],"potions_floor_usage":[],"damage_taken":[{"damage":0.0,"enemies":"Jaw Worm","floor":1.0,"turns":1.0},{"damage":0.0,"enemies":"Lagavulin","floor":6.0,"turns":1.0},{"damage":0.0,"enemies":"Small Slimes","floor":8.0,"turns":1.0},{"damage":6.0,"enemies":"Gremlin Nob","floor":10.0,"turns":3.0},{"damage":1.0,"enemies":"Cultist","floor":11.0,"turns":3.0},{"damage":10.0,"enemies":"3 Sentries","floor":13.0,"turns":8.0},{"damage":1.0,"enemies":"Large Slime","floor":14.0,"turns":4.0},{"damage":13,"enemies":"Hexaghost","floor":16,"turns":11},{"damage":1,"enemies":"3 Byrds","floor":18,"turns":3},{"damage":2,"enemies":"Spheric Guardian","floor":19,"turns":9},{"damage":10,"enemies":"Centurion and Healer","floor":21,"turns":10},{"damage":0,"enemies":"Snake Plant","floor":22,"turns":6},{"damage":48,"enemies":"Gremlin Leader","floor":24,"turns":3}],"seed_played":"-8457729813273870617","potions_obtained":[{"floor":1.0,"key":"SpeedPotion"},{"floor":8.0,"key":"Weak Potion"},{"floor":14.0,"key":"Ancient Potion"}],"is_trial":false,"path_per_floor":["M","?","?","$","?","E","R","M","T","E","M","R","E","M","R","B",null,"M","M","$","M","M","R","E"],"character_chosen":"THE_SILENT","items_purchased":["Strength Potion","Infinite Blades","Happy Flower","Malaise"],"campfire_rested":0,"item_purchase_floors":[4,4,20,20],"current_hp_per_floor":[59,59,59,59,59,59,59,59,59,53,52,52,42,41,41,28,57,56,54,54,44,44,44,0],"gold":32,"neow_bonus":"THREE_ENEMY_KILL","is_prod":false,"is_daily":false,"chose_seed":false,"campfire_upgraded":4,"win_rate":0,"timestamp":1558694992,"path_taken":["M","?","?","$","?","E","R","?","T","E","M","R","E","M","R","BOSS","M","M","$","M","M","R","E"],"build_version":"2019-01-23","purchased_purges":0,"victory":false,"max_hp_per_floor":[66,66,66,66,66,66,66,66,66,66,66,66,66,66,66,66,66,66,66,66,66,66,66,66],"card_choices":[{"not_picked":["Bane","Underhanded Strike"],"picked":"Terror","floor":1.0},{"not_picked":["Concentrate","Bane"],"picked":"Deadly Poison","floor":6.0},{"not_picked":["Sucker Punch","Bane"],"picked":"Dash","floor":8.0},{"not_picked":["Flying Knee","Underhanded Strike"],"picked":"Backflip","floor":10.0},{"not_picked":["Acrobatics","Bane"],"picked":"Flying Knee","floor":11.0},{"not_picked":["Backstab","Slice"],"picked":"Malaise","floor":13.0},{"not_picked":["Glass Knife","Die Die Die"],"picked":"Wraith Form v2","floor":16},{"not_picked":["Distraction","Dodge and Roll"],"picked":"Footwork","floor":18},{"not_picked":["Prepared","Masterful Stab"],"picked":"Sucker Punch+1","floor":19},{"not_picked":["Acrobatics","Leg Sweep"],"picked":"PiercingWail","floor":21},{"not_picked":["Backstab","Dodge and Roll"],"picked":"Backflip","floor":22}],"player_experience":951090,"relics_obtained":[{"floor":6.0,"key":"Ice Cream"},{"floor":9.0,"key":"Snake Skull"},{"floor":10.0,"key":"Bronze Scales"},{"floor":13.0,"key":"Bottled Tornado"}],"event_choices":[{"damage_healed":0.0,"max_hp_gain":0.0,"max_hp_loss":0.0,"gold_gain":0.0,"event_name":"Living Wall","player_choice":"Grow","floor":2.0,"gold_loss":0.0,"damage_taken":0.0,"cards_upgraded":["Terror"]},{"damage_healed":0.0,"max_hp_gain":0.0,"max_hp_loss":0.0,"gold_gain":0.0,"event_name":"Golden Wing","player_choice":"Ignored","floor":3.0,"gold_loss":0.0,"damage_taken":0.0},{"damage_healed":0.0,"max_hp_gain":0.0,"max_hp_loss":0.0,"gold_gain":50.0,"event_name":"Golden Shrine","player_choice":"Pray","floor":5.0,"gold_loss":0.0,"damage_taken":0.0}],"is_beta":false,"boss_relics":[{"not_picked":["White Beast Statue","Tiny House"],"picked":"Sozu"}],"items_purged_floors":[],"is_endless":false,"potions_floor_spawned":[1,8,14,18,22],"killed_by":"Gremlin Leader","ascension_level":19}