{"gold_per_floor":[113,133,208,25,38,38,58,58,84,118,118,78,107,122,122,199,199,212,137,154,154,170,202,32,32,32,32,32,32,62,62,62,62],"floor_reached":33,"playtime":2888,"items_purged":["Decay"],"score":665,"play_id":"f1237399-56b2-46cc-9f9a-f62d032dd4d1","local_time":"20190520232318","is_ascension_mode":true,"campfire_choices":[{"floor":6.0,"key":"REST"},{"data":"Neutralize","floor":8.0,"key":"SMITH"},{"data":"Predator","floor":11.0,"key":"SMITH"},{"data":"Leg Sweep","floor":15.0,"key":"SMITH"},{"floor":25.0,"key":"REST"},{"data":"Well Laid Plans","floor":27.0,"key":"SMITH"},{"data":"Backflip","floor":29.0,"key":"SMITH"},{"data":"Trip","floor":32.0,"key":"SMITH"}],"neow_cost":"CURSE","seed_source_timestamp":0,"circlet_count":0,"master_deck":["AscendersBane","Defend_G+1","Defend_G+1","Defend_G+1","Defend_G+1","Defend_G+1","Strike_G+1","Strike_G+1","Strike_G+1","Strike_G+1","Strike_G+1","Survivor","Neutralize+1","Die Die Die","Underhanded Strike","Blur","Leg Sweep+1","Trip+1","Predator+1","Dagger Spray","Blur","Blur","Adrenaline","Backflip+1","Crippling Poison+1","Well Laid Plans+1","PiercingWail+1","Calculated Gamble+1"],"special_seed":0,"relics":["Ring of the Snake","Bronze Scales","Oddly Smooth Stone","Ornamental Fan","Cursed Key","Toxic Egg 2","Dream Catcher"],"potions_floor_usage":[],"damage_taken":[{"damage":0.0,"enemies":"Small Slimes","floor":1.0,"turns":6.0},{"damage":19.0,"enemies":"Jaw Worm","floor":2.0,"turns":6.0},{"damage":0.0,"enemies":"Cultist","floor":5.0,"turns":3.0},{"damage":0.0,"enemies":"Large Slime","floor":7.0,"turns":4.0},{"damage":6.0,"enemies":"Gremlin Nob","floor":10.0,"turns":3.0},{"damage":7.0,"enemies":"Lagavulin","floor":13.0,"turns":8.0},{"damage":2.0,"enemies":"3 Louse","floor":14.0,"turns":2.0},{"damage":0.0,"enemies":"The Guardian","floor":16.0,"turns":12.0},{"damage":11.0,"enemies":"Shell Parasite","floor":18.0,"turns":5.0},{"damage":1.0,"enemies":"3 Byrds","floor":20.0,"turns":3.0},{"damage":6.0,"enemies":"Centurion and Healer","floor":22.0,"turns":7.0},{"damage":22.0,"enemies":"Slavers","floor":23.0,"turns":7.0},{"damage":2.0,"enemies":"Gremlin Leader","floor":30.0,"turns":6.0},{"damage":0,"enemies":"Collector","floor":33,"turns":1}],"seed_played":"5273397300334158863","potions_obtained":[{"floor":5.0,"key":"Fire Potion"},{"floor":7.0,"key":"Strength Potion"},{"floor":10.0,"key":"Strength Potion"},{"floor":12.0,"key":"Dexterity Potion"},{"floor":18.0,"key":"Energy Potion"},{"floor":20.0,"key":"Block Potion"},{"floor":23.0,"key":"Ancient Potion"}],"is_trial":false,"path_per_floor":["M","M","?","$","M","R","M","R","T","E","R","?","E","M","R","B",null,"M","?","M","?","M","E","$","R","T","R","?","R","E","?","R","B"],"character_chosen":"THE_SILENT","items_purchased":["Leg Sweep","Trip","Well Laid Plans","PiercingWail+1"],"campfire_rested":2,"item_purchase_floors":[4,4,24,24],"current_hp_per_floor":[59,40,29,29,29,48,48,48,48,42,42,42,35,33,33,33,58,47,47,46,46,40,18,18,37,37,37,50,50,48,48,48,48],"gold":62,"neow_bonus":"THREE_RARE_CARDS","is_prod":false,"is_daily":false,"chose_seed":false,"campfire_upgraded":6,"win_rate":0,"timestamp":1558387398,"path_taken":["M","M","?","$","M","R","M","R","T","E","R","?","E","M","R","BOSS","M","?","M","?","M","E","$","R","T","R","?","R","E","?","R","BOSS"],"build_version":"2019-01-23","purchased_purges":1,"victory":false,"max_hp_per_floor":[66,66,66,66,66,66,66,66,66,66,66,66,66,66,66,66,66,66,66,66,66,66,66,66,66,66,66,66,66,66,66,66,66],"card_choices":[{"not_picked":["Doppelganger","A Thousand Cuts"],"picked":"Die Die Die","floor":0.0},{"not_picked":["Prepared","Slice"],"picked":"Underhanded Strike","floor":1.0},{"not_picked":["Noxious Fumes","Choke"],"picked":"Blur","floor":2.0},{"not_picked":["Backflip","Masterful Stab"],"picked":"Predator","floor":5.0},{"not_picked":["Prepared","Slice"],"picked":"Dagger Spray","floor":7.0},{"not_picked":["Dodge and Roll","Backflip"],"picked":"Blur","floor":10.0},{"not_picked":["Dagger Spray","Bane"],"picked":"Blur","floor":14.0},{"not_picked":["A Thousand Cuts","Glass Knife"],"picked":"Adrenaline","floor":16.0},{"not_picked":["Poisoned Stab","Distraction"],"picked":"Backflip","floor":20.0},{"not_picked":["Poisoned Stab","Flechettes","Sucker Punch"],"picked":"SKIP","floor":22.0},{"not_picked":["Sucker Punch","Venomology"],"picked":"Crippling Poison","floor":23.0},{"not_picked":["Choke","Reflex+1"],"picked":"Calculated Gamble+1","floor":30.0}],"player_experience":937309,"relics_obtained":[{"floor":9.0,"key":"Bronze Scales"},{"floor":10.0,"key":"Oddly Smooth Stone"},{"floor":13.0,"key":"Ornamental Fan"},{"floor":23.0,"key":"Toxic Egg 2"},{"floor":30.0,"key":"Dream Catcher"}],"event_choices":[{"damage_healed":0.0,"max_hp_gain":0.0,"max_hp_loss":0.0,"gold_gain":75.0,"event_name":"World of Goop","player_choice":"Gather Gold","floor":3.0,"gold_loss":0.0,"damage_taken":11.0},{"damage_healed":0.0,"max_hp_gain":0.0,"max_hp_loss":0.0,"gold_gain":0.0,"event_name":"The Woman in Blue","player_choice":"Bought 3 Potions","floor":12.0,"gold_loss":0.0,"damage_taken":0.0},{"cards_removed":["Writhe"],"damage_healed":0.0,"max_hp_gain":0.0,"max_hp_loss":0.0,"gold_gain":0.0,"event_name":"Beggar","player_choice":"Gave Gold","floor":19.0,"gold_loss":75.0,"damage_taken":0.0},{"damage_healed":0.0,"max_hp_gain":0.0,"max_hp_loss":0.0,"gold_gain":0.0,"event_name":"Forgotten Altar","player_choice":"Smashed Altar","floor":21.0,"gold_loss":0.0,"damage_taken":0.0,"cards_obtained":["Decay"]},{"damage_healed":13.0,"max_hp_gain":0.0,"max_hp_loss":0.0,"gold_gain":0.0,"event_name":"The Library","player_choice":"Heal","floor":28.0,"gold_loss":0.0,"damage_taken":0.0},{"damage_healed":0.0,"max_hp_gain":0.0,"max_hp_loss":0.0,"gold_gain":0.0,"event_name":"Back to Basics","player_choice":"Simplicity","floor":31.0,"gold_loss":0.0,"damage_taken":0.0,"cards_upgraded":["Defend_G","Defend_G","Defend_G","Defend_G","Defend_G","Strike_G","Strike_G","Strike_G","Strike_G","Strike_G"]}],"is_beta":false,"boss_relics":[{"not_picked":["Fusion Hammer","Runic Pyramid"],"picked":"Cursed Key"}],"items_purged_floors":[24],"is_endless":false,"potions_floor_spawned":[5,7,10,18,20,23],"killed_by":"Collector","ascension_level":19}