{"gold_per_floor":[119,119,194,204,75,110,110,125,125,136,136,161,173,187,187,285,285,295,295,309,328,15,15,33,33,33,67,87,37,67,67],"floor_reached":31,"playtime":2950,"items_purged":[],"score":477,"play_id":"2f2a29f6-3287-4148-9527-ea3a26a38152","local_time":"20190612194433","is_ascension_mode":true,"campfire_choices":[{"data":"Bandage Up","floor":15,"key":"SMITH"},{"floor":23,"key":"REST"}],"neow_cost":"NONE","seed_source_timestamp":1484927449577113,"circlet_count":0,"master_deck":["Defend_G","Defend_G","Defend_G","Defend_G","Strike_G","Strike_G","Strike_G","Strike_G","Survivor","Neutralize","Deadly Poison","Leg Sweep","Bane","Bandage Up+1","Bane+1","Masterful Stab+1","Well Laid Plans","Bane+1","Envenom","Bouncing Flask","Bane+1","Noxious Fumes","Crippling Poison","Panacea","Well Laid Plans+1","Poisoned Stab+1","PiercingWail","Masterful Stab+1","Prepared"],"special_seed":0,"relics":["Ring of the Snake","NeowsBlessing","Thread and Needle","Vajra","Molten Egg 2","Bottled Flame","Black Star","Ancient Tea Set","Pantograph","Regal Pillow","Frozen Egg 2","Omamori","Dream Catcher"],"potions_floor_usage":[12,16,16,24,28],"damage_taken":[{"damage":0.0,"enemies":"Jaw Worm","floor":1.0,"turns":1.0},{"damage":0,"enemies":"Cultist","floor":4,"turns":1},{"damage":0,"enemies":"3 Sentries","floor":6,"turns":1},{"damage":0,"enemies":"2 Louse","floor":8,"turns":3},{"damage":0,"enemies":"Large Slime","floor":10,"turns":6},{"damage":3,"enemies":"Gremlin Nob","floor":12,"turns":3},{"damage":0,"enemies":"3 Louse","floor":13,"turns":2},{"damage":0,"enemies":"Lots of Slimes","floor":14,"turns":4},{"damage":2,"enemies":"Hexaghost","floor":16,"turns":9},{"damage":17,"enemies":"2 Thieves","floor":18,"turns":5},{"damage":2,"enemies":"Shell Parasite","floor":20,"turns":4},{"damage":9,"enemies":"Snecko","floor":21,"turns":5},{"damage":15,"enemies":"Snake Plant","floor":24,"turns":4},{"damage":38,"enemies":"Book of Stabbing","floor":27,"turns":5},{"damage":3,"enemies":"Chosen and Byrds","floor":28,"turns":6},{"damage":33,"enemies":"Slavers","floor":30,"turns":5},{"damage":16,"enemies":"Shelled Parasite and Fungi","floor":31,"turns":4}],"seed_played":"-3870926903303234999","potions_obtained":[{"floor":6,"key":"Swift Potion"},{"floor":10,"key":"GhostInAJar"},{"floor":12,"key":"EssenceOfSteel"},{"floor":13,"key":"Ancient Potion"},{"floor":21,"key":"Swift Potion"},{"floor":27,"key":"Block Potion"},{"floor":30,"key":"Weak Potion"}],"is_trial":false,"path_per_floor":["M","$","?","M","$","E","?","M","T","M","?","E","M","M","R","B",null,"M","$","M","M","$","R","M","?","T","E","M","?","E","M"],"character_chosen":"THE_SILENT","items_purchased":["Bane","Bandage Up","Crippling Poison","Ancient Tea Set","Panacea"],"campfire_rested":1,"item_purchase_floors":[5,5,22,22,22],"current_hp_per_floor":[63,63,56,56,56,56,49,53,53,57,57,58,58,62,62,66,69,58,58,62,59,59,70,61,61,61,29,32,32,5,0],"gold":67,"neow_bonus":"THREE_ENEMY_KILL","is_prod":false,"is_daily":false,"chose_seed":false,"campfire_upgraded":1,"win_rate":0,"timestamp":1560357873,"path_taken":["M","$","?","M","?","E","?","M","T","M","?","E","M","M","R","BOSS","M","$","M","M","$","R","M","?","T","E","M","?","E","?"],"build_version":"2019-01-23","purchased_purges":0,"victory":false,"max_hp_per_floor":[70,70,70,70,70,70,70,70,70,70,70,70,70,70,70,70,70,70,70,70,70,70,70,70,70,70,70,70,70,70,70],"card_choices":[{"not_picked":["Acrobatics","Blur"],"picked":"Deadly Poison","floor":1.0},{"not_picked":["Heel Hook","Caltrops"],"picked":"Leg Sweep","floor":4},{"not_picked":["Quick Slash","Skewer"],"picked":"Bane","floor":6},{"not_picked":["Prepared","Quick Slash","Terror"],"picked":"SKIP","floor":8},{"not_picked":["Dagger Throw+1","Leg Sweep"],"picked":"Masterful Stab+1","floor":10},{"not_picked":["Phantasmal Killer","Acrobatics","Outmaneuver"],"picked":"SKIP","floor":12},{"not_picked":["Underhanded Strike+1","Accuracy"],"picked":"Well Laid Plans","floor":13},{"not_picked":["Blade Dance","Eviscerate+1"],"picked":"Bane+1","floor":14},{"not_picked":["Adrenaline","Doppelganger"],"picked":"Envenom","floor":16},{"not_picked":["Deflect+1","Dagger Throw+1"],"picked":"Bouncing Flask","floor":18},{"not_picked":["Crippling Poison","Sucker Punch+1"],"picked":"Bane+1","floor":20},{"not_picked":["Flying Knee+1","Slice+1"],"picked":"Noxious Fumes","floor":21},{"not_picked":["Footwork","Reflex"],"picked":"Well Laid Plans+1","floor":24},{"not_picked":["Backflip","Flying Knee+1","Dagger Throw+1"],"picked":"SKIP","floor":27},{"not_picked":["Deflect+1","Acrobatics"],"picked":"Masterful Stab+1","floor":28},{"not_picked":["Dagger Throw+1","Unload+1"],"picked":"Prepared","floor":30}],"player_experience":1518951,"relics_obtained":[{"floor":6,"key":"Thread and Needle"},{"floor":9,"key":"Molten Egg 2"},{"floor":12,"key":"Bottled Flame"},{"floor":26,"key":"Pantograph"},{"floor":27,"key":"Regal Pillow"},{"floor":27,"key":"Frozen Egg 2"},{"floor":30,"key":"Omamori"},{"floor":30,"key":"Dream Catcher"}],"event_choices":[{"damage_healed":0,"gold_gain":75,"player_choice":"Touch","damage_taken":7,"max_hp_gain":0,"max_hp_loss":0,"event_name":"FaceTrader","floor":3,"gold_loss":0},{"damage_healed":0,"gold_gain":0,"player_choice":"Success","damage_taken":7,"relics_obtained":["Vajra"],"max_hp_gain":0,"max_hp_loss":0,"event_name":"Scrap Ooze","floor":7,"gold_loss":0},{"damage_healed":0,"gold_gain":0,"player_choice":"Grow","damage_taken":0,"max_hp_gain":0,"max_hp_loss":0,"event_name":"Living Wall","floor":11,"gold_loss":0,"cards_upgraded":["Bane"]},{"damage_healed":0,"gold_gain":0,"cards_transformed":["Defend_G","Strike_G"],"player_choice":"Became Test Subject","damage_taken":0,"max_hp_gain":0,"max_hp_loss":0,"event_name":"Drug Dealer","floor":25,"gold_loss":0,"cards_obtained":["Poisoned Stab","PiercingWail"]},{"damage_healed":0,"gold_gain":0,"player_choice":"Bet on Murderer","damage_taken":0,"max_hp_gain":0,"max_hp_loss":0,"event_name":"The Joust","floor":29,"gold_loss":50}],"is_beta":false,"boss_relics":[{"not_picked":["Snecko Eye","Pandora\u0027s Box"],"picked":"Black Star"}],"items_purged_floors":[],"is_endless":false,"potions_floor_spawned":[6,10,12,13,21,27,30],"killed_by":"Shelled Parasite and Fungi","ascension_level":9}