{"path_per_floor":["M","?","?","M","?","E","M","R","T","M","M","$","M","E","R","B",null,"M","M","?","?","M","R","T","$","T","M","R","?","R","M","R","B",null,"M","M","?","?","$"],"character_chosen":"THE_SILENT","items_purchased":["Deflect","Thinking Ahead","Apotheosis","Noxious Fumes"],"gold_per_floor":[117,117,117,134,134,166,181,181,226,239,259,30,42,72,72,167,167,179,193,193,193,211,211,236,16,40,60,60,10,10,26,26,122,122,140,153,153,153,153],"floor_reached":40,"campfire_rested":6,"playtime":8017,"current_hp_per_floor":[70,70,63,63,63,53,43,64,71,70,54,54,54,47,70,58,77,43,27,11,11,5,28,28,28,28,12,35,35,58,34,57,49,77,50,25,25,67,67],"items_purged":[],"gold":153,"play_id":"37b0143f-adb1-4be4-a9bd-a4efa903027d","is_prod":false,"is_daily":false,"is_ascension_mode":false,"campfire_upgraded":0,"path_taken":["M","?","?","M","?","E","?","R","T","M","M","$","M","E","R","BOSS","M","?","?","?","M","R","?","$","T","M","R","?","R","M","R","BOSS","M","M","?","?","$","E"],"build_version":"2018-02-01-PROD3","purchased_purges":0,"victory":false,"master_deck":["Defend_G","Defend_G+1","Defend_G","Defend_G","Defend_G","Strike_G","Strike_G","Strike_G","Strike_G","Strike_G","Survivor","Neutralize+1","Dodge and Roll","Dagger Throw","Venomology+1","Leg Sweep","Infinite Blades","Blur","Blade Dance","Deflect","Thinking Ahead","Dagger Throw","Envenom","Bullet Time","Prepared","PiercingWail+1","Deadly Poison+1","Apotheosis","Noxious Fumes","Caltrops+1","Deflect+1","After Image","Finisher+1"],"max_hp_per_floor":[70,70,70,70,70,70,70,70,77,77,77,77,77,77,77,77,77,77,77,77,77,77,77,77,77,77,77,77,77,77,77,77,77,77,77,77,77,67,67],"relics":["Ring of the Snake","War Paint","Strawberry","Calipers","The Specimen","Enchiridion","Bronze Scales","Oddly Smooth Stone","Runic Pyramid"],"card_choices":[{"not_picked":["Deflect","Malaise"],"picked":"Dodge and Roll"},{"not_picked":["Quick Slash","PiercingWail"],"picked":"Dagger Throw"},{"not_picked":["Poisoned Stab","Deflect"],"picked":"Leg Sweep"},{"not_picked":["Dodge and Roll","Eviscerate"],"picked":"Infinite Blades"},{"not_picked":["Backflip","PiercingWail"],"picked":"Blur"},{"not_picked":["Bouncing Flask","Predator"],"picked":"Blade Dance"},{"not_picked":["Outmaneuver","Sucker Punch"],"picked":"Dagger Throw"},{"not_picked":["Crippling Poison","Acrobatics"],"picked":"Envenom"},{"not_picked":["Venomology","Adrenaline"],"picked":"Bullet Time"},{"not_picked":["Flying Knee","Skewer"],"picked":"Prepared"},{"not_picked":["Bouncing Flask","Deflect"],"picked":"PiercingWail"},{"not_picked":["Sucker Punch","Poisoned Stab"],"picked":"Deadly Poison"},{"not_picked":["Acrobatics","PiercingWail"],"picked":"Caltrops"},{"not_picked":["Dagger Throw","Acrobatics"],"picked":"Deflect"},{"not_picked":["Night Terror","Unload"],"picked":"After Image"},{"not_picked":["Malaise","Infinite Blades"],"picked":"Finisher"}],"player_experience":2504,"potions_floor_usage":[19,19,27,27,31,31,33,36,36,36,40],"damage_taken":[{"damage":0.0,"enemies":"Cultist","floor":1.0,"turns":4.0},{"damage":0.0,"enemies":"Small Slimes","floor":4.0,"turns":5.0},{"damage":10.0,"enemies":"Gremlin Nob","floor":6.0,"turns":4.0},{"damage":10.0,"enemies":"Jaw Worm","floor":7.0,"turns":5.0},{"damage":1.0,"enemies":"Large Slime","floor":10.0,"turns":10.0},{"damage":16.0,"enemies":"3 Louse","floor":11.0,"turns":6.0},{"damage":0.0,"enemies":"Gremlin Gang","floor":13.0,"turns":8.0},{"damage":7.0,"enemies":"3 Sentries","floor":14.0,"turns":10.0},{"damage":42.0,"enemies":"Hexaghost","floor":16.0,"turns":11.0},{"damage":34,"enemies":"Spheric Guardian","floor":18,"turns":10},{"damage":16,"enemies":"Chosen","floor":19,"turns":6},{"damage":6,"enemies":"Snecko","floor":22,"turns":6},{"damage":16,"enemies":"Slaver and Parasite","floor":27,"turns":7},{"damage":24,"enemies":"Sentry and Sphere","floor":31,"turns":5},{"damage":8,"enemies":"Champ","floor":33,"turns":13},{"damage":27,"enemies":"Orb Walker","floor":35,"turns":6},{"damage":25,"enemies":"3 Shapes","floor":36,"turns":6},{"damage":70,"enemies":"Giant Head","floor":40,"turns":8}],"event_choices":[{"event_name":"Living Wall","player_choice":"Grow","floor":2.0,"damage_taken":0.0},{"event_name":"Scrap Ooze","player_choice":"unsuccessful","floor":3.0,"damage_taken":7.0},{"event_name":"Match and Keep!","player_choice":"2 cards matched","floor":5.0,"damage_taken":0.0},{"event_name":"Match and Keep!","player_choice":"2 cards matched","floor":5.0,"damage_taken":0.0},{"event_name":"Match and Keep!","player_choice":"2 cards matched","floor":5.0,"damage_taken":0.0},{"event_name":"Cursed Tome","player_choice":"Obtained Book","floor":20,"damage_taken":0},{"event_name":"Vampires","player_choice":"Ignored","floor":21,"damage_taken":0},{"event_name":"The Joust","player_choice":"Bet on Murderer","floor":29,"damage_taken":0},{"event_name":"The Moai Head","player_choice":"Heal","floor":38,"damage_taken":0}],"boss_relics":[{"not_picked":["Runic Dome","Calling Bell"],"picked":"Runic Pyramid"}],"potions_floor_spawned":[4,6,13,14,16,18,31,33,35],"seed_played":"850306272932110024","killed_by":"Giant Head","ascension_level":0,"is_trial":false}