{"gold_per_floor":[110,120,140,215,215,273,118,136,187,212,232,232,232,260,260,338,338,356,373,392,317,317,317],"floor_reached":23,"playtime":635,"items_purged":["Strike_R"],"score":422,"play_id":"c92a0cd3-10ed-461f-8e53-8e0d6709db15","local_time":"20190622154043","is_ascension_mode":true,"campfire_choices":[{"data":"Carnage","floor":13,"key":"SMITH"},{"floor":15,"key":"REST"}],"neow_cost":"NONE","seed_source_timestamp":7457404969800,"circlet_count":0,"master_deck":["AscendersBane","Strike_R","Strike_R","Strike_R","Defend_R","Defend_R","Defend_R","Defend_R","Bash","Inflame","Anger","Impervious","Disarm","Carnage+1","Dark Embrace","Flame Barrier","Burning Pact+1","Shockwave+1"],"relics":["Burning Blood","NeowsBlessing","Pear","Tiny Chest","Lantern","StoneCalendar","Paper Frog","Strawberry","Philosopher\u0027s Stone"],"potions_floor_usage":[16,22],"damage_taken":[{"damage":0,"enemies":"Cultist","floor":1,"turns":1},{"damage":0,"enemies":"Jaw Worm","floor":2,"turns":1},{"damage":0,"enemies":"Small Slimes","floor":3,"turns":1},{"damage":25,"enemies":"Lagavulin","floor":6,"turns":7},{"damage":8,"enemies":"Looter","floor":8,"turns":3},{"damage":32,"enemies":"Gremlin Nob","floor":10,"turns":4},{"damage":12,"enemies":"Blue Slaver","floor":11,"turns":3},{"damage":13,"enemies":"Lagavulin","floor":14,"turns":5},{"damage":35,"enemies":"The Guardian","floor":16,"turns":10},{"damage":33,"enemies":"Shell Parasite","floor":18,"turns":5},{"damage":14,"enemies":"Chosen","floor":19,"turns":5},{"damage":12,"enemies":"Snecko","floor":20,"turns":4},{"damage":0,"enemies":"Colosseum Slavers","floor":22,"turns":4},{"damage":24,"enemies":"Book of Stabbing","floor":23,"turns":4}],"seed_played":"-1900562173559916345","potions_obtained":[{"floor":1,"key":"Energy Potion"},{"floor":8,"key":"SmokeBomb"},{"floor":14,"key":"Swift Potion"},{"floor":18,"key":"Fire Potion"}],"is_trial":false,"path_per_floor":["M","M","M","?","?","E","$","M","T","E","M","T","R","E","R","B",null,"M","M","M","?","?","E"],"character_chosen":"IRONCLAD","items_purchased":["Disarm"],"campfire_rested":1,"item_purchase_floors":[7],"current_hp_per_floor":[74,75,75,64,74,55,55,53,53,27,21,21,21,21,48,19,74,47,39,33,33,39,15],"gold":317,"neow_bonus":"THREE_ENEMY_KILL","is_prod":false,"is_daily":false,"chose_seed":false,"campfire_upgraded":1,"win_rate":0,"timestamp":1561185643,"path_taken":["M","?","M","?","?","E","$","M","T","E","?","?","R","E","R","BOSS","M","?","M","?","?","E"],"build_version":"2019-01-23","purchased_purges":1,"victory":false,"max_hp_per_floor":[75,75,75,75,85,85,85,85,85,85,85,85,85,92,92,92,92,92,92,92,92,92,92],"card_choices":[{"not_picked":["Infernal Blade","Heavy Blade"],"picked":"Inflame","floor":1},{"not_picked":["Headbutt","Power Through"],"picked":"Anger","floor":2},{"not_picked":["Anger","Sever Soul","Power Through"],"picked":"SKIP","floor":3},{"not_picked":["Iron Wave","Clash"],"picked":"Impervious","floor":6},{"not_picked":["Inflame","Clothesline"],"picked":"Carnage","floor":8},{"not_picked":["Wild Strike","Rampage","Headbutt"],"picked":"SKIP","floor":10},{"not_picked":["Body Slam","Headbutt","Entrench"],"picked":"SKIP","floor":11},{"not_picked":["Corruption","Rage","Infernal Blade"],"picked":"SKIP","floor":14},{"not_picked":["Double Tap","Bludgeon"],"picked":"Dark Embrace","floor":16},{"not_picked":["Pommel Strike","Flex"],"picked":"Flame Barrier","floor":18},{"not_picked":["Metallicize","Shrug It Off"],"picked":"Burning Pact+1","floor":19},{"not_picked":["Cleave","Armaments"],"picked":"Shockwave+1","floor":20}],"player_experience":742345,"relics_obtained":[{"floor":5,"key":"Pear"},{"floor":6,"key":"Tiny Chest"},{"floor":9,"key":"Lantern"},{"floor":10,"key":"StoneCalendar"},{"floor":12,"key":"Paper Frog"},{"floor":14,"key":"Strawberry"}],"event_choices":[{"damage_healed":0,"gold_gain":75,"player_choice":"Gather Gold","damage_taken":11,"max_hp_gain":0,"max_hp_loss":0,"event_name":"World of Goop","floor":4,"gold_loss":0},{"damage_healed":0,"gold_gain":0,"player_choice":"Relic","damage_taken":0,"max_hp_gain":0,"max_hp_loss":0,"event_name":"Wheel of Change","floor":5,"gold_loss":0},{"cards_removed":["Strike_R"],"damage_healed":0,"gold_gain":0,"player_choice":"Gave Gold","damage_taken":0,"max_hp_gain":0,"max_hp_loss":0,"event_name":"Beggar","floor":21,"gold_loss":75},{"damage_healed":0,"gold_gain":0,"player_choice":"Fight","damage_taken":0,"max_hp_gain":0,"max_hp_loss":0,"event_name":"Colosseum","floor":22,"gold_loss":0},{"damage_healed":0,"gold_gain":0,"player_choice":"Fled From Nobs","damage_taken":0,"max_hp_gain":0,"max_hp_loss":0,"event_name":"Colosseum","floor":22,"gold_loss":0}],"is_beta":false,"boss_relics":[{"not_picked":["Calling Bell","Runic Cube"],"picked":"Philosopher\u0027s Stone"}],"items_purged_floors":[7],"is_endless":false,"potions_floor_spawned":[1,8,11,14,18,19,22],"killed_by":"Book of Stabbing","ascension_level":20}