{"gold_per_floor":[117,40,51,51,65,65,92,92,92,92,92,43,108,11,11,111,111,125,85,32,43,43,43],"floor_reached":23,"playtime":984,"items_purged":[],"score":259,"play_id":"dff18525-6514-49b0-bec3-f3794df07fc9","local_time":"20190610182218","is_ascension_mode":true,"campfire_choices":[{"floor":6,"key":"REST"},{"floor":8,"key":"REST"},{"data":"Noxious Fumes","floor":11,"key":"SMITH"},{"floor":15,"key":"REST"}],"neow_cost":"NONE","seed_source_timestamp":1309147908417945,"circlet_count":0,"master_deck":["Defend_G+1","Defend_G+1","Defend_G+1","Defend_G+1","Defend_G+1","Strike_G+1","Strike_G+1","Strike_G+1","Strike_G+1","Strike_G+1","Survivor","Neutralize","Envenom","Catalyst","Catalyst","Flying Knee","Riddle With Holes","Noxious Fumes+1","Flying Knee","Poisoned Stab","Noxious Fumes","Slice","Burst","Bouncing Flask+1","Bane"],"special_seed":0,"relics":["Ring of the Snake","Singing Bowl","Kunai","Potion Belt","WristBlade"],"potions_floor_usage":[5,7,21,23],"damage_taken":[{"damage":7.0,"enemies":"Small Slimes","floor":1.0,"turns":5.0},{"damage":6.0,"enemies":"Jaw Worm","floor":3.0,"turns":5.0},{"damage":2,"enemies":"2 Louse","floor":5,"turns":3},{"damage":24,"enemies":"3 Sentries","floor":7,"turns":8},{"damage":27,"enemies":"Gremlin Nob","floor":13,"turns":4},{"damage":44,"enemies":"Slime Boss","floor":16,"turns":9},{"damage":41,"enemies":"Spheric Guardian","floor":18,"turns":6},{"damage":1,"enemies":"Chosen","floor":21,"turns":6},{"damage":38,"enemies":"Gremlin Leader","floor":23,"turns":3}],"seed_played":"-7654007580189205480","potions_obtained":[{"floor":3.0,"key":"Energy Potion"},{"floor":5,"key":"SkillPotion"},{"floor":13,"key":"FairyPotion"},{"floor":19,"key":"SkillPotion"},{"floor":19,"key":"GhostInAJar"},{"floor":19,"key":"LiquidBronze"}],"is_trial":false,"path_per_floor":["M","$","M","?","M","R","E","R","T","?","R","$","?","$","R","B",null,"M","?","$","M","?","E"],"character_chosen":"THE_SILENT","items_purchased":["Catalyst","Flying Knee","Noxious Fumes","Slice","Bane"],"campfire_rested":3,"item_purchase_floors":[2,12,14,14,20],"current_hp_per_floor":[56,56,50,50,48,69,45,66,66,71,71,71,44,44,66,22,62,21,21,21,22,22,0],"gold":43,"neow_bonus":"ONE_RANDOM_RARE_CARD","is_prod":false,"is_daily":false,"chose_seed":false,"campfire_upgraded":1,"win_rate":0,"timestamp":1560180138,"path_taken":["M","$","M","?","M","R","E","R","T","?","R","$","?","?","R","BOSS","M","?","$","?","?","E"],"build_version":"2019-01-23","purchased_purges":0,"victory":false,"max_hp_per_floor":[70,70,70,70,70,70,70,70,70,75,75,75,75,75,75,75,75,75,75,75,77,77,77],"card_choices":[{"not_picked":["Deadly Poison","Backflip"],"picked":"Catalyst","floor":1.0},{"not_picked":["Dagger Throw","Backflip"],"picked":"Flying Knee","floor":3.0},{"not_picked":["PiercingWail","Crippling Poison"],"picked":"Riddle With Holes","floor":5},{"not_picked":["A Thousand Cuts","Accuracy"],"picked":"Noxious Fumes","floor":7},{"not_picked":["Prepared","Dodge and Roll"],"picked":"Poisoned Stab","floor":13},{"not_picked":["After Image","Malaise"],"picked":"Burst","floor":16},{"not_picked":["Dagger Spray+1","Flying Knee"],"picked":"Bouncing Flask+1","floor":18},{"not_picked":["Flying Knee","Tactician","Deflect"],"picked":"Singing Bowl","floor":21}],"player_experience":1501976,"relics_obtained":[{"floor":7,"key":"Singing Bowl"},{"floor":9,"key":"Kunai"},{"floor":13,"key":"Potion Belt"}],"event_choices":[{"damage_healed":0.0,"max_hp_gain":0.0,"max_hp_loss":0.0,"gold_gain":0.0,"event_name":"Shining Light","player_choice":"Ignored","floor":4.0,"gold_loss":0.0,"damage_taken":0.0},{"damage_healed":0,"gold_gain":0,"player_choice":"Donut","damage_taken":0,"max_hp_gain":5,"max_hp_loss":0,"event_name":"Big Fish","floor":10,"gold_loss":0},{"damage_healed":0,"gold_gain":30,"player_choice":"Searched \u00272\u0027 times","damage_taken":0,"max_hp_gain":0,"max_hp_loss":0,"event_name":"Dead Adventurer","floor":13,"gold_loss":0},{"damage_healed":0,"gold_gain":0,"player_choice":"Bought 3 Potions","damage_taken":0,"max_hp_gain":0,"max_hp_loss":0,"event_name":"The Woman in Blue","floor":19,"gold_loss":0},{"damage_healed":0,"gold_gain":0,"player_choice":"Simplicity","damage_taken":0,"max_hp_gain":0,"max_hp_loss":0,"event_name":"Back to Basics","floor":22,"gold_loss":0,"cards_upgraded":["Defend_G","Defend_G","Defend_G","Defend_G","Defend_G","Strike_G","Strike_G","Strike_G","Strike_G","Strike_G"]}],"is_beta":false,"boss_relics":[{"not_picked":["HoveringKite","Calling Bell"],"picked":"WristBlade"}],"items_purged_floors":[],"is_endless":false,"potions_floor_spawned":[3,5,13],"killed_by":"Gremlin Leader","ascension_level":8}