{"gold_per_floor":[112,125,136,136,156,156,182,182,182,192,192,225,150,150],"floor_reached":14,"playtime":298,"items_purged":[],"score":200,"play_id":"6a155796-17fd-4fc3-a636-58da505963fb","local_time":"20190612180746","is_ascension_mode":true,"campfire_choices":[{"data":"Anger","floor":6,"key":"SMITH"},{"data":"Defend_R","floor":8,"key":"SMITH"},{"data":"Entrench","floor":11,"key":"SMITH"}],"neow_cost":"NONE","seed_source_timestamp":361193790052100,"circlet_count":0,"master_deck":["AscendersBane","Strike_R","Strike_R","Strike_R","Strike_R","Defend_R","Defend_R","Defend_R","Defend_R+1","Bash+1","Anger+1","Entrench+1","Barricade+1"],"relics":["Burning Blood","NeowsBlessing","Centennial Puzzle","Frozen Egg 2","Charon\u0027s Ashes"],"potions_floor_usage":[7,14],"damage_taken":[{"damage":0,"enemies":"Small Slimes","floor":1,"turns":1},{"damage":0,"enemies":"Cultist","floor":2,"turns":1},{"damage":0,"enemies":"2 Louse","floor":3,"turns":1},{"damage":24,"enemies":"Exordium Wildlife","floor":5,"turns":5},{"damage":8,"enemies":"Gremlin Nob","floor":7,"turns":3},{"damage":6,"enemies":"Lots of Slimes","floor":10,"turns":5},{"damage":47,"enemies":"3 Sentries","floor":12,"turns":13},{"damage":16,"enemies":"3 Louse","floor":14,"turns":1}],"seed_played":"7481494405397779888","potions_obtained":[{"floor":5,"key":"FearPotion"},{"floor":7,"key":"FearPotion"}],"is_trial":false,"path_per_floor":["M","M","M","?","M","R","E","R","T","M","R","E","?","M"],"character_chosen":"IRONCLAD","items_purchased":[],"campfire_rested":0,"item_purchase_floors":[],"current_hp_per_floor":[74,75,75,75,57,57,55,55,55,55,55,14,14,0],"gold":150,"neow_bonus":"THREE_ENEMY_KILL","is_prod":false,"is_daily":false,"chose_seed":false,"campfire_upgraded":3,"win_rate":0,"timestamp":1560330466,"path_taken":["M","M","M","?","?","R","E","R","T","M","R","E","?","M"],"build_version":"2019-01-23","purchased_purges":0,"victory":false,"max_hp_per_floor":[75,75,75,75,75,75,75,75,75,75,75,75,75,75],"card_choices":[{"not_picked":["Wild Strike","Heavy Blade","Power Through"],"picked":"SKIP","floor":1},{"not_picked":["True Grit","Armaments"],"picked":"Anger","floor":2},{"not_picked":["Flex","Anger","Perfected Strike"],"picked":"SKIP","floor":3},{"not_picked":["Body Slam","Havoc","Twin Strike"],"picked":"SKIP","floor":5},{"not_picked":["Intimidate","Perfected Strike","Dual Wield"],"picked":"SKIP","floor":7},{"not_picked":["Iron Wave","Headbutt"],"picked":"Entrench","floor":10},{"not_picked":["Feel No Pain+1","Intimidate"],"picked":"Barricade+1","floor":12}],"player_experience":613353,"relics_obtained":[{"floor":7,"key":"Centennial Puzzle"},{"floor":9,"key":"Frozen Egg 2"},{"floor":12,"key":"Charon\u0027s Ashes"}],"event_choices":[{"damage_healed":0,"gold_gain":0,"player_choice":"Upgraded","damage_taken":0,"max_hp_gain":0,"max_hp_loss":0,"event_name":"Upgrade Shrine","floor":4,"gold_loss":0,"cards_upgraded":["Bash"]},{"cards_removed":["Strike_R"],"damage_healed":0,"gold_gain":0,"player_choice":"Card Removal","damage_taken":0,"max_hp_gain":0,"max_hp_loss":0,"event_name":"The Cleric","floor":13,"gold_loss":75}],"is_beta":false,"boss_relics":[],"items_purged_floors":[],"is_endless":false,"potions_floor_spawned":[5,7],"killed_by":"3 Louse","ascension_level":20}