{"gold_per_floor":[217,191,204,204,204,204,217,231,300,300,318,331,349,349,349,428,428,448,46,64,36,55,55,55,55],"floor_reached":25,"playtime":1546,"items_purged":[],"score":371,"play_id":"f4d5280b-298a-407d-9ad1-3adfdf13e340","local_time":"20190725113121","is_ascension_mode":true,"campfire_choices":[{"floor":6.0,"key":"REST"},{"data":"Terror","floor":15.0,"key":"SMITH"},{"floor":23,"key":"REST"}],"neow_cost":"NONE","seed_source_timestamp":493461584185576,"circlet_count":0,"master_deck":["AscendersBane","Strike_G","Strike_G","Strike_G","Strike_G","Strike_G","Defend_G","Defend_G","Defend_G","Defend_G","Defend_G","Survivor","Neutralize","Terror+1","Dagger Throw","PiercingWail","Prepared","Eviscerate","Backflip","Flying Knee","Adrenaline","Calculated Gamble","Dagger Throw","Chrysalis","Acrobatics","Dagger Throw","Prepared"],"special_seed":0,"relics":["Ring of the Snake","Vajra","Darkstone Periapt","Sozu","Anchor"],"potions_floor_usage":[16,18],"damage_taken":[{"damage":1.0,"enemies":"2 Louse","floor":1.0,"turns":3.0},{"damage":7.0,"enemies":"Jaw Worm","floor":3.0,"turns":5.0},{"damage":0.0,"enemies":"Cultist","floor":7.0,"turns":3.0},{"damage":10.0,"enemies":"Gremlin Gang","floor":8.0,"turns":5.0},{"damage":4.0,"enemies":"Blue Slaver","floor":11.0,"turns":4.0},{"damage":0.0,"enemies":"Lots of Slimes","floor":12.0,"turns":2.0},{"damage":3.0,"enemies":"Red Slaver","floor":13.0,"turns":3.0},{"damage":28,"enemies":"Hexaghost","floor":16,"turns":11},{"damage":15,"enemies":"Spheric Guardian","floor":18,"turns":4},{"damage":3,"enemies":"3 Byrds","floor":20,"turns":5},{"damage":38,"enemies":"3 Cultists","floor":22,"turns":7},{"damage":27,"enemies":"Book of Stabbing","floor":25,"turns":3}],"seed_played":"-3260702458809959333","potions_obtained":[{"floor":8.0,"key":"GamblersBrew"},{"floor":11.0,"key":"Explosive Potion"},{"floor":13.0,"key":"GamblersBrew"}],"is_trial":false,"path_per_floor":["M","$","M","?","?","R","M","M","T","?","M","M","M","?","R","B",null,"M","$","M","$","M","R","$","E"],"character_chosen":"THE_SILENT","items_purchased":["Dagger Throw","Dagger Throw","Chrysalis","Anchor","Dagger Throw"],"campfire_rested":2,"item_purchase_floors":[2,19,19,19,21],"current_hp_per_floor":[58,58,51,33,38,59,59,49,49,71,67,67,64,64,64,36,62,47,47,44,44,6,27,27,0],"gold":55,"neow_bonus":"HUNDRED_GOLD","is_prod":false,"is_daily":false,"chose_seed":false,"campfire_upgraded":1,"win_rate":0,"timestamp":1564043481,"path_taken":["M","$","M","?","?","R","M","M","T","?","?","M","?","?","R","BOSS","M","?","M","$","M","R","$","E"],"build_version":"2019-07-17","purchased_purges":0,"victory":false,"max_hp_per_floor":[66,66,66,66,71,71,71,71,71,71,71,71,71,71,71,71,71,71,71,71,71,71,71,71,71],"card_choices":[{"not_picked":["Backflip","Deflect"],"picked":"Terror","floor":1.0},{"not_picked":["Poisoned Stab","Catalyst"],"picked":"PiercingWail","floor":3.0},{"not_picked":["Outmaneuver","Expertise"],"picked":"Caltrops","floor":7.0},{"not_picked":["Flying Knee","Sucker Punch"],"picked":"Prepared","floor":8.0},{"not_picked":["Cloak And Dagger","Dodge and Roll"],"picked":"Eviscerate","floor":11.0},{"not_picked":["Slice","Terror"],"picked":"Backflip","floor":12.0},{"not_picked":["Dagger Spray","Accuracy"],"picked":"Flying Knee","floor":13.0},{"not_picked":["Doppelganger","Die Die Die"],"picked":"Adrenaline","floor":16},{"not_picked":["Outmaneuver","Dodge and Roll"],"picked":"Calculated Gamble","floor":18},{"not_picked":["Dagger Spray","Noxious Fumes"],"picked":"Acrobatics","floor":20},{"not_picked":["Blade Dance","Dash+1"],"picked":"Prepared","floor":22}],"player_experience":1654972,"relics_obtained":[{"floor":9.0,"key":"Darkstone Periapt"}],"event_choices":[{"damage_healed":0.0,"max_hp_gain":0.0,"max_hp_loss":0.0,"gold_gain":0.0,"event_name":"Scrap Ooze","player_choice":"Success","floor":4.0,"gold_loss":0.0,"damage_taken":18.0,"relics_obtained":["Vajra"]},{"damage_healed":0.0,"max_hp_gain":5.0,"max_hp_loss":0.0,"gold_gain":0.0,"event_name":"Big Fish","player_choice":"Donut","floor":5.0,"gold_loss":0.0,"damage_taken":0.0},{"cards_removed":["Caltrops"],"damage_healed":22.0,"max_hp_gain":0.0,"max_hp_loss":0.0,"gold_gain":0.0,"event_name":"Bonfire Elementals","player_choice":"Offered Uncommon","floor":10.0,"gold_loss":0.0,"damage_taken":0.0},{"damage_healed":0.0,"max_hp_gain":0.0,"max_hp_loss":0.0,"gold_gain":0.0,"event_name":"Lab","player_choice":"Got Potions","floor":14.0,"gold_loss":0.0,"damage_taken":0.0}],"is_beta":false,"boss_relics":[{"not_picked":["Empty Cage","Ring of the Serpent"],"picked":"Sozu"}],"items_purged_floors":[],"is_endless":false,"potions_floor_spawned":[8,11,13,18],"killed_by":"Book of Stabbing","ascension_level":18}