{"gold_per_floor":[119,119,119,119,39,64,64,90,90,90],"floor_reached":10,"playtime":119,"items_purged":[],"score":244,"play_id":"2bc78647-c150-4fe1-acf2-548d94fa273c","local_time":"20190724173235","is_ascension_mode":true,"campfire_choices":[{"data":"Loop","floor":7,"key":"SMITH"}],"neow_cost":"NONE","seed_source_timestamp":439898536819600,"circlet_count":0,"master_deck":["AscendersBane","Strike_B","Strike_B","Strike_B","Strike_B","Defend_B+1","Defend_B+1","Defend_B","Defend_B","Zap","Dualcast","Ball Lightning","Loop+1","Echo Form","Ball Lightning+1"],"relics":["Cracked Core","NeowsBlessing","Molten Egg 2","Gremlin Horn","Prayer Wheel"],"potions_floor_usage":[10],"damage_taken":[{"damage":0,"enemies":"Jaw Worm","floor":1,"turns":1},{"damage":0,"enemies":"3 Sentries","floor":6,"turns":1},{"damage":0,"enemies":"Lagavulin","floor":8,"turns":1},{"damage":34,"enemies":"Lagavulin Event","floor":10,"turns":5}],"seed_played":"6656799087787094000","potions_obtained":[{"floor":6,"key":"Explosive Potion"}],"is_trial":false,"path_per_floor":["M","?","?","$","$","E","R","E","T","?"],"character_chosen":"DEFECT","items_purchased":["Loop"],"campfire_rested":0,"item_purchase_floors":[5],"current_hp_per_floor":[64,69,46,46,46,46,46,46,46,12],"gold":90,"neow_bonus":"THREE_ENEMY_KILL","is_prod":false,"is_daily":false,"chose_seed":false,"campfire_upgraded":1,"win_rate":0,"timestamp":1563957155,"path_taken":["M","?","?","?","$","E","R","E","T","?"],"build_version":"2019-07-17","purchased_purges":0,"victory":false,"max_hp_per_floor":[71,76,76,76,76,76,76,76,76,76],"card_choices":[{"not_picked":["Hologram","Leap"],"picked":"Ball Lightning","floor":1},{"not_picked":["Force Field","Hello World"],"picked":"Echo Form","floor":6},{"not_picked":["Genetic Algorithm","Stack"],"picked":"Ball Lightning+1","floor":8}],"player_experience":1176919,"relics_obtained":[{"floor":6,"key":"Molten Egg 2"},{"floor":8,"key":"Gremlin Horn"},{"floor":9,"key":"Prayer Wheel"}],"event_choices":[{"damage_healed":0,"gold_gain":0,"player_choice":"Donut","damage_taken":0,"max_hp_gain":5,"max_hp_loss":0,"event_name":"Big Fish","floor":2,"gold_loss":0},{"damage_healed":0,"gold_gain":0,"player_choice":"Entered Light","damage_taken":23,"max_hp_gain":0,"max_hp_loss":0,"event_name":"Shining Light","floor":3,"gold_loss":0,"cards_upgraded":["Defend_B","Defend_B"]},{"damage_healed":0,"gold_gain":0,"player_choice":"Searched \u00271\u0027 times","damage_taken":0,"max_hp_gain":0,"max_hp_loss":0,"event_name":"Dead Adventurer","floor":10,"gold_loss":0}],"is_beta":false,"boss_relics":[],"items_purged_floors":[],"is_endless":false,"potions_floor_spawned":[6],"killed_by":"Lagavulin Event","ascension_level":20}