{"path_per_floor":["M","M","$","?","?","R","?","E","T","M","M","M","$","?","R","B",null,"M","M","$","?","M","E","R","M","T","M","?","?","M","?","R","B",null,"M","M","?","$","?","M"],"character_chosen":"THE_SILENT","items_purchased":["Panache","Choke","PiercingWail","Apotheosis","Prepared","Infinite Blades"],"gold_per_floor":[119,133,133,133,133,133,158,191,191,210,228,248,48,48,48,172,172,193,209,103,18,42,81,81,97,97,122,22,22,38,308,308,413,413,424,439,439,119,168,182],"floor_reached":41,"campfire_rested":3,"playtime":4797,"current_hp_per_floor":[70,70,70,67,67,67,67,53,53,55,57,59,59,42,63,30,70,46,41,41,41,43,33,54,47,61,55,55,55,46,26,51,44,84,79,75,75,75,30,12],"items_purged":[],"gold":182,"play_id":"924e41dd-da1f-4310-9fa1-9c3a791fc43c","is_prod":false,"is_daily":false,"is_ascension_mode":false,"campfire_upgraded":1,"path_taken":["M","M","$","?","?","R","?","E","T","?","M","M","$","?","R","BOSS","M","M","$","?","M","E","R","M","T","M","?","?","M","?","R","BOSS","M","M","?","$","?","M","M"],"build_version":"2018-02-01-PROD3","purchased_purges":1,"victory":false,"master_deck":["Defend_G","Defend_G","Defend_G+1","Defend_G+1","Strike_G","Strike_G","Strike_G","Strike_G","Strike_G","Survivor","Neutralize+1","Outmaneuver","Doppelganger+1","Escape Plan","Dagger Throw","Endless Agony","Finisher","Dagger Throw","Panache","Tools of the Trade","Outmaneuver+1","Blade Dance+1","Choke","PiercingWail","Slice","Blade Dance","Deflect","A Thousand Cuts","J.A.X.","Slice+1","Phantasmal Killer","Predator+1","Acrobatics+1","Apotheosis","Prepared","Infinite Blades","Infinite Blades+1","Slice+1"],"max_hp_per_floor":[70,70,70,70,70,70,70,70,70,70,70,70,70,70,70,70,70,70,70,70,70,70,70,70,70,84,84,84,84,84,84,84,84,84,84,84,84,84,84,84],"relics":["Ring of the Snake","NeowsBlessing","Orichalcum","Odd Mushroom","Blood Vial","Unceasing Top","Bloody Idol","Runic Dome","Calipers","War Paint","Mango","Black Star","Shovel"],"card_choices":[{"not_picked":["Dagger Spray","Deflect"],"picked":"Outmaneuver"},{"not_picked":["Backflip","Bane"],"picked":"Doppelganger"},{"not_picked":["Quick Slash","Acrobatics"],"picked":"Escape Plan"},{"not_picked":["Bane","Leg Sweep"],"picked":"Dagger Throw"},{"not_picked":["Quick Slash","Slice"],"picked":"Endless Agony"},{"not_picked":["Terror","Riddle With Holes"],"picked":"Finisher"},{"not_picked":["PiercingWail","Catalyst"],"picked":"Dagger Throw"},{"not_picked":["Venomology","Corpse Explosion"],"picked":"Tools of the Trade"},{"not_picked":["Poisoned Stab","PiercingWail"],"picked":"Outmaneuver"},{"not_picked":["Crippling Poison","Flying Knee"],"picked":"Blade Dance"},{"not_picked":["PiercingWail","Deadly Poison"],"picked":"Slice"},{"not_picked":["Choke","Dagger Spray"],"picked":"Blade Dance"},{"not_picked":["Deadly Poison","Dagger Spray"],"picked":"Deflect"},{"not_picked":["Dodge and Roll","Sucker Punch"],"picked":"A Thousand Cuts"},{"not_picked":["PiercingWail","Poisoned Stab"],"picked":"Slice"},{"not_picked":["A Thousand Cuts","After Image"],"picked":"Phantasmal Killer"},{"not_picked":["Dagger Throw","Dagger Spray"],"picked":"Predator"},{"not_picked":["Outmaneuver","Sucker Punch"],"picked":"Acrobatics"},{"not_picked":["Terror","Deadly Poison"],"picked":"Infinite Blades"},{"not_picked":["Deflect","Caltrops"],"picked":"Slice"}],"player_experience":49014,"potions_floor_usage":[41],"damage_taken":[{"damage":0.0,"enemies":"Jaw Worm","floor":1.0,"turns":1.0},{"damage":0.0,"enemies":"Cultist","floor":2.0,"turns":1.0},{"damage":0.0,"enemies":"The Mushroom Lair","floor":7.0,"turns":1.0},{"damage":14.0,"enemies":"3 Sentries","floor":8.0,"turns":15.0},{"damage":0.0,"enemies":"2 Louse","floor":10.0,"turns":2.0},{"damage":0.0,"enemies":"2 Fungi Beasts","floor":11.0,"turns":4.0},{"damage":0.0,"enemies":"Gremlin Gang","floor":12.0,"turns":6.0},{"damage":35.0,"enemies":"Hexaghost","floor":16.0,"turns":10.0},{"damage":24.0,"enemies":"Chosen","floor":18.0,"turns":7.0},{"damage":7.0,"enemies":"2 Thieves","floor":19.0,"turns":4.0},{"damage":0.0,"enemies":"Snecko","floor":22.0,"turns":3.0},{"damage":24.0,"enemies":"Book of Stabbing","floor":23.0,"turns":5.0},{"damage":9.0,"enemies":"Snake Plant","floor":25.0,"turns":4.0},{"damage":8.0,"enemies":"Centurion and Healer","floor":27.0,"turns":4.0},{"damage":16.0,"enemies":"Slaver and Parasite","floor":30.0,"turns":4.0},{"damage":14.0,"enemies":"Champ","floor":33.0,"turns":6.0},{"damage":10.0,"enemies":"3 Shapes","floor":35.0,"turns":4.0},{"damage":11.0,"enemies":"Orb Walker","floor":36.0,"turns":3.0},{"damage":52.0,"enemies":"Mysterious Sphere","floor":39.0,"turns":3.0},{"damage":25.0,"enemies":"3 Darklings","floor":40.0,"turns":5.0},{"damage":21,"enemies":"4 Shapes","floor":41,"turns":3}],"event_choices":[{"event_name":"Scrap Ooze","player_choice":"success","floor":4.0,"damage_taken":3.0},{"event_name":"Accursed Blacksmith","player_choice":"Forge","floor":5.0,"damage_taken":0.0},{"event_name":"Mushrooms","player_choice":"Fought Mushrooms","floor":7.0,"damage_taken":0.0},{"event_name":"Golden Idol","player_choice":"Take Damage","floor":14.0,"damage_taken":0.0},{"event_name":"Addict","player_choice":"Obtained Relic","floor":21.0,"damage_taken":0.0},{"event_name":"Drug Dealer","player_choice":"Got JAXXED","floor":28.0,"damage_taken":0.0},{"event_name":"Forgotten Altar","player_choice":"Gave Idol","floor":29.0,"damage_taken":0.0},{"event_name":"Knowing Skull","player_choice":"GOLD GOLD GOLD POTION ","floor":31.0,"damage_taken":0.0},{"event_name":"Mysterious Sphere","player_choice":"Fight","floor":39.0,"damage_taken":0.0}],"boss_relics":[],"potions_floor_spawned":[7,10,16,23,27,33,35,40],"seed_played":"8284996151228390867","killed_by":"4 Shapes","ascension_level":0,"is_trial":false}