{"gold_per_floor":[112,112,123,48,198,198,227,227,227,251,251,262,312,326,326,400,400,420,432,357,357,370,370,370],"floor_reached":24,"playtime":501,"items_purged":[],"score":438,"play_id":"1252c9aa-d7aa-4889-a118-b9aa8bef51e7","local_time":"20190625142827","is_ascension_mode":true,"campfire_choices":[{"data":"Bash","floor":6,"key":"SMITH"},{"data":"Carnage","floor":8,"key":"SMITH"},{"data":"Anger","floor":15,"key":"SMITH"},{"data":"Body Slam","floor":23,"key":"SMITH"}],"neow_cost":"NONE","seed_source_timestamp":262456040509400,"circlet_count":0,"master_deck":["AscendersBane","Strike_R","Strike_R+1","Strike_R","Strike_R","Defend_R","Defend_R+1","Defend_R","Defend_R","Bash+1","Second Wind","Carnage+1","Shrug It Off","Anger+1","Feed","Sword Boomerang+1","Shrug It Off","Body Slam+1"],"relics":["Burning Blood","NeowsBlessing","Dodecahedron","Lantern","Odd Mushroom","Philosopher\u0027s Stone"],"potions_floor_usage":[16,19,22,24],"damage_taken":[{"damage":0,"enemies":"2 Louse","floor":1,"turns":1},{"damage":0,"enemies":"Jaw Worm","floor":3,"turns":1},{"damage":0,"enemies":"Lagavulin","floor":7,"turns":1},{"damage":17,"enemies":"The Mushroom Lair","floor":10,"turns":4},{"damage":0,"enemies":"Small Slimes","floor":12,"turns":2},{"damage":0,"enemies":"2 Fungi Beasts","floor":14,"turns":3},{"damage":25,"enemies":"Hexaghost","floor":16,"turns":7},{"damage":14,"enemies":"Shell Parasite","floor":18,"turns":2},{"damage":11,"enemies":"3 Byrds","floor":19,"turns":5},{"damage":15,"enemies":"Cultist and Chosen","floor":22,"turns":7},{"damage":72,"enemies":"Book of Stabbing","floor":24,"turns":5}],"seed_played":"6183036308766267592","potions_obtained":[{"floor":10,"key":"AttackPotion"},{"floor":14,"key":"BloodPotion"},{"floor":16,"key":"AttackPotion"},{"floor":22,"key":"GamblersBrew"}],"is_trial":false,"path_per_floor":["M","?","M","?","?","R","E","R","T","?","?","M","?","M","R","B",null,"M","M","?","?","M","R","E"],"character_chosen":"IRONCLAD","items_purchased":[],"campfire_rested":0,"item_purchase_floors":[],"current_hp_per_floor":[74,51,57,57,57,57,63,63,63,52,57,63,63,69,69,50,73,68,66,66,66,68,68,0],"gold":370,"neow_bonus":"THREE_ENEMY_KILL","is_prod":false,"is_daily":false,"chose_seed":false,"campfire_upgraded":4,"win_rate":0,"timestamp":1561440507,"path_taken":["M","?","M","?","?","R","E","R","T","?","?","M","?","?","R","BOSS","M","?","?","?","M","R","E"],"build_version":"2019-01-23","purchased_purges":0,"victory":false,"max_hp_per_floor":[75,75,75,75,75,75,75,75,75,75,80,80,80,80,80,80,80,83,86,86,86,89,89,89],"card_choices":[{"not_picked":["Iron Wave","Heavy Blade","Perfected Strike"],"picked":"SKIP","floor":1},{"not_picked":["Thunderclap","Pummel"],"picked":"Second Wind","floor":3},{"not_picked":["Perfected Strike","Armaments"],"picked":"Carnage","floor":7},{"not_picked":["Rage","Anger"],"picked":"Shrug It Off","floor":12},{"not_picked":["Warcry","Intimidate"],"picked":"Anger","floor":14},{"not_picked":["Barricade","Impervious"],"picked":"Feed","floor":16},{"not_picked":["True Grit","Fire Breathing+1"],"picked":"Sword Boomerang+1","floor":18},{"not_picked":["Twin Strike","Rampage"],"picked":"Shrug It Off","floor":19},{"not_picked":["Pommel Strike","Fire Breathing"],"picked":"Body Slam","floor":22}],"player_experience":796769,"relics_obtained":[{"floor":7,"key":"Dodecahedron"},{"floor":9,"key":"Lantern"},{"floor":10,"key":"Odd Mushroom"}],"event_choices":[{"damage_healed":0,"gold_gain":0,"player_choice":"Entered Light","damage_taken":23,"max_hp_gain":0,"max_hp_loss":0,"event_name":"Shining Light","floor":2,"gold_loss":0,"cards_upgraded":["Strike_R","Defend_R"]},{"cards_removed":["Strike_R"],"damage_healed":0,"gold_gain":0,"player_choice":"Card Removal","damage_taken":0,"max_hp_gain":0,"max_hp_loss":0,"event_name":"The Cleric","floor":4,"gold_loss":75},{"damage_healed":0,"gold_gain":150,"player_choice":"AGREE","damage_taken":0,"max_hp_gain":0,"max_hp_loss":0,"event_name":"Liars Game","floor":5,"gold_loss":0,"cards_obtained":["Doubt"]},{"damage_healed":0,"gold_gain":0,"player_choice":"Fought Mushrooms","damage_taken":0,"max_hp_gain":0,"max_hp_loss":0,"event_name":"Mushrooms","floor":10,"gold_loss":0},{"damage_healed":0,"gold_gain":0,"player_choice":"Donut","damage_taken":0,"max_hp_gain":5,"max_hp_loss":0,"event_name":"Big Fish","floor":11,"gold_loss":0},{"damage_healed":0,"gold_gain":50,"player_choice":"Pray","damage_taken":0,"max_hp_gain":0,"max_hp_loss":0,"event_name":"Golden Shrine","floor":13,"gold_loss":0},{"cards_removed":["Doubt"],"damage_healed":0,"gold_gain":0,"player_choice":"Gave Gold","damage_taken":0,"max_hp_gain":0,"max_hp_loss":0,"event_name":"Beggar","floor":20,"gold_loss":75},{"damage_healed":0,"gold_gain":0,"player_choice":"Ignored","damage_taken":0,"max_hp_gain":0,"max_hp_loss":0,"event_name":"The Mausoleum","floor":21,"gold_loss":0}],"is_beta":false,"boss_relics":[{"not_picked":["Tiny House","Black Blood"],"picked":"Philosopher\u0027s Stone"}],"items_purged_floors":[],"is_endless":false,"potions_floor_spawned":[10,14,16,22],"killed_by":"Book of Stabbing","ascension_level":20}