{"gold_per_floor":[114,126,7,7,24,57,57,76,76,110,123,38,54,54,54,129,129,147,167,117,131,143,177,177,187,187,29,46,57,57,74,74,145,145,159,77,95,95,110,141,141,161,185,43,43,55,75,86,86,86],"floor_reached":51,"playtime":5284,"items_purged":["Normality"],"score":1351,"play_id":"63598661-66be-4fc3-a7b0-71b25f558196","local_time":"20190527024738","is_ascension_mode":true,"campfire_choices":[{"data":"Cloak And Dagger","floor":7.0,"key":"SMITH"},{"data":"Well Laid Plans","floor":15,"key":"SMITH"},{"floor":24,"key":"REST"},{"floor":30,"key":"REST"},{"data":"Burst","floor":32,"key":"SMITH"},{"floor":41,"key":"REST"},{"data":"After Image","floor":45,"key":"SMITH"},{"floor":49,"key":"REST"}],"neow_cost":"NONE","seed_source_timestamp":367399778486447,"circlet_count":0,"master_deck":["AscendersBane","Defend_G","Defend_G","Defend_G","Defend_G","Defend_G","Strike_G","Strike_G","Strike_G","Strike_G","Strike_G","Survivor","Neutralize","Cloak And Dagger+1","Well Laid Plans+1","Endless Agony","Underhanded Strike","Noxious Fumes","Crippling Poison","Crippling Poison","Calculated Gamble","Blade Dance+1","After Image+1","PiercingWail","Heel Hook","Terror","Dagger Throw","Prepared","Cloak And Dagger","Shame","Cloak And Dagger","Burst+1","Burst","PiercingWail","Endless Agony","Backflip","Heel Hook","Noxious Fumes","Backflip","Escape Plan"],"special_seed":0,"relics":["Ring of the Snake","NeowsBlessing","FaceOfCleric","Blood Vial","Anchor","Shuriken","Cursed Key","Letter Opener","Centennial Puzzle","Snake Skull","Sozu","Meat on the Bone","Sundial","MawBank"],"potions_floor_usage":[10,21,23,29,31,31],"damage_taken":[{"damage":0.0,"enemies":"Cultist","floor":1.0,"turns":1.0},{"damage":0.0,"enemies":"2 Louse","floor":2.0,"turns":1.0},{"damage":0.0,"enemies":"Small Slimes","floor":5.0,"turns":1.0},{"damage":9.0,"enemies":"3 Sentries","floor":6.0,"turns":9.0},{"damage":16,"enemies":"Exordium Thugs","floor":8,"turns":7},{"damage":18,"enemies":"Gremlin Nob","floor":10,"turns":4},{"damage":0,"enemies":"Gremlin Gang","floor":11,"turns":3},{"damage":0,"enemies":"Looter","floor":13,"turns":3},{"damage":26,"enemies":"Slime Boss","floor":16,"turns":9},{"damage":17,"enemies":"Chosen","floor":18,"turns":6},{"damage":1,"enemies":"Shell Parasite","floor":19,"turns":5},{"damage":28,"enemies":"Sentry and Sphere","floor":21,"turns":7},{"damage":0,"enemies":"Centurion and Healer","floor":22,"turns":6},{"damage":5,"enemies":"Book of Stabbing","floor":23,"turns":5},{"damage":13,"enemies":"Cultist and Chosen","floor":25,"turns":5},{"damage":9,"enemies":"Snake Plant","floor":28,"turns":4},{"damage":8,"enemies":"Centurion and Healer","floor":29,"turns":3},{"damage":9,"enemies":"Chosen and Byrds","floor":31,"turns":4},{"damage":36,"enemies":"Champ","floor":33,"turns":10},{"damage":8,"enemies":"3 Darklings","floor":35,"turns":5},{"damage":0,"enemies":"3 Shapes","floor":37,"turns":6},{"damage":36,"enemies":"Transient","floor":39,"turns":6},{"damage":31,"enemies":"Reptomancer","floor":40,"turns":6},{"damage":1,"enemies":"4 Shapes","floor":42,"turns":4},{"damage":28,"enemies":"Writhing Mass","floor":46,"turns":5},{"damage":3,"enemies":"Sphere and 2 Shapes","floor":47,"turns":4},{"damage":0,"enemies":"3 Darklings","floor":48,"turns":4},{"damage":66,"enemies":"Donu and Deca","floor":50,"turns":10}],"seed_played":"-1622762807722465273","potions_obtained":[{"floor":1.0,"key":"AttackPotion"},{"floor":2.0,"key":"Fire Potion"},{"floor":6.0,"key":"SteroidPotion"},{"floor":19,"key":"GamblersBrew"},{"floor":21,"key":"Ancient Potion"},{"floor":25,"key":"Poison Potion"},{"floor":29,"key":"FearPotion"}],"is_trial":false,"path_per_floor":["M","M","$","?","M","E","R","M","T","E","M","$","M","?","R","B",null,"M","M","?","M","M","E","R","M","T","$","M","M","R","M","R","B",null,"M","?","M","$","M","E","R","M","T","$","R","M","M","M","R","B",null],"character_chosen":"THE_SILENT","items_purchased":["Well Laid Plans","Endless Agony","GhostInAJar","Snake Skull","Noxious Fumes"],"campfire_rested":4,"item_purchase_floors":[3,3,12,27,44],"current_hp_per_floor":[59,59,59,59,60,52,52,39,39,24,27,27,30,30,30,7,57,43,45,45,20,23,21,44,34,34,34,28,23,47,41,41,8,64,59,59,62,62,41,25,51,53,53,53,53,40,52,55,82,31],"gold":86,"neow_bonus":"THREE_ENEMY_KILL","is_prod":false,"is_daily":false,"chose_seed":false,"campfire_upgraded":4,"win_rate":0,"timestamp":1558918058,"path_taken":["M","?","$","?","M","E","R","M","T","E","M","$","?","?","R","BOSS","M","M","?","M","M","E","R","M","T","$","M","M","R","M","R","BOSS","M","?","M","$","M","E","R","M","T","$","R","M","M","?","R","BOSS"],"build_version":"2019-01-23","purchased_purges":1,"victory":true,"max_hp_per_floor":[66,66,66,66,67,68,68,69,69,70,71,71,72,72,72,73,73,74,75,75,76,77,78,78,79,79,79,80,81,81,82,82,83,83,84,84,85,85,86,87,87,88,88,88,88,89,90,91,91,92],"card_choices":[{"not_picked":["Catalyst","Acrobatics"],"picked":"Cloak And Dagger","floor":1.0},{"not_picked":["Dodge and Roll","Calculated Gamble"],"picked":"Underhanded Strike","floor":5.0},{"not_picked":["Deflect","Bane"],"picked":"Noxious Fumes","floor":6.0},{"not_picked":["Endless Agony","Bouncing Flask"],"picked":"Crippling Poison","floor":8},{"not_picked":["Reflex","Sucker Punch"],"picked":"Crippling Poison","floor":10},{"not_picked":["All Out Attack","Acrobatics"],"picked":"Calculated Gamble","floor":11},{"not_picked":["Backflip","Outmaneuver"],"picked":"Blade Dance","floor":13},{"not_picked":["Bullet Time","Storm of Steel"],"picked":"After Image","floor":16},{"not_picked":["Quick Slash","Deadly Poison"],"picked":"PiercingWail","floor":18},{"not_picked":["Crippling Poison+1","Venomology"],"picked":"Heel Hook","floor":19},{"not_picked":["Blur","Sucker Punch"],"picked":"Terror","floor":21},{"not_picked":["Well Laid Plans","Outmaneuver"],"picked":"Dagger Throw","floor":22},{"not_picked":["Sucker Punch","Flying Knee"],"picked":"Prepared","floor":23},{"not_picked":["Backflip","Crippling Poison"],"picked":"Cloak And Dagger","floor":25},{"not_picked":["Skewer","Quick Slash"],"picked":"Cloak And Dagger","floor":28},{"not_picked":["Accuracy+1","Sucker Punch"],"picked":"Burst","floor":29},{"not_picked":["Night Terror","Doppelganger"],"picked":"Burst","floor":33},{"not_picked":["Predator+1","Outmaneuver+1"],"picked":"PiercingWail","floor":35},{"not_picked":["Underhanded Strike","Slice"],"picked":"Endless Agony","floor":37},{"not_picked":["Concentrate","Eviscerate"],"picked":"Backflip","floor":39},{"not_picked":["Underhanded Strike","Prepared"],"picked":"Heel Hook","floor":40},{"not_picked":["Underhanded Strike+1","Masterful Stab"],"picked":"Backflip","floor":46},{"not_picked":["Doppelganger","Terror+1"],"picked":"Escape Plan","floor":47}],"player_experience":959574,"relics_obtained":[{"floor":6.0,"key":"Blood Vial"},{"floor":9,"key":"Anchor"},{"floor":10,"key":"Shuriken"},{"floor":23,"key":"Letter Opener"},{"floor":26,"key":"Centennial Puzzle"},{"floor":40,"key":"Sundial"},{"floor":43,"key":"MawBank"}],"event_choices":[{"damage_healed":0.0,"max_hp_gain":0.0,"max_hp_loss":0.0,"gold_gain":0.0,"event_name":"FaceTrader","player_choice":"Trade","floor":4.0,"gold_loss":0.0,"damage_taken":0.0,"relics_obtained":["FaceOfCleric"]},{"damage_healed":0,"gold_gain":0,"player_choice":"Forge","damage_taken":0,"max_hp_gain":0,"max_hp_loss":0,"event_name":"Accursed Blacksmith","floor":14,"gold_loss":0,"cards_upgraded":["Blade Dance"]},{"damage_healed":0,"gold_gain":0,"player_choice":"Bet on Murderer","damage_taken":0,"max_hp_gain":0,"max_hp_loss":0,"event_name":"The Joust","floor":20,"gold_loss":50},{"damage_healed":0,"gold_gain":0,"player_choice":"Paid Gold","damage_taken":0,"relics_obtained":["Meat on the Bone"],"max_hp_gain":0,"max_hp_loss":0,"event_name":"WeMeetAgain","floor":36,"gold_loss":82}],"is_beta":false,"boss_relics":[{"not_picked":["Orrery","Ectoplasm"],"picked":"Cursed Key"},{"not_picked":["Calling Bell","Ring of the Serpent"],"picked":"Sozu"}],"items_purged_floors":[44],"is_endless":false,"potions_floor_spawned":[1,2,6,19,21,25,29,35,37,46,47],"ascension_level":19}