{"path_per_floor":["M","M","M","M","M","E","?","?","T","R","?","M","M","$","R","B",null,"M","?","M","M","M","R","M","R","T","?","M","?"],"character_chosen":"THE_SILENT","items_purchased":["Apotheosis"],"gold_per_floor":[114,131,143,155,125,158,158,158,183,183,183,198,219,35,35,164,164,180,180,198,219,234,234,258,258,310,310,330,330,330],"floor_reached":30,"campfire_rested":4,"playtime":2739,"current_hp_per_floor":[70,59,56,38,33,22,22,39,39,60,60,40,40,40,61,41,70,46,69,64,56,4,25,22,43,43,43,28,28,12],"items_purged":[],"gold":330,"score":246,"play_id":"6a3bb3bf-32e1-4f5b-a4bc-fa7c5a32dfb0","local_time":"20180328224701","is_prod":false,"is_daily":false,"is_ascension_mode":true,"campfire_upgraded":0,"timestamp":1522270021,"path_taken":["M","M","M","M","M","E","?","?","T","R","?","M","M","?","R","BOSS","M","?","M","M","M","R","M","R","T","?","M","?","E"],"build_version":"2018-03-22v2","purchased_purges":0,"victory":false,"master_deck":["Defend_G","Defend_G","Defend_G","Defend_G","Defend_G","Strike_G","Strike_G","Strike_G","Strike_G","Strike_G","Survivor","Neutralize","Malaise","Bouncing Flask","Distraction","Parasite","Bane","Noxious Fumes","Apotheosis","Venomology","Bouncing Flask+1"],"max_hp_per_floor":[70,70,70,70,70,70,70,70,70,70,70,70,70,70,70,70,70,70,70,70,70,70,70,70,70,70,70,70,70,70],"relics":["Question Card","Lantern","Bloody Idol","Juzu Bracelet","Lizard Tail","Orichalcum"],"card_choices":[{"not_picked":["Flying Knee","Prepared","Dagger Spray"],"picked":"Malaise","floor":1},{"not_picked":["Riddle With Holes","Poisoned Stab","Backflip"],"picked":"Bouncing Flask","floor":5},{"not_picked":["Tactician","PiercingWail","Concentrate"],"picked":"Distraction","floor":6},{"not_picked":["Deflect","Concentrate","Skewer"],"picked":"Bane","floor":12},{"not_picked":["Malaise","Flechettes","Choke"],"picked":"Noxious Fumes","floor":13},{"not_picked":["Phantasmal Killer","Envenom","Die Die Die"],"picked":"Venomology","floor":16},{"not_picked":["Dagger Throw","Outmaneuver","Deflect"],"picked":"Bouncing Flask","floor":24}],"player_experience":274084,"potions_floor_usage":[6,16,16,18,18,20,21,21,22,24,28,28],"damage_taken":[{"damage":0,"enemies":"2 Louse","floor":1,"turns":3},{"damage":11,"enemies":"Small Slimes","floor":2,"turns":4},{"damage":3,"enemies":"Cultist","floor":3,"turns":5},{"damage":18,"enemies":"Exordium Thugs","floor":4,"turns":8},{"damage":5,"enemies":"Looter","floor":5,"turns":4},{"damage":11,"enemies":"Lagavulin","floor":6,"turns":7},{"damage":20,"enemies":"3 Louse","floor":12,"turns":4},{"damage":0,"enemies":"2 Fungi Beasts","floor":13,"turns":3},{"damage":20,"enemies":"Hexaghost","floor":16,"turns":10},{"damage":24,"enemies":"2 Thieves","floor":18,"turns":5},{"damage":5,"enemies":"3 Byrds","floor":20,"turns":5},{"damage":8,"enemies":"Centurion and Healer","floor":21,"turns":9},{"damage":52,"enemies":"3 Cultists","floor":22,"turns":6},{"damage":3,"enemies":"Snake Plant","floor":24,"turns":6},{"damage":20,"enemies":"Chosen and Byrds","floor":28,"turns":5},{"damage":16,"enemies":"Book of Stabbing","floor":30,"turns":3}],"event_choices":[{"event_name":"Golden Idol","player_choice":"Take Wound","floor":7,"damage_taken":0},{"event_name":"Mushrooms","player_choice":"Healed and dodged fight","floor":8,"damage_taken":0},{"event_name":"Living Wall","player_choice":"Forget","floor":11,"damage_taken":0},{"event_name":"The Library","player_choice":"Heal","floor":19,"damage_taken":0},{"event_name":"Forgotten Altar","player_choice":"Gave Idol","floor":27,"damage_taken":0},{"event_name":"Vampires","player_choice":"Ignored","floor":29,"damage_taken":0}],"boss_relics":[{"not_picked":["White Beast Statue","Runic Pyramid"],"picked":"Lizard Tail"}],"potions_floor_spawned":[2,3,4,12,13,16,18,21,24,28],"seed_played":"-3703917407385827104","killed_by":"Book of Stabbing","ascension_level":1,"is_trial":false}