{"gold_per_floor":[118,118,118,118,118,459,473,473],"floor_reached":8,"playtime":98,"items_purged":[],"score":158,"play_id":"a2c4281f-6692-4151-883a-2d2b7154672d","local_time":"20190612133309","is_ascension_mode":true,"campfire_choices":[],"neow_cost":"NONE","seed_source_timestamp":344916417626700,"circlet_count":0,"master_deck":["AscendersBane","Strike_B","Strike_B","Strike_B","Strike_B+1","Defend_B","Defend_B","Defend_B","Defend_B","Zap+1","Dualcast","Darkness"],"relics":["Cracked Core","NeowsBlessing","Anchor","Golden Idol","Old Coin"],"potions_floor_usage":[8,8],"damage_taken":[{"damage":0,"enemies":"Cultist","floor":1,"turns":1},{"damage":0,"enemies":"Lagavulin","floor":6,"turns":1},{"damage":0,"enemies":"2 Louse","floor":7,"turns":1},{"damage":15,"enemies":"3 Sentries","floor":8,"turns":4}],"seed_played":"6970691516517679825","potions_obtained":[{"floor":5,"key":"SkillPotion"},{"floor":5,"key":"EntropicBrew"},{"floor":6,"key":"Block Potion"}],"is_trial":false,"path_per_floor":["M","?","?","?","?","E","M","E"],"character_chosen":"DEFECT","items_purchased":[],"campfire_rested":0,"item_purchase_floors":[],"current_hp_per_floor":[64,53,29,8,8,8,8,0],"gold":473,"neow_bonus":"THREE_ENEMY_KILL","is_prod":false,"is_daily":false,"chose_seed":false,"campfire_upgraded":0,"win_rate":0,"timestamp":1560313989,"path_taken":["M","?","?","?","?","E","?","E"],"build_version":"2019-01-23","purchased_purges":0,"victory":false,"max_hp_per_floor":[71,71,71,71,71,71,71,71],"card_choices":[{"not_picked":["Rebound","Gash","Leap"],"picked":"SKIP","floor":1},{"not_picked":["Skim","Doom and Gloom","Go for the Eyes"],"picked":"SKIP","floor":6},{"not_picked":["Hello World","Streamline"],"picked":"Darkness","floor":7}],"player_experience":603400,"relics_obtained":[{"floor":6,"key":"Old Coin"}],"event_choices":[{"damage_healed":0,"gold_gain":0,"player_choice":"Success","damage_taken":11,"relics_obtained":["Anchor"],"max_hp_gain":0,"max_hp_loss":0,"event_name":"Scrap Ooze","floor":2,"gold_loss":0},{"damage_healed":0,"gold_gain":0,"player_choice":"Take Damage","damage_taken":24,"relics_obtained":["Golden Idol"],"max_hp_gain":0,"max_hp_loss":0,"event_name":"Golden Idol","floor":3,"gold_loss":0},{"damage_healed":0,"gold_gain":0,"player_choice":"Entered Light","damage_taken":21,"max_hp_gain":0,"max_hp_loss":0,"event_name":"Shining Light","floor":4,"gold_loss":0,"cards_upgraded":["Strike_B","Zap"]},{"damage_healed":0,"gold_gain":0,"player_choice":"Got Potions","damage_taken":0,"max_hp_gain":0,"max_hp_loss":0,"event_name":"Lab","floor":5,"gold_loss":0}],"is_beta":false,"boss_relics":[],"items_purged_floors":[],"is_endless":false,"potions_floor_spawned":[6],"killed_by":"3 Sentries","ascension_level":20}