{"gold_per_floor":[115,115,133,151,170,170,245,245,269,297,297,313,20,30,30,104,104,121,138,63,63,63,88,88,120,120,133,161,161,180,214,214,288,288,301,301,314,139,0,0,31,46,46,46,46,61,96,15,15,15,15,15,15,15,42,42],"floor_reached":56,"playtime":1503,"items_purged":["Strike_R","Strike_R"],"score":2266,"play_id":"a7f1a7ff-46e8-4922-8dbb-7df1b25bd005","local_time":"20190616102509","is_ascension_mode":true,"campfire_choices":[{"data":"Bludgeon","floor":6.0,"key":"SMITH"},{"data":"Whirlwind","floor":8.0,"key":"SMITH"},{"floor":11.0,"key":"REST"},{"data":"Bash","floor":15.0,"key":"SMITH"},{"data":"Offering","floor":24.0,"key":"SMITH"},{"data":"Flame Barrier","floor":29.0,"key":"SMITH"},{"data":"True Grit","floor":32.0,"key":"SMITH"},{"data":"Juggernaut","floor":40.0,"key":"SMITH"},{"floor":44.0,"key":"RECALL"},{"data":"Whirlwind","floor":49.0,"key":"SMITH"},{"data":"Evolve","floor":53.0,"key":"SMITH"}],"neow_cost":"PERCENT_DAMAGE","seed_source_timestamp":156736175487200,"circlet_count":0,"master_deck":["AscendersBane","Defend_R","Defend_R+1","Defend_R+1","Defend_R","Bash+1","Bludgeon+1","Whirlwind+1","Combust","Pommel Strike","Flame Barrier+1","Battle Trance","Offering+1","Necronomicurse","Ghostly Armor+1","True Grit+1","Reaper","Barricade","Juggernaut+1","Evolve+1","Shrug It Off+1","Whirlwind+1"],"special_seed":0,"relics":["Burning Blood","Lantern","Anchor","Chemical X","Runic Dome","Necronomicon","Boot","War Paint","Blood Vial","Centennial Puzzle","Incense Burner","Snecko Eye","Red Mask","Bottled Tornado","Sundial","Strawberry"],"potions_floor_usage":[56,56],"damage_taken":[{"damage":12.0,"enemies":"Small Slimes","floor":1.0,"turns":4.0},{"damage":12.0,"enemies":"Jaw Worm","floor":3.0,"turns":2.0},{"damage":7.0,"enemies":"2 Louse","floor":4.0,"turns":2.0},{"damage":7.0,"enemies":"Looter","floor":5.0,"turns":4.0},{"damage":9.0,"enemies":"Gremlin Nob","floor":10.0,"turns":3.0},{"damage":2.0,"enemies":"Exordium Wildlife","floor":12.0,"turns":2.0},{"damage":0.0,"enemies":"Exordium Thugs","floor":14.0,"turns":2.0},{"damage":36.0,"enemies":"Hexaghost","floor":16.0,"turns":5.0},{"damage":0.0,"enemies":"3 Byrds","floor":18.0,"turns":1.0},{"damage":9.0,"enemies":"Shell Parasite","floor":19.0,"turns":3.0},{"damage":0.0,"enemies":"Slavers","floor":23.0,"turns":1.0},{"damage":0.0,"enemies":"Book of Stabbing","floor":25.0,"turns":2.0},{"damage":6.0,"enemies":"Centurion and Healer","floor":27.0,"turns":3.0},{"damage":0.0,"enemies":"Gremlin Leader","floor":28.0,"turns":2.0},{"damage":0.0,"enemies":"Chosen and Byrds","floor":30.0,"turns":1.0},{"damage":0.0,"enemies":"Slavers","floor":31.0,"turns":1.0},{"damage":36.0,"enemies":"Champ","floor":33.0,"turns":7.0},{"damage":0.0,"enemies":"Orb Walker","floor":35.0,"turns":3.0},{"damage":0.0,"enemies":"3 Darklings","floor":37.0,"turns":1.0},{"damage":24.0,"enemies":"Giant Head","floor":41.0,"turns":6.0},{"damage":0.0,"enemies":"Sphere and 2 Shapes","floor":42.0,"turns":1.0},{"damage":6.0,"enemies":"4 Shapes","floor":46.0,"turns":2.0},{"damage":6.0,"enemies":"Nemesis","floor":47.0,"turns":3.0},{"damage":9.0,"enemies":"Awakened One","floor":50.0,"turns":10.0},{"damage":10.0,"enemies":"Donu and Deca","floor":51.0,"turns":7.0},{"damage":0.0,"enemies":"Shield and Spear","floor":55.0,"turns":6.0},{"damage":126,"enemies":"The Heart","floor":56,"turns":6}],"seed_played":"6885791879463668881","potions_obtained":[{"floor":1.0,"key":"SkillPotion"},{"floor":4.0,"key":"Fire Potion"},{"floor":14.0,"key":"BloodPotion"},{"floor":18.0,"key":"SkillPotion"},{"floor":19.0,"key":"Strength Potion"},{"floor":31.0,"key":"Dexterity Potion"}],"is_trial":false,"path_per_floor":["M","?","M","M","M","R","?","R","T","E","R","M","$","M","R","B",null,"M","M","?","?","?","E","R","E","T","M","E","R","M","E","R","B",null,"M","?","M","$","?","R","E","M","T","R","?","M","E","$","R","B","B",null,"R","$","E","B"],"character_chosen":"IRONCLAD","items_purchased":["Chemical X","Evolve","Whirlwind"],"campfire_rested":1,"item_purchase_floors":[13,38,48],"current_hp_per_floor":[44,44,38,37,36,36,25,25,25,22,44,48,48,54,54,31,64,70,67,67,67,46,52,52,58,58,63,71,71,78,78,78,58,73,81,81,81,81,81,81,73,81,81,81,81,84,84,84,84,84,80,83,83,83,91,0],"gold":42,"neow_bonus":"THREE_RARE_CARDS","is_prod":false,"is_daily":false,"chose_seed":false,"campfire_upgraded":9,"win_rate":0,"timestamp":1560648309,"path_taken":["M","?","M","M","M","R","?","R","T","E","R","?","$","M","R","BOSS","M","M","?","?","?","E","R","E","T","?","E","R","M","E","R","BOSS","M","?","?","?","?","R","E","M","T","R","?","M","E","?","R","BOSS","BOSS","R","$","E","BOSS"],"build_version":"2019-01-23","purchased_purges":2,"victory":false,"max_hp_per_floor":[75,75,75,75,75,75,75,75,75,75,75,75,75,75,75,75,75,75,75,75,75,75,75,75,75,75,78,78,78,78,78,78,78,78,81,81,81,81,81,81,84,84,84,84,84,84,84,84,84,84,84,84,84,84,91,91],"card_choices":[{"not_picked":["Barricade","Double Tap"],"picked":"Bludgeon","floor":0.0},{"not_picked":["Headbutt","Shrug It Off"],"picked":"Whirlwind","floor":1.0},{"not_picked":["Thunderclap","Perfected Strike","Rupture"],"picked":"SKIP","floor":3.0},{"not_picked":["Clash","Pommel Strike","Iron Wave"],"picked":"SKIP","floor":4.0},{"not_picked":["Clash","Iron Wave"],"picked":"Pommel Strike","floor":4.0},{"not_picked":["Cleave","Burning Pact"],"picked":"Flame Barrier","floor":5.0},{"not_picked":["Headbutt","Perfected Strike"],"picked":"Battle Trance","floor":10.0},{"not_picked":["Reckless Charge","Iron Wave","Infernal Blade"],"picked":"SKIP","floor":12.0},{"not_picked":["Body Slam","Clash","Iron Wave"],"picked":"SKIP","floor":14.0},{"not_picked":["Double Tap","Berserk"],"picked":"Offering","floor":16.0},{"not_picked":["Iron Wave","Wild Strike","Armaments"],"picked":"SKIP","floor":18.0},{"not_picked":["Sentinel","Carnage","Cleave"],"picked":"SKIP","floor":19.0},{"not_picked":["Havoc","Headbutt"],"picked":"Feed","floor":23.0},{"not_picked":["Rage","Combust","Armaments"],"picked":"SKIP","floor":25.0},{"not_picked":["Pommel Strike+1","Heavy Blade","Rage"],"picked":"SKIP","floor":27.0},{"not_picked":["True Grit","Havoc"],"picked":"Ghostly Armor+1","floor":28.0},{"not_picked":["Sentinel","Heavy Blade"],"picked":"True Grit","floor":30.0},{"not_picked":["Thunderclap","Clash"],"picked":"Reaper","floor":31.0},{"not_picked":["Immolate","Limit Break"],"picked":"Barricade","floor":33.0},{"not_picked":["Twin Strike","Iron Wave","Sword Boomerang"],"picked":"SKIP","floor":35.0},{"not_picked":["True Grit","Warcry","Sentinel"],"picked":"SKIP","floor":37.0},{"not_picked":["Sentinel","Immolate","Sever Soul"],"picked":"SKIP","floor":41.0},{"not_picked":["Anger","Reckless Charge"],"picked":"Shrug It Off+1","floor":42.0},{"not_picked":["Flex","Havoc+1","True Grit"],"picked":"SKIP","floor":46.0},{"not_picked":["Searing Blow","Warcry+1","Immolate"],"picked":"SKIP","floor":47.0},{"not_picked":["Hemokinesis+1","Perfected Strike+1","Flex"],"picked":"SKIP","floor":55.0}],"player_experience":688860,"relics_obtained":[{"floor":9.0,"key":"Lantern"},{"floor":10.0,"key":"Anchor"},{"floor":22.0,"key":"Necronomicon"},{"floor":23.0,"key":"Boot"},{"floor":25.0,"key":"War Paint"},{"floor":26.0,"key":"Blood Vial"},{"floor":28.0,"key":"Centennial Puzzle"},{"floor":31.0,"key":"Incense Burner"},{"floor":41.0,"key":"Bottled Tornado"},{"floor":47.0,"key":"Sundial"},{"floor":55.0,"key":"Strawberry"}],"event_choices":[{"damage_healed":0.0,"max_hp_gain":0.0,"max_hp_loss":0.0,"gold_gain":0.0,"cards_transformed":["Strike_R"],"event_name":"Living Wall","player_choice":"Change","floor":2.0,"gold_loss":0.0,"damage_taken":0.0,"cards_obtained":["Combust"]},{"damage_healed":0.0,"max_hp_gain":0.0,"max_hp_loss":0.0,"gold_gain":75.0,"event_name":"World of Goop","player_choice":"Gather Gold","floor":7.0,"gold_loss":0.0,"damage_taken":11.0},{"cards_removed":["Strike_R"],"damage_healed":0.0,"max_hp_gain":0.0,"max_hp_loss":0.0,"gold_gain":0.0,"event_name":"Beggar","player_choice":"Gave Gold","floor":20.0,"gold_loss":75.0,"damage_taken":0.0},{"damage_healed":0.0,"max_hp_gain":0.0,"max_hp_loss":0.0,"gold_gain":0.0,"event_name":"The Mausoleum","player_choice":"Ignored","floor":21.0,"gold_loss":0.0,"damage_taken":0.0},{"damage_healed":0.0,"max_hp_gain":0.0,"max_hp_loss":0.0,"gold_gain":0.0,"event_name":"Cursed Tome","player_choice":"Obtained Book","floor":22.0,"gold_loss":0.0,"damage_taken":21.0},{"damage_healed":0.0,"max_hp_gain":0.0,"max_hp_loss":0.0,"gold_gain":0.0,"cards_transformed":["Strike_R"],"event_name":"Transmorgrifier","player_choice":"Transformed","floor":36.0,"gold_loss":0.0,"damage_taken":0.0,"cards_obtained":["Juggernaut"]},{"damage_healed":0.0,"max_hp_gain":0.0,"max_hp_loss":0.0,"gold_gain":0.0,"event_name":"Tomb of Lord Red Mask","player_choice":"Paid","floor":39.0,"gold_loss":139.0,"damage_taken":0.0,"relics_obtained":["Red Mask"]},{"cards_removed":["Feed"],"damage_healed":0.0,"max_hp_gain":0.0,"max_hp_loss":0.0,"gold_gain":0.0,"event_name":"Falling","player_choice":"Removed Attack","floor":45.0,"gold_loss":0.0,"damage_taken":0.0}],"is_beta":false,"boss_relics":[{"not_picked":["Ectoplasm","Calling Bell"],"picked":"Runic Dome"},{"not_picked":["Cursed Key","Black Star"],"picked":"Snecko Eye"}],"items_purged_floors":[13,38],"is_endless":false,"potions_floor_spawned":[1,4,5,14,18,19,27,31,41,46,47,55],"killed_by":"The Heart","ascension_level":20}