{"gold_per_floor":[114,128,128,140,140,169,169,197,197,210,43,43,43,62,62,62],"floor_reached":16,"playtime":1210,"items_purged":[],"score":198,"play_id":"89858d0b-2311-4588-b1d7-2ef29f937a6c","local_time":"20190514152519","is_ascension_mode":true,"campfire_choices":[{"floor":7,"key":"REST"},{"data":"Blade Dance","floor":13,"key":"SMITH"},{"data":"Sucker Punch","floor":15,"key":"SMITH"}],"neow_cost":"NONE","seed_source_timestamp":188722137026676,"circlet_count":0,"master_deck":["AscendersBane","Defend_G","Defend_G","Defend_G","Defend_G","Defend_G","Strike_G","Strike_G","Strike_G","Survivor","Neutralize","Flechettes","Sucker Punch+1","Quick Slash","Slice","Blade Dance+1"],"relics":["Ring of the Snake","Ornamental Fan","Incense Burner","Gambling Chip","Oddly Smooth Stone","Sundial"],"potions_floor_usage":[6,6,10,16,16],"damage_taken":[{"damage":0,"enemies":"2 Louse","floor":1,"turns":4},{"damage":3,"enemies":"Jaw Worm","floor":2,"turns":5},{"damage":0,"enemies":"Cultist","floor":4,"turns":4},{"damage":29,"enemies":"Lagavulin","floor":6,"turns":9},{"damage":13,"enemies":"3 Sentries","floor":8,"turns":10},{"damage":5,"enemies":"Red Slaver","floor":10,"turns":5},{"damage":5,"enemies":"Blue Slaver","floor":14,"turns":3},{"damage":13,"enemies":"Slime Boss","floor":16,"turns":9}],"seed_played":"-3148191304139799357","potions_obtained":[{"floor":0,"key":"Dexterity Potion"},{"floor":0,"key":"AttackPotion"},{"floor":8,"key":"Weak Potion"},{"floor":10,"key":"Block Potion"},{"floor":14,"key":"FearPotion"}],"is_trial":false,"path_per_floor":["M","M","?","M","?","E","R","E","T","M","$","T","R","M","R","B"],"character_chosen":"THE_SILENT","items_purchased":["Oddly Smooth Stone"],"campfire_rested":1,"item_purchase_floors":[11],"current_hp_per_floor":[59,56,56,56,56,27,46,33,33,28,28,28,28,23,23,10],"gold":62,"neow_bonus":"THREE_SMALL_POTIONS","is_prod":false,"is_daily":false,"chose_seed":false,"campfire_upgraded":2,"win_rate":0,"timestamp":1557840319,"path_taken":["M","M","?","M","?","E","R","E","T","?","$","?","R","?","R","BOSS"],"build_version":"2019-01-23","purchased_purges":0,"victory":false,"max_hp_per_floor":[66,66,66,66,66,66,66,66,66,66,66,66,66,66,66,66],"card_choices":[{"not_picked":["Blade Dance","Leg Sweep"],"picked":"Sucker Punch","floor":4},{"not_picked":["Deadly Poison","Finisher"],"picked":"Quick Slash","floor":6},{"not_picked":["PiercingWail","Calculated Gamble"],"picked":"Slice","floor":8},{"not_picked":["Phantasmal Killer","Dagger Spray"],"picked":"Blade Dance","floor":10}],"player_experience":868547,"relics_obtained":[{"floor":6,"key":"Ornamental Fan"},{"floor":8,"key":"Incense Burner"},{"floor":9,"key":"Gambling Chip"},{"floor":12,"key":"Sundial"}],"event_choices":[{"damage_healed":0,"gold_gain":0,"cards_transformed":["Strike_G"],"player_choice":"Change","damage_taken":0,"max_hp_gain":0,"max_hp_loss":0,"event_name":"Living Wall","floor":3,"gold_loss":0,"cards_obtained":["Flechettes"]},{"cards_removed":["Strike_G"],"damage_healed":0,"gold_gain":0,"player_choice":"Purged","damage_taken":0,"max_hp_gain":0,"max_hp_loss":0,"event_name":"Purifier","floor":5,"gold_loss":0}],"is_beta":false,"boss_relics":[],"items_purged_floors":[],"is_endless":false,"potions_floor_spawned":[8,10,14],"killed_by":"Slime Boss","ascension_level":16}