{"gold_per_floor":[366,366,387,406,331,331,406,426,726,750,750,750,800,43,43,43],"floor_reached":16,"playtime":244,"items_purged":[],"score":180,"play_id":"58b2a5ce-fa2a-49c0-b12d-9f7c49172770","local_time":"20190713192008","is_ascension_mode":true,"campfire_choices":[{"data":"Sunder","floor":6.0,"key":"SMITH"},{"floor":12,"key":"REST"},{"floor":15,"key":"REST"}],"neow_cost":"PERCENT_DAMAGE","seed_source_timestamp":63594224758700,"circlet_count":0,"master_deck":["AscendersBane","Strike_B","Strike_B","Strike_B","Defend_B","Defend_B","Defend_B","Defend_B","Zap","Dualcast","Loop","Sunder+1","Melter","Ball Lightning","Defragment"],"special_seed":0,"relics":["Cracked Core","Golden Idol","Old Coin","Juzu Bracelet","Ancient Tea Set","Darkstone Periapt","Toolbox"],"potions_floor_usage":[],"damage_taken":[{"damage":20.0,"enemies":"Small Slimes","floor":1.0,"turns":3.0},{"damage":8.0,"enemies":"2 Louse","floor":3.0,"turns":3.0},{"damage":2.0,"enemies":"Jaw Worm","floor":4.0,"turns":4.0},{"damage":1.0,"enemies":"2 Fungi Beasts","floor":8.0,"turns":2.0},{"damage":0.0,"enemies":"Blue Slaver","floor":10.0,"turns":2.0},{"damage":0,"enemies":"Slime Boss","floor":16,"turns":1}],"seed_played":"5835049144879725401","potions_obtained":[{"floor":1.0,"key":"Energy Potion"}],"is_trial":false,"path_per_floor":["M","?","M","M","?","R","?","M","T","M","?","R","T","$","R","B"],"character_chosen":"DEFECT","items_purchased":["Defragment","Ancient Tea Set","Darkstone Periapt","Toolbox"],"campfire_rested":2,"item_purchase_floors":[14,14,14,14],"current_hp_per_floor":[26,26,18,16,16,16,5,4,4,4,4,23,23,23,42,42],"gold":43,"neow_bonus":"TWO_FIFTY_GOLD","is_prod":false,"is_daily":false,"chose_seed":false,"campfire_upgraded":1,"win_rate":0,"timestamp":1563013208,"path_taken":["M","?","M","M","?","R","?","M","T","?","?","R","?","$","R","BOSS"],"build_version":"2019-07-05","purchased_purges":0,"victory":false,"max_hp_per_floor":[71,64,64,64,64,64,64,64,64,64,64,64,64,64,64,64],"card_choices":[{"not_picked":["Leap","Go for the Eyes"],"picked":"Loop","floor":1.0},{"not_picked":["Leap","Scrape","Barrage"],"picked":"SKIP","floor":3.0},{"not_picked":["Turbo","Redo"],"picked":"Sunder","floor":4.0},{"not_picked":["Streamline","All For One"],"picked":"Melter","floor":8.0},{"not_picked":["Leap","Streamline"],"picked":"Ball Lightning","floor":10.0}],"player_experience":1010294,"relics_obtained":[{"floor":9.0,"key":"Old Coin"},{"floor":13,"key":"Juzu Bracelet"}],"event_choices":[{"damage_healed":0.0,"max_hp_gain":0.0,"max_hp_loss":7.0,"gold_gain":0.0,"event_name":"Golden Idol","player_choice":"Lose Max HP","floor":2.0,"gold_loss":0.0,"damage_taken":0.0,"relics_obtained":["Golden Idol"]},{"cards_removed":["Strike_B"],"damage_healed":0.0,"max_hp_gain":0.0,"max_hp_loss":0.0,"gold_gain":0.0,"event_name":"The Cleric","player_choice":"Card Removal","floor":5.0,"gold_loss":75.0,"damage_taken":0.0},{"damage_healed":0.0,"max_hp_gain":0.0,"max_hp_loss":0.0,"gold_gain":75.0,"event_name":"World of Goop","player_choice":"Gather Gold","floor":7.0,"gold_loss":0.0,"damage_taken":11.0},{"damage_healed":0,"gold_gain":0,"player_choice":"Searched \u00270\u0027 times","damage_taken":0,"max_hp_gain":0,"max_hp_loss":0,"event_name":"Dead Adventurer","floor":11,"gold_loss":0}],"is_beta":false,"boss_relics":[],"items_purged_floors":[],"is_endless":false,"potions_floor_spawned":[1],"killed_by":"Slime Boss","ascension_level":20}