{"gold_per_floor":[365,365,540,553,564,564,593,593,593,593,608,184,184,201,201,302,302,316,328,43,43],"floor_reached":21,"playtime":1268,"items_purged":["Doubt"],"score":294,"play_id":"3fb9331f-d432-4a89-b720-40fff1514697","local_time":"20190624185506","is_ascension_mode":true,"campfire_choices":[{"floor":6,"key":"REST"},{"floor":8,"key":"REST"},{"floor":10,"key":"REST"},{"floor":15,"key":"REST"}],"neow_cost":"TEN_PERCENT_HP_LOSS","seed_source_timestamp":950155902703800,"circlet_count":0,"master_deck":["AscendersBane","Defend_G","Defend_G","Defend_G","Defend_G","Defend_G","Strike_G","Strike_G","Strike_G","Strike_G","Strike_G","Survivor","Neutralize","Dagger Spray","Accuracy","Endless Agony","Cloak And Dagger+1","Finisher","Masterful Stab","Flying Knee","Venomology+1","Backstab","Eviscerate+1","Flash of Steel"],"relics":["Ring of the Snake","Pear","Toxic Egg 2","ClockworkSouvenir","Snecko Eye","Lee\u0027s Waffle"],"potions_floor_usage":[11,16,18,19,19],"damage_taken":[{"damage":2,"enemies":"2 Louse","floor":1,"turns":3},{"damage":16,"enemies":"Jaw Worm","floor":4,"turns":6},{"damage":5,"enemies":"Cultist","floor":5,"turns":5},{"damage":37,"enemies":"3 Sentries","floor":7,"turns":11},{"damage":12,"enemies":"Large Slime","floor":11,"turns":8},{"damage":4,"enemies":"3 Louse","floor":14,"turns":3},{"damage":25,"enemies":"Slime Boss","floor":16,"turns":12},{"damage":24,"enemies":"Spheric Guardian","floor":18,"turns":7},{"damage":34,"enemies":"2 Thieves","floor":19,"turns":3},{"damage":13,"enemies":"Snake Plant","floor":21,"turns":3}],"seed_played":"5806962809249863245","potions_obtained":[{"floor":7,"key":"FairyPotion"},{"floor":11,"key":"Fruit Juice"},{"floor":13,"key":"GhostInAJar"},{"floor":13,"key":"EssenceOfSteel"},{"floor":18,"key":"SteroidPotion"}],"is_trial":false,"path_per_floor":["M","?","?","M","M","R","E","R","T","R","M","$","?","M","R","B",null,"M","M","$","M"],"character_chosen":"THE_SILENT","items_purchased":["Finisher","Masterful Stab","ClockworkSouvenir","Lee\u0027s Waffle","Flash of Steel"],"campfire_rested":4,"item_purchase_floors":[12,12,12,20,20],"current_hp_per_floor":[61,61,61,45,40,58,31,52,52,73,66,66,66,62,78,53,72,48,14,85,72],"gold":43,"neow_bonus":"TWO_FIFTY_GOLD","is_prod":false,"is_daily":false,"chose_seed":false,"campfire_upgraded":0,"win_rate":0,"timestamp":1561391706,"path_taken":["M","?","?","M","?","R","E","R","T","R","M","$","?","M","R","BOSS","M","M","$","M"],"build_version":"2019-01-23","purchased_purges":1,"victory":false,"max_hp_per_floor":[63,63,63,63,63,63,73,73,73,73,78,78,78,78,78,78,78,78,78,85,85],"card_choices":[{"not_picked":["Dodge and Roll","Sucker Punch"],"picked":"Dagger Spray","floor":1},{"not_picked":["Poisoned Stab","Quick Slash"],"picked":"Accuracy","floor":4},{"not_picked":["Skewer","Tactician"],"picked":"Endless Agony","floor":5},{"not_picked":["Expertise","Reflex","Deflect"],"picked":"SKIP","floor":7},{"not_picked":["Masterful Stab","Dodge and Roll+1"],"picked":"Cloak And Dagger+1","floor":11},{"not_picked":["Acrobatics+1","Bane"],"picked":"Flying Knee","floor":14},{"not_picked":["Wraith Form v2","Grand Finale"],"picked":"Venomology+1","floor":16},{"not_picked":["Distraction+1","Sucker Punch"],"picked":"Backstab","floor":18},{"not_picked":["Reflex+1","Calculated Gamble+1"],"picked":"Eviscerate+1","floor":19}],"player_experience":1572444,"relics_obtained":[{"floor":7,"key":"Pear"},{"floor":9,"key":"Toxic Egg 2"}],"event_choices":[{"damage_healed":0,"gold_gain":0,"player_choice":"Leave","damage_taken":0,"max_hp_gain":0,"max_hp_loss":0,"event_name":"The Cleric","floor":2,"gold_loss":0},{"damage_healed":0,"gold_gain":175,"player_choice":"AGREE","damage_taken":0,"max_hp_gain":0,"max_hp_loss":0,"event_name":"Liars Game","floor":3,"gold_loss":0,"cards_obtained":["Doubt"]},{"damage_healed":0,"gold_gain":0,"player_choice":"Got Potions","damage_taken":0,"max_hp_gain":0,"max_hp_loss":0,"event_name":"Lab","floor":13,"gold_loss":0}],"is_beta":false,"boss_relics":[{"not_picked":["Lizard Tail","Orrery"],"picked":"Snecko Eye"}],"items_purged_floors":[12],"is_endless":false,"potions_floor_spawned":[7,11,14,18],"killed_by":"Snake Plant","ascension_level":10}