{"gold_per_floor":[117,28,28,47,47,47,82,7,7,31,67,85,85,100,100,189,189,212,212,0,15,35,75,75,75,123,248,266,266,316,329,329,329],"floor_reached":33,"playtime":1270,"items_purged":["Writhe"],"score":550,"play_id":"b7837897-82d5-46f8-ae62-428109add6e3","local_time":"20190702171356","is_ascension_mode":true,"campfire_choices":[{"data":"Whirlwind","floor":6,"key":"SMITH"},{"data":"Shockwave","floor":13,"key":"SMITH"},{"data":"Carnage","floor":15,"key":"SMITH"},{"data":"True Grit","floor":24,"key":"SMITH"},{"data":"Body Slam","floor":29,"key":"SMITH"},{"data":"Rampage","floor":32,"key":"SMITH"}],"neow_cost":"CURSE","seed_source_timestamp":289939416458200,"circlet_count":0,"master_deck":["AscendersBane","Strike_R","Strike_R","Defend_R","Defend_R","Defend_R","Defend_R","Bash","Ghostly Armor","Whirlwind+1","Rampage+1","Feel No Pain","Pommel Strike","Impervious","Shockwave+1","Carnage+1","Juggernaut","Body Slam+1","Disarm","True Grit+1","Offering","Power Through","Evolve"],"relics":["Burning Blood","Golden Idol","Question Card","Calipers","Singing Bowl","Philosopher\u0027s Stone","Juzu Bracelet","Torii","Potion Belt","Bird Faced Urn","Matryoshka","The Courier","Happy Flower"],"potions_floor_usage":[11,23,23,27,31],"damage_taken":[{"damage":14,"enemies":"Jaw Worm","floor":1,"turns":5},{"damage":0,"enemies":"2 Louse","floor":4,"turns":1},{"damage":32,"enemies":"Gremlin Nob","floor":7,"turns":4},{"damage":0,"enemies":"Small Slimes","floor":10,"turns":3},{"damage":19,"enemies":"3 Sentries","floor":11,"turns":4},{"damage":0,"enemies":"Blue Slaver","floor":12,"turns":4},{"damage":0,"enemies":"2 Fungi Beasts","floor":14,"turns":3},{"damage":7,"enemies":"Slime Boss","floor":16,"turns":8},{"damage":24,"enemies":"Shell Parasite","floor":18,"turns":6},{"damage":0,"enemies":"3 Byrds","floor":21,"turns":5},{"damage":4,"enemies":"Centurion and Healer","floor":22,"turns":6},{"damage":29,"enemies":"Book of Stabbing","floor":23,"turns":5},{"damage":17,"enemies":"Colosseum Slavers","floor":27,"turns":5},{"damage":12,"enemies":"Colosseum Nobs","floor":27,"turns":3},{"damage":6,"enemies":"3 Cultists","floor":28,"turns":5},{"damage":7,"enemies":"Cultist and Chosen","floor":31,"turns":5},{"damage":61,"enemies":"Collector","floor":33,"turns":8}],"seed_played":"-5520542630352484906","potions_obtained":[{"floor":7,"key":"Strength Potion"},{"floor":10,"key":"Ancient Potion"},{"floor":11,"key":"Poison Potion"},{"floor":21,"key":"FearPotion"},{"floor":23,"key":"GamblersBrew"},{"floor":28,"key":"BloodPotion"}],"is_trial":false,"path_per_floor":["M","$","?","M","?","R","E","?","T","M","E","M","R","M","R","B",null,"M","?","$","M","M","E","R","$","T","?","M","R","T","M","R","B"],"character_chosen":"IRONCLAD","items_purchased":["Feel No Pain","Disarm","True Grit"],"campfire_rested":0,"item_purchase_floors":[2,20,20],"current_hp_per_floor":[60,60,53,59,59,59,33,33,33,39,26,32,32,40,40,39,62,44,44,44,52,54,31,31,31,31,16,18,18,18,43,43,0],"gold":329,"neow_bonus":"TRANSFORM_TWO_CARDS","is_prod":false,"is_daily":false,"chose_seed":false,"campfire_upgraded":6,"win_rate":0,"timestamp":1562055236,"path_taken":["M","$","?","M","?","R","E","?","T","M","E","M","R","M","R","BOSS","M","?","$","M","M","E","R","$","T","?","M","R","?","M","R","BOSS"],"build_version":"2019-07-01","purchased_purges":1,"victory":false,"max_hp_per_floor":[75,75,75,75,68,68,68,68,68,68,68,68,68,70,70,70,70,70,70,70,72,72,72,72,72,72,74,74,74,74,76,76,76],"card_choices":[{"not_picked":["Heavy Blade","Sword Boomerang"],"picked":"Rampage","floor":1},{"not_picked":["Havoc","Body Slam"],"picked":"Pommel Strike","floor":4},{"not_picked":["Clash","Twin Strike","Dual Wield"],"picked":"SKIP","floor":7},{"not_picked":["Thunderclap","Dropkick","Armaments"],"picked":"Impervious","floor":10},{"not_picked":["Headbutt","Fire Breathing","Uppercut"],"picked":"Shockwave","floor":11},{"not_picked":["Spot Weakness","Power Through","Heavy Blade"],"picked":"Carnage","floor":12},{"not_picked":["Havoc","Heavy Blade","Pommel Strike","Sever Soul"],"picked":"Singing Bowl","floor":14},{"not_picked":["Reaper","Limit Break","Feed"],"picked":"Juggernaut","floor":16},{"not_picked":["Warcry","Combust","Thunderclap+1"],"picked":"Body Slam","floor":18},{"not_picked":["Cleave","Warcry+1","Flex","Dropkick"],"picked":"Singing Bowl","floor":21},{"not_picked":["Cleave","Havoc","Warcry"],"picked":"Offering","floor":22},{"not_picked":["Bloodletting","Anger","Shockwave"],"picked":"Power Through","floor":23},{"not_picked":["Anger+1","Rampage","Fire Breathing","Flex"],"picked":"Singing Bowl","floor":27},{"not_picked":["Thunderclap","Dropkick","Bloodletting"],"picked":"Evolve","floor":28},{"not_picked":["Body Slam","Clash+1","Infernal Blade+1","Havoc"],"picked":"Singing Bowl","floor":31}],"player_experience":903483,"relics_obtained":[{"floor":7,"key":"Question Card"},{"floor":9,"key":"Calipers"},{"floor":11,"key":"Singing Bowl"},{"floor":23,"key":"Torii"},{"floor":26,"key":"Potion Belt"},{"floor":27,"key":"Bird Faced Urn"},{"floor":27,"key":"Matryoshka"},{"floor":30,"key":"The Courier"},{"floor":30,"key":"Happy Flower"}],"event_choices":[{"cards_removed":["Writhe"],"damage_healed":0,"gold_gain":0,"player_choice":"Card Removal","damage_taken":7,"max_hp_gain":0,"max_hp_loss":0,"event_name":"Golden Wing","floor":3,"gold_loss":0},{"damage_healed":0,"gold_gain":0,"player_choice":"Lose Max HP","damage_taken":0,"relics_obtained":["Golden Idol"],"max_hp_gain":0,"max_hp_loss":7,"event_name":"Golden Idol","floor":5,"gold_loss":0},{"cards_removed":["Strike_R"],"damage_healed":0,"gold_gain":0,"player_choice":"Card Removal","damage_taken":0,"max_hp_gain":0,"max_hp_loss":0,"event_name":"The Cleric","floor":8,"gold_loss":75},{"damage_healed":0,"gold_gain":0,"player_choice":"Opened","damage_taken":0,"relics_obtained":["Juzu Bracelet"],"max_hp_gain":0,"max_hp_loss":0,"event_name":"The Mausoleum","floor":19,"gold_loss":0,"cards_obtained":["Writhe"]},{"damage_healed":0,"gold_gain":0,"player_choice":"Fight","damage_taken":0,"max_hp_gain":0,"max_hp_loss":0,"event_name":"Colosseum","floor":27,"gold_loss":0},{"damage_healed":0,"gold_gain":0,"player_choice":"Fought Nobs","damage_taken":0,"max_hp_gain":0,"max_hp_loss":0,"event_name":"Colosseum","floor":27,"gold_loss":0}],"is_beta":false,"boss_relics":[{"not_picked":["Black Star","Lizard Tail"],"picked":"Philosopher\u0027s Stone"}],"items_purged_floors":[20],"is_endless":false,"potions_floor_spawned":[7,10,11,21,23,27,28],"killed_by":"Collector","ascension_level":20}