{"gold_per_floor":[114,114,27,39,39,67,85,118,118,135,152,152,162,195,195,195],"floor_reached":16,"playtime":951,"items_purged":[],"score":258,"play_id":"f0381e5a-3a32-4010-ae19-cc92a65799ab","local_time":"20190624183344","is_ascension_mode":true,"campfire_choices":[{"floor":15,"key":"REST"}],"neow_cost":"NONE","seed_source_timestamp":949190658853832,"circlet_count":0,"master_deck":["AscendersBane","Defend_G","Defend_G","Defend_G","Defend_G","Defend_G","Strike_G","Strike_G","Strike_G","Strike_G","Survivor","Neutralize","Prepared","Impatience","Storm of Steel","Distraction+1","All Out Attack","Quick Slash","Masterful Stab","Cloak And Dagger+1","Acrobatics+1","Unload"],"relics":["Ring of the Snake","NeowsBlessing","Omamori","Toxic Egg 2","Ornamental Fan","Pen Nib","Girya"],"potions_floor_usage":[8,8,10,10,11,14],"damage_taken":[{"damage":0,"enemies":"Jaw Worm","floor":1,"turns":1},{"damage":0,"enemies":"Cultist","floor":4,"turns":1},{"damage":0,"enemies":"3 Sentries","floor":6,"turns":1},{"damage":0,"enemies":"2 Louse","floor":7,"turns":4},{"damage":30,"enemies":"Lagavulin","floor":8,"turns":10},{"damage":0,"enemies":"Large Slime","floor":10,"turns":8},{"damage":0,"enemies":"Exordium Wildlife","floor":11,"turns":3},{"damage":0,"enemies":"Red Slaver","floor":13,"turns":2},{"damage":0,"enemies":"Gremlin Nob","floor":14,"turns":4},{"damage":64,"enemies":"Slime Boss","floor":16,"turns":12}],"seed_played":"-6187070893486190783","potions_obtained":[{"floor":6,"key":"GhostInAJar"},{"floor":7,"key":"GhostInAJar"},{"floor":8,"key":"EntropicBrew"},{"floor":10,"key":"Ancient Potion"}],"is_trial":false,"path_per_floor":["M","?","$","M","?","E","M","E","T","M","M","?","M","E","R","B"],"character_chosen":"THE_SILENT","items_purchased":["Impatience"],"campfire_rested":1,"item_purchase_floors":[3],"current_hp_per_floor":[63,63,63,63,51,51,51,21,21,21,21,38,38,38,59,0],"gold":195,"neow_bonus":"THREE_ENEMY_KILL","is_prod":false,"is_daily":false,"chose_seed":false,"campfire_upgraded":0,"win_rate":0,"timestamp":1561390424,"path_taken":["M","?","$","?","?","E","M","E","T","M","M","?","M","E","R","BOSS"],"build_version":"2019-01-23","purchased_purges":0,"victory":false,"max_hp_per_floor":[70,70,70,70,70,70,70,70,70,70,70,70,70,70,70,70],"card_choices":[{"not_picked":["Deadly Poison","Sucker Punch"],"picked":"Prepared","floor":1},{"not_picked":["Dodge and Roll","Masterful Stab"],"picked":"Storm of Steel","floor":4},{"not_picked":["Sucker Punch","Terror"],"picked":"Distraction","floor":6},{"not_picked":["Predator","Quick Slash"],"picked":"All Out Attack","floor":7},{"not_picked":["Noxious Fumes","Catalyst+1"],"picked":"Quick Slash","floor":8},{"not_picked":["Terror+1","Blade Dance+1"],"picked":"Masterful Stab","floor":10},{"not_picked":["Outmaneuver+1","Poisoned Stab"],"picked":"Cloak And Dagger+1","floor":11},{"not_picked":["Outmaneuver+1","Poisoned Stab"],"picked":"Acrobatics+1","floor":13},{"not_picked":["Footwork","Flying Knee"],"picked":"Unload","floor":14}],"player_experience":1571493,"relics_obtained":[{"floor":6,"key":"Toxic Egg 2"},{"floor":8,"key":"Ornamental Fan"},{"floor":9,"key":"Pen Nib"},{"floor":14,"key":"Girya"}],"event_choices":[{"cards_removed":["Strike_G"],"damage_healed":0,"gold_gain":0,"player_choice":"Offered Basic","damage_taken":0,"max_hp_gain":0,"max_hp_loss":0,"event_name":"Bonfire Elementals","floor":2,"gold_loss":0},{"damage_healed":0,"gold_gain":0,"player_choice":"Success","damage_taken":12,"relics_obtained":["Omamori"],"max_hp_gain":0,"max_hp_loss":0,"event_name":"Scrap Ooze","floor":5,"gold_loss":0},{"damage_healed":17,"gold_gain":0,"player_choice":"Healed and dodged fight","damage_taken":0,"max_hp_gain":0,"max_hp_loss":0,"event_name":"Mushrooms","floor":12,"gold_loss":0,"cards_obtained":["Parasite"]}],"is_beta":false,"boss_relics":[],"items_purged_floors":[],"is_endless":false,"potions_floor_spawned":[6,7,8,10],"killed_by":"Slime Boss","ascension_level":10}