{"gold_per_floor":[145,145,165,13,95,95,125,140,219,245,320,345,375,387,399,411],"floor_reached":16,"playtime":416,"items_purged":[],"score":236,"play_id":"8cc6630e-a394-4f80-8f28-19c4fbb0bed8","local_time":"20190726165535","is_ascension_mode":true,"campfire_choices":[{"data":"Bludgeon","floor":6,"key":"SMITH"},{"floor":15,"key":"REST"}],"neow_cost":"NONE","seed_source_timestamp":610184734321000,"circlet_count":0,"master_deck":["AscendersBane","Strike_R","Strike_R","Strike_R","Strike_R","Strike_R","Defend_R","Defend_R","Defend_R","Defend_R","Bash","Shrug It Off","Bludgeon+1","Inflame","Cleave+1","True Grit","Sentinel"],"relics":["Burning Blood","Tiny Chest","Regal Pillow","Molten Egg 2","Juzu Bracelet","Frozen Egg 2","Turnip","MawBank"],"potions_floor_usage":[12,12],"damage_taken":[{"damage":18,"enemies":"Jaw Worm","floor":1,"turns":5},{"damage":6,"enemies":"Cultist","floor":3,"turns":3},{"damage":20,"enemies":"3 Sentries","floor":7,"turns":10},{"damage":0,"enemies":"Small Slimes","floor":8,"turns":3},{"damage":32,"enemies":"Gremlin Nob","floor":10,"turns":4},{"damage":9,"enemies":"Lagavulin","floor":12,"turns":5},{"damage":3,"enemies":"Looter","floor":13,"turns":4},{"damage":34,"enemies":"The Guardian","floor":16,"turns":9}],"seed_played":"8101931701993673986","potions_obtained":[{"floor":1,"key":"Strength Potion"},{"floor":8,"key":"EssenceOfSteel"},{"floor":10,"key":"Dexterity Potion"},{"floor":13,"key":"Explosive Potion"}],"is_trial":false,"path_per_floor":["M","?","M","$","T","R","E","M","T","E","?","E","M","T","R","B"],"character_chosen":"IRONCLAD","items_purchased":["Bludgeon"],"campfire_rested":1,"item_purchase_floors":[4],"current_hp_per_floor":[56,56,56,56,56,56,42,48,48,22,11,8,11,11,48,14],"gold":411,"neow_bonus":"RANDOM_COMMON_RELIC","is_prod":false,"is_daily":false,"chose_seed":false,"campfire_upgraded":1,"win_rate":0,"timestamp":1564127735,"path_taken":["M","?","?","?","?","R","E","M","T","E","?","E","M","?","R","BOSS"],"build_version":"2019-07-17","purchased_purges":0,"victory":false,"max_hp_per_floor":[75,75,75,75,75,75,75,75,75,75,75,75,75,75,75,75],"card_choices":[{"not_picked":["Wild Strike","Anger"],"picked":"Shrug It Off","floor":1},{"not_picked":["Armaments","Perfected Strike","Headbutt"],"picked":"SKIP","floor":3},{"not_picked":["Headbutt+1","Double Tap"],"picked":"Inflame","floor":7},{"not_picked":["Blood for Blood+1","Hemokinesis+1","Intimidate"],"picked":"SKIP","floor":8},{"not_picked":["Twin Strike+1","Burning Pact"],"picked":"Cleave+1","floor":10},{"not_picked":["Clash+1","Pummel+1"],"picked":"True Grit","floor":12},{"not_picked":["Clothesline+1","Pommel Strike+1"],"picked":"Sentinel","floor":13}],"player_experience":1220382,"relics_obtained":[{"floor":5,"key":"Molten Egg 2"},{"floor":7,"key":"Juzu Bracelet"},{"floor":9,"key":"Frozen Egg 2"},{"floor":10,"key":"Turnip"},{"floor":12,"key":"MawBank"}],"event_choices":[{"damage_healed":0,"gold_gain":0,"player_choice":"Gave Potion","damage_taken":0,"relics_obtained":["Regal Pillow"],"max_hp_gain":0,"max_hp_loss":0,"event_name":"WeMeetAgain","floor":2,"gold_loss":0},{"damage_healed":0,"gold_gain":75,"player_choice":"Gather Gold","damage_taken":11,"max_hp_gain":0,"max_hp_loss":0,"event_name":"World of Goop","floor":11,"gold_loss":0}],"is_beta":false,"boss_relics":[],"items_purged_floors":[],"is_endless":false,"potions_floor_spawned":[1,8,10,13],"killed_by":"The Guardian","ascension_level":20}