{"gold_per_floor":[116,74,74,99,249,280,309,309,335,356,356,189,220,244,244,342,342,367,367,402,33,46,82,82,120,120,161,76,76,107,121,121,217,217,241,257,590,617,630,660,660,257,257,289,289,289,301,327,327,327,327,327,327,11,37,37],"floor_reached":57,"playtime":2420,"items_purged":["Doubt","Writhe","Strike_R","Strike_R"],"score":3169,"play_id":"e1c0d208-ff56-40ef-9130-4080e292ccf6","local_time":"20190707193845","is_ascension_mode":true,"campfire_choices":[{"data":"Shockwave","floor":8.0,"key":"SMITH"},{"data":"Bludgeon","floor":11.0,"key":"SMITH"},{"data":"Armaments","floor":15.0,"key":"SMITH"},{"data":"Demon Form","floor":24.0,"key":"SMITH"},{"data":"Feel No Pain","floor":32.0,"key":"SMITH"},{"floor":41.0,"key":"RECALL"},{"data":"Entrench","floor":46.0,"key":"SMITH"},{"floor":49,"key":"REST"},{"data":"Feel No Pain","floor":53,"key":"SMITH"}],"neow_cost":"NONE","seed_source_timestamp":729242792848700,"circlet_count":0,"master_deck":["AscendersBane","Strike_R","Strike_R","Strike_R","Defend_R","Defend_R","Defend_R","Defend_R","Bash","Shockwave+1","Anger","Bludgeon+1","Battle Trance","Demon Form+1","Armaments+1","Immolate","Shrug It Off+1","Reaper","Disarm+1","Feel No Pain+1","Barricade","Feel No Pain+1","Evolve","Offering","True Grit+1","Entrench+1","Feel No Pain","Shockwave","Barricade","Seeing Red","Warcry","Corruption","Feel No Pain","Warcry","Body Slam"],"special_seed":0,"relics":["Burning Blood","NeowsBlessing","Bag of Marbles","Odd Mushroom","Bag of Preparation","Question Card","Sozu","Oddly Smooth Stone","Red Mask","Membership Card","Darkstone Periapt","War Paint","WingedGreaves","Regal Pillow","Pen Nib","StoneCalendar","Philosopher\u0027s Stone","Dream Catcher","Ice Cream","ClockworkSouvenir","Thread and Needle","Anchor","Charon\u0027s Ashes","Lantern","Strawberry","Lee\u0027s Waffle"],"potions_floor_usage":[],"damage_taken":[{"damage":0.0,"enemies":"Small Slimes","floor":1.0,"turns":1.0},{"damage":0.0,"enemies":"2 Louse","floor":4.0,"turns":1.0},{"damage":0.0,"enemies":"Lagavulin","floor":6.0,"turns":1.0},{"damage":15.0,"enemies":"The Mushroom Lair","floor":7.0,"turns":4.0},{"damage":6.0,"enemies":"Jaw Worm","floor":10.0,"turns":5.0},{"damage":7.0,"enemies":"Gremlin Nob","floor":13.0,"turns":3.0},{"damage":7.0,"enemies":"3 Louse","floor":14.0,"turns":4.0},{"damage":12.0,"enemies":"Slime Boss","floor":16.0,"turns":5.0},{"damage":25.0,"enemies":"Spheric Guardian","floor":18.0,"turns":4.0},{"damage":22.0,"enemies":"Masked Bandits","floor":20.0,"turns":3.0},{"damage":0.0,"enemies":"Chosen","floor":22.0,"turns":4.0},{"damage":0.0,"enemies":"Slavers","floor":23.0,"turns":3.0},{"damage":31.0,"enemies":"Book of Stabbing","floor":25.0,"turns":7.0},{"damage":28.0,"enemies":"Slavers","floor":27.0,"turns":6.0},{"damage":20.0,"enemies":"Gremlin Leader","floor":30.0,"turns":9.0},{"damage":6.0,"enemies":"3 Cultists","floor":31.0,"turns":4.0},{"damage":10.0,"enemies":"Champ","floor":33.0,"turns":12.0},{"damage":22.0,"enemies":"3 Darklings","floor":35.0,"turns":6.0},{"damage":0.0,"enemies":"Orb Walker","floor":36.0,"turns":2.0},{"damage":27.0,"enemies":"Sphere and 2 Shapes","floor":39.0,"turns":8.0},{"damage":54.0,"enemies":"Nemesis","floor":40.0,"turns":11.0},{"damage":8.0,"enemies":"Giant Head","floor":44.0,"turns":9.0},{"damage":52.0,"enemies":"3 Darklings","floor":47.0,"turns":4.0},{"damage":42,"enemies":"Reptomancer","floor":48,"turns":6},{"damage":48,"enemies":"Awakened One","floor":50,"turns":13},{"damage":6,"enemies":"Donu and Deca","floor":51,"turns":11},{"damage":10,"enemies":"Shield and Spear","floor":55,"turns":8},{"damage":83,"enemies":"The Heart","floor":56,"turns":11}],"seed_played":"-9129293798192053338","potions_obtained":[{"floor":7.0,"key":"Regen Potion"},{"floor":13.0,"key":"Fire Potion"},{"floor":16.0,"key":"SteroidPotion"}],"is_trial":false,"path_per_floor":["M","$","?","M","?","E","?","R","T","M","R","$","E","M","R","B",null,"M","?","?","$","M","E","R","E","T","E","?","T","E","M","R","B",null,"M","M","?","T","M","E","R","$","T","E","?","R","M","E","R","B","B",null,"R","$","E","B",null],"character_chosen":"IRONCLAD","items_purchased":["Shockwave","Battle Trance","Fire Potion","Membership Card","Reaper","ClockworkSouvenir","Thread and Needle","Feel No Pain","Shockwave","Feel No Pain","Strawberry","Lee\u0027s Waffle","Warcry"],"campfire_rested":1,"item_purchase_floors":[2,12,12,21,21,42,42,42,42,54,54,54,54],"current_hp_per_floor":[74,74,48,54,54,60,51,51,51,63,63,63,62,61,61,55,70,51,51,35,35,41,51,51,54,54,38,38,38,75,75,75,75,75,75,75,75,75,60,35,35,35,35,75,71,71,25,24,60,71,71,71,71,85,85,29],"gold":37,"neow_bonus":"THREE_ENEMY_KILL","is_prod":false,"is_daily":false,"chose_seed":false,"campfire_upgraded":7,"win_rate":0,"timestamp":1562495925,"path_taken":["M","$","?","M","?","E","?","R","T","M","R","$","E","M","R","BOSS","M","?","?","$","M","E","R","E","T","E","?","?","E","M","R","BOSS","M","M","?","?","?","E","R","$","T","E","?","R","M","E","R","BOSS","BOSS","R","$","E","BOSS"],"build_version":"2019-07-05","purchased_purges":4,"victory":true,"max_hp_per_floor":[75,75,75,75,75,75,75,75,75,75,75,75,75,75,75,75,75,75,75,75,75,75,75,75,75,75,75,75,75,75,75,75,75,75,75,75,75,75,75,75,75,75,75,75,71,71,71,71,71,71,71,71,71,85,85,85],"card_choices":[{"not_picked":["Thunderclap","Iron Wave","Uppercut"],"picked":"SKIP","floor":1.0},{"not_picked":["Clothesline","Sword Boomerang"],"picked":"Anger","floor":4.0},{"not_picked":["Fire Breathing","Havoc","Sever Soul"],"picked":"SKIP","floor":6.0},{"not_picked":["Thunderclap","Hemokinesis"],"picked":"Bludgeon","floor":10.0},{"not_picked":["Bloodletting","Clash"],"picked":"Demon Form","floor":13.0},{"not_picked":["Flex","Shrug It Off","Body Slam"],"picked":"Armaments","floor":14.0},{"not_picked":["Limit Break","Demon Form","Bludgeon"],"picked":"Immolate","floor":16.0},{"not_picked":["Headbutt","Pommel Strike","Body Slam"],"picked":"Shrug It Off","floor":18.0},{"not_picked":["Brutality","Second Wind","Headbutt"],"picked":"Disarm","floor":22.0},{"not_picked":["Intimidate","Twin Strike","Fire Breathing+1"],"picked":"Feel No Pain","floor":23.0},{"not_picked":["Perfected Strike","Sever Soul","Havoc+1","Warcry"],"picked":"SKIP","floor":25.0},{"not_picked":["Perfected Strike","Sever Soul","Havoc+1","Warcry"],"picked":"SKIP","floor":25.0},{"not_picked":["Seeing Red","Berserk","Havoc"],"picked":"Barricade","floor":27.0},{"not_picked":["Metallicize","Immolate","Clash+1"],"picked":"Feel No Pain","floor":30.0},{"not_picked":["Thunderclap","Pommel Strike","Shockwave"],"picked":"Evolve","floor":31.0},{"not_picked":["Berserk","Feed","Dark Embrace"],"picked":"Offering","floor":33.0},{"not_picked":["Havoc+1","Metallicize+1","Clash+1","Whirlwind+1"],"picked":"SKIP","floor":35.0},{"not_picked":["Iron Wave+1","Wild Strike","Sever Soul"],"picked":"True Grit+1","floor":36.0},{"not_picked":["Clothesline","True Grit","Intimidate+1","Spot Weakness"],"picked":"SKIP","floor":39.0},{"not_picked":["Twin Strike+1","Headbutt+1","Feel No Pain"],"picked":"Entrench","floor":40.0},{"not_picked":["Whirlwind","Cleave+1","Feel No Pain+1"],"picked":"Barricade","floor":44.0},{"not_picked":["Headbutt+1","Whirlwind+1","Metallicize"],"picked":"Seeing Red","floor":47.0},{"not_picked":["Cleave","Clash","Warcry","Clothesline+1"],"picked":"SKIP","floor":48},{"not_picked":["Cleave","Clash","Clothesline+1"],"picked":"Warcry","floor":48},{"not_picked":["Flame Barrier","Armaments+1","Berserk"],"picked":"Corruption","floor":49},{"not_picked":["Headbutt","Twin Strike+1","Iron Wave+1"],"picked":"Body Slam","floor":55}],"player_experience":942531,"relics_obtained":[{"floor":6.0,"key":"Bag of Marbles"},{"floor":7.0,"key":"Odd Mushroom"},{"floor":9.0,"key":"Bag of Preparation"},{"floor":13.0,"key":"Question Card"},{"floor":20.0,"key":"Red Mask"},{"floor":23.0,"key":"Darkstone Periapt"},{"floor":25.0,"key":"War Paint"},{"floor":26.0,"key":"WingedGreaves"},{"floor":27.0,"key":"Regal Pillow"},{"floor":30.0,"key":"StoneCalendar"},{"floor":38.0,"key":"Dream Catcher"},{"floor":40.0,"key":"Ice Cream"},{"floor":43.0,"key":"Anchor"},{"floor":44.0,"key":"Charon\u0027s Ashes"},{"floor":48,"key":"Lantern"}],"event_choices":[{"damage_healed":0.0,"max_hp_gain":0.0,"max_hp_loss":0.0,"gold_gain":0.0,"event_name":"Golden Idol","player_choice":"Take Damage","floor":3.0,"gold_loss":0.0,"damage_taken":26.0,"relics_obtained":["Golden Idol"]},{"damage_healed":0.0,"max_hp_gain":0.0,"max_hp_loss":0.0,"gold_gain":150.0,"event_name":"Liars Game","player_choice":"AGREE","floor":5.0,"gold_loss":0.0,"damage_taken":0.0,"cards_obtained":["Doubt"]},{"damage_healed":0.0,"max_hp_gain":0.0,"max_hp_loss":0.0,"gold_gain":0.0,"event_name":"Mushrooms","player_choice":"Fought Mushrooms","floor":7.0,"gold_loss":0.0,"damage_taken":0.0},{"damage_healed":0.0,"max_hp_gain":0.0,"max_hp_loss":0.0,"gold_gain":0.0,"event_name":"The Mausoleum","player_choice":"Opened","floor":19.0,"gold_loss":0.0,"damage_taken":0.0,"relics_obtained":["Oddly Smooth Stone"],"cards_obtained":["Writhe"]},{"damage_healed":0.0,"max_hp_gain":0.0,"max_hp_loss":0.0,"gold_gain":0.0,"event_name":"Masked Bandits","player_choice":"Fought Bandits","floor":20.0,"gold_loss":0.0,"damage_taken":0.0},{"damage_healed":0.0,"max_hp_gain":0.0,"max_hp_loss":0.0,"gold_gain":0.0,"event_name":"Addict","player_choice":"Obtained Relic","floor":28.0,"gold_loss":85.0,"damage_taken":0.0,"relics_obtained":["Pen Nib"]},{"damage_healed":0.0,"max_hp_gain":0.0,"max_hp_loss":0.0,"gold_gain":333.0,"event_name":"The Moai Head","player_choice":"Gave Idol","floor":37.0,"relics_lost":["Golden Idol"],"gold_loss":0.0,"damage_taken":0.0},{"damage_healed":0.0,"max_hp_gain":0.0,"max_hp_loss":4.0,"gold_gain":0.0,"event_name":"Winding Halls","player_choice":"Max HP","floor":45.0,"gold_loss":0.0,"damage_taken":0.0}],"is_beta":false,"boss_relics":[{"not_picked":["Empty Cage","Runic Cube"],"picked":"Sozu"},{"not_picked":["Mark of Pain","White Beast Statue"],"picked":"Philosopher\u0027s Stone"}],"items_purged_floors":[12,21,42,54],"is_endless":false,"potions_floor_spawned":[7,13,14,16,22,23,31,40,47,48],"ascension_level":20}