{"gold_per_floor":[116,127,202,202,26,26,60,60,111,145,145,177,192,203,203,276,326,337,353,41,55,255,255,286,301,351,351,351,382,409,426,426,504,504,517,517,517,517,517],"floor_reached":39,"playtime":1599,"items_purged":["Strike_R","Strike_R"],"score":1145,"play_id":"00865dea-fd72-431c-bd12-2a2e863fe99d","local_time":"20190727153456","is_ascension_mode":true,"campfire_choices":[{"data":"Discovery","floor":6,"key":"SMITH"},{"data":"Corruption","floor":8,"key":"SMITH"},{"data":"Pommel Strike","floor":15,"key":"SMITH"},{"data":"Juggernaut","floor":23,"key":"SMITH"},{"data":"Evolve","floor":28,"key":"SMITH"},{"data":"Double Tap","floor":32,"key":"SMITH"}],"neow_cost":"NONE","seed_source_timestamp":690557136060700,"circlet_count":0,"master_deck":["AscendersBane","Defend_R+1","Defend_R","Defend_R","Defend_R","Bash+1","Pommel Strike+1","Feel No Pain+1","Discovery+1","Corruption+1","Reaper","Double Tap+1","Pommel Strike+1","Juggernaut+1","Battle Trance","Entrench","Evolve+1","Demon Form","Dark Embrace+1","Whirlwind+1","Heavy Blade+1","Bludgeon+1","Finesse","Finesse","Blind"],"relics":["Burning Blood","NeowsBlessing","Ancient Tea Set","Potion Belt","Happy Flower","Sundial","Tiny House","Medical Kit","Pen Nib","Red Mask","Bag of Marbles","Astrolabe"],"potions_floor_usage":[10,16,30,30,35,39],"damage_taken":[{"damage":0,"enemies":"Jaw Worm","floor":1,"turns":1},{"damage":0,"enemies":"Small Slimes","floor":2,"turns":1},{"damage":0,"enemies":"Lagavulin","floor":7,"turns":1},{"damage":1,"enemies":"3 Sentries","floor":10,"turns":12},{"damage":0,"enemies":"Lagavulin","floor":12,"turns":5},{"damage":1,"enemies":"Cultist","floor":13,"turns":4},{"damage":36,"enemies":"Lots of Slimes","floor":14,"turns":4},{"damage":0,"enemies":"Slime Boss","floor":16,"turns":5},{"damage":25,"enemies":"2 Thieves","floor":18,"turns":4},{"damage":11,"enemies":"Shell Parasite","floor":19,"turns":4},{"damage":0,"enemies":"Sentry and Sphere","floor":21,"turns":4},{"damage":26,"enemies":"Slavers","floor":24,"turns":3},{"damage":1,"enemies":"Chosen and Byrds","floor":25,"turns":5},{"damage":50,"enemies":"Masked Bandits","floor":29,"turns":5},{"damage":27,"enemies":"Book of Stabbing","floor":30,"turns":5},{"damage":10,"enemies":"Cultist and Chosen","floor":31,"turns":5},{"damage":6,"enemies":"Automaton","floor":33,"turns":4},{"damage":64,"enemies":"Orb Walker","floor":35,"turns":6},{"damage":12,"enemies":"3 Shapes","floor":39,"turns":6}],"seed_played":"3944277154599325340","potions_obtained":[{"floor":1,"key":"GamblersBrew"},{"floor":2,"key":"SkillPotion"},{"floor":12,"key":"Dexterity Potion"},{"floor":13,"key":"BloodPotion"},{"floor":17,"key":"FearPotion"},{"floor":21,"key":"GamblersBrew"},{"floor":29,"key":"AttackPotion"},{"floor":35,"key":"Swift Potion"}],"is_trial":false,"path_per_floor":["M","M","?","?","$","R","E","R","T","E","?","E","M","M","R","B",null,"M","M","$","M","?","R","E","M","T","?","R","?","E","M","R","B",null,"M","?","?","?","M"],"character_chosen":"IRONCLAD","items_purchased":["Discovery","Medical Kit"],"campfire_rested":0,"item_purchase_floors":[5,20],"current_hp_per_floor":[74,75,64,41,41,41,47,47,47,52,52,64,75,45,45,55,75,56,57,57,69,69,69,55,68,68,68,68,24,43,55,55,67,77,27,17,17,17,5],"gold":517,"neow_bonus":"THREE_ENEMY_KILL","is_prod":false,"is_daily":false,"chose_seed":false,"campfire_upgraded":6,"win_rate":0,"timestamp":1564209296,"path_taken":["M","M","?","?","$","R","E","R","T","E","?","E","M","?","R","BOSS","M","M","$","?","?","R","E","?","T","?","R","?","E","M","R","BOSS","M","?","?","?","?"],"build_version":"2019-07-17","purchased_purges":2,"victory":false,"max_hp_per_floor":[75,75,75,75,75,75,75,75,75,75,75,75,75,75,75,75,80,80,80,80,80,80,80,80,80,80,80,80,80,80,80,80,80,80,80,80,80,80,80],"card_choices":[{"not_picked":["Twin Strike","Disarm"],"picked":"Pommel Strike","floor":1},{"not_picked":["Spot Weakness","Clash"],"picked":"Feel No Pain","floor":2},{"not_picked":["Pommel Strike","Heavy Blade"],"picked":"Corruption","floor":7},{"not_picked":["Heavy Blade","Headbutt"],"picked":"Reaper","floor":10},{"not_picked":["Hemokinesis","Wild Strike"],"picked":"Double Tap","floor":12},{"not_picked":["Havoc","Whirlwind","Infernal Blade"],"picked":"SKIP","floor":13},{"not_picked":["Combust","Pummel"],"picked":"Pommel Strike","floor":14},{"not_picked":["Double Tap","Fiend Fire"],"picked":"Juggernaut","floor":16},{"not_picked":["Cleave","Havoc+1"],"picked":"Battle Trance","floor":18},{"not_picked":["Sword Boomerang","Metallicize+1","Anger"],"picked":"SKIP","floor":19},{"not_picked":["Armaments","Thunderclap"],"picked":"Entrench","floor":21},{"not_picked":["Anger","Wild Strike"],"picked":"Evolve","floor":24},{"not_picked":["Reckless Charge+1","Fire Breathing","Fiend Fire"],"picked":"SKIP","floor":25},{"not_picked":["Body Slam","Pommel Strike"],"picked":"Demon Form","floor":30},{"not_picked":["Second Wind","Havoc","Inflame"],"picked":"SKIP","floor":31},{"not_picked":["Exhume","Impervious"],"picked":"Dark Embrace","floor":33},{"not_picked":["Dropkick","Dual Wield"],"picked":"Body Slam+1","floor":35},{"not_picked":["Madness","Trip"],"picked":"Finesse","floor":36},{"not_picked":["Secret Weapon","Forethought"],"picked":"Finesse","floor":36},{"not_picked":["PanicButton","Violence"],"picked":"Blind","floor":36}],"player_experience":1235979,"relics_obtained":[{"floor":7,"key":"Ancient Tea Set"},{"floor":9,"key":"Potion Belt"},{"floor":10,"key":"Happy Flower"},{"floor":12,"key":"Sundial"},{"floor":24,"key":"Pen Nib"},{"floor":29,"key":"Red Mask"},{"floor":30,"key":"Bag of Marbles"}],"event_choices":[{"damage_healed":0,"gold_gain":75,"player_choice":"Gather Gold","damage_taken":11,"max_hp_gain":0,"max_hp_loss":0,"event_name":"World of Goop","floor":3,"gold_loss":0},{"damage_healed":0,"gold_gain":0,"player_choice":"Entered Light","damage_taken":23,"max_hp_gain":0,"max_hp_loss":0,"event_name":"Shining Light","floor":4,"gold_loss":0,"cards_upgraded":["Bash","Defend_R"]},{"damage_healed":0,"gold_gain":0,"player_choice":"Upgraded","damage_taken":0,"max_hp_gain":0,"max_hp_loss":0,"event_name":"Upgrade Shrine","floor":11,"gold_loss":0,"cards_upgraded":["Pommel Strike"]},{"damage_healed":0,"gold_gain":250,"player_choice":"Bet on Owner","damage_taken":0,"max_hp_gain":0,"max_hp_loss":0,"event_name":"The Joust","floor":22,"gold_loss":50},{"damage_healed":0,"gold_gain":0,"player_choice":"Ignored","damage_taken":0,"max_hp_gain":0,"max_hp_loss":0,"event_name":"The Mausoleum","floor":27,"gold_loss":0},{"damage_healed":0,"gold_gain":0,"player_choice":"Fought Bandits","damage_taken":0,"max_hp_gain":0,"max_hp_loss":0,"event_name":"Masked Bandits","floor":29,"gold_loss":0},{"damage_healed":0,"gold_gain":0,"player_choice":"Memory 3","damage_taken":10,"max_hp_gain":0,"max_hp_loss":0,"event_name":"SensoryStone","floor":36,"gold_loss":0},{"cards_removed":["Body Slam"],"damage_healed":0,"gold_gain":0,"player_choice":"Removed Attack","damage_taken":0,"max_hp_gain":0,"max_hp_loss":0,"event_name":"Falling","floor":37,"gold_loss":0},{"damage_healed":0,"gold_gain":0,"player_choice":"Forge","damage_taken":0,"max_hp_gain":0,"max_hp_loss":0,"event_name":"Accursed Blacksmith","floor":38,"gold_loss":0,"cards_upgraded":["Dark Embrace"]}],"is_beta":false,"boss_relics":[{"not_picked":["Ectoplasm","Lizard Tail"],"picked":"Tiny House"},{"not_picked":["Orrery","Coffee Dripper"],"picked":"Astrolabe"}],"items_purged_floors":[5,20],"is_endless":false,"potions_floor_spawned":[1,2,12,13,21,25,29,35],"killed_by":"3 Shapes","ascension_level":20}