{"gold_per_floor":[116,116,135,135,155,182,200,200,200,226,226,249,263,44,44,135,135,155,125,143,168,25,25,64,80,80,99,99,129,129,145,145,223,223,238,252,352,371,381,410,410,410,410,427,453,453,507,507,507,507],"floor_reached":51,"playtime":6483,"items_purged":[],"score":1357,"play_id":"80e81e33-7d0e-4da5-a007-335ede3ecaa0","local_time":"20190513222218","is_ascension_mode":true,"campfire_choices":[{"data":"Quick Slash","floor":8,"key":"SMITH"},{"floor":15,"key":"REST"},{"floor":23,"key":"REST"},{"floor":30,"key":"REST"},{"floor":32,"key":"REST"},{"floor":42,"key":"REST"},{"floor":46,"key":"REST"},{"floor":49,"key":"REST"}],"neow_cost":"NONE","seed_source_timestamp":122055609059103,"circlet_count":0,"master_deck":["AscendersBane","Defend_G","Defend_G","Defend_G","Defend_G+1","Defend_G+1","Strike_G","Strike_G","Strike_G","Survivor","Neutralize","Dash","Quick Slash+1","PiercingWail","Concentrate+1","Deadly Poison+1","Deadly Poison+1","PiercingWail+1","Malaise+1","Well Laid Plans","Night Terror+1","Dodge and Roll+1","Acrobatics+1","Adrenaline+1","Backflip+1","Bullet Time+1","Reflex+1","Corpse Explosion+1","Deadly Poison+1","Catalyst+1","Well Laid Plans+1","Adrenaline+1","Reflex+1"],"relics":["Ring of the Snake","War Paint","Snake Skull","Toxic Egg 2","Singing Bowl","Gremlin Horn","Bloody Idol","Fusion Hammer","Oddly Smooth Stone","Gambling Chip","Mercury Hourglass","Black Star","Tough Bandages","Kunai","Matryoshka","Strawberry","Blue Candle","Smiling Mask","Boot","Nunchaku"],"potions_floor_usage":[12,29,29,39],"damage_taken":[{"damage":0,"enemies":"Small Slimes","floor":1,"turns":3},{"damage":0,"enemies":"2 Louse","floor":3,"turns":3},{"damage":2,"enemies":"Jaw Worm","floor":5,"turns":3},{"damage":15,"enemies":"Gremlin Nob","floor":6,"turns":5},{"damage":6,"enemies":"Blue Slaver","floor":7,"turns":5},{"damage":17,"enemies":"Lagavulin","floor":10,"turns":6},{"damage":4,"enemies":"Large Slime","floor":12,"turns":5},{"damage":0,"enemies":"Lots of Slimes","floor":13,"turns":3},{"damage":18,"enemies":"Slime Boss","floor":16,"turns":17},{"damage":7,"enemies":"Shell Parasite","floor":18,"turns":5},{"damage":16,"enemies":"2 Thieves","floor":19,"turns":5},{"damage":6,"enemies":"Shelled Parasite and Fungi","floor":20,"turns":6},{"damage":12,"enemies":"Cultist and Chosen","floor":21,"turns":7},{"damage":6,"enemies":"Book of Stabbing","floor":24,"turns":9},{"damage":0,"enemies":"Centurion and Healer","floor":25,"turns":7},{"damage":0,"enemies":"Snecko","floor":27,"turns":5},{"damage":2,"enemies":"Slavers","floor":29,"turns":7},{"damage":0,"enemies":"Snake Plant","floor":31,"turns":4},{"damage":61,"enemies":"Champ","floor":33,"turns":15},{"damage":0,"enemies":"3 Darklings","floor":35,"turns":3},{"damage":0,"enemies":"Orb Walker","floor":36,"turns":3},{"damage":0,"enemies":"Mind Bloom Boss Battle","floor":37,"turns":3},{"damage":11,"enemies":"Maw","floor":38,"turns":5},{"damage":8,"enemies":"Jaw Worm Horde","floor":39,"turns":3},{"damage":0,"enemies":"Giant Head","floor":40,"turns":4},{"damage":16,"enemies":"3 Darklings","floor":44,"turns":3},{"damage":3,"enemies":"Nemesis","floor":45,"turns":3},{"damage":0,"enemies":"2 Orb Walkers","floor":47,"turns":2},{"damage":27,"enemies":"Time Eater","floor":50,"turns":5}],"seed_played":"480531642367458839","potions_obtained":[{"floor":3,"key":"Ancient Potion"},{"floor":5,"key":"LiquidBronze"},{"floor":10,"key":"Explosive Potion"},{"floor":20,"key":"Fire Potion"},{"floor":27,"key":"Fire Potion"},{"floor":33,"key":"EssenceOfSteel"},{"floor":36,"key":"SkillPotion"},{"floor":44,"key":"GhostInAJar"}],"is_trial":false,"path_per_floor":["M","?","M","?","M","E","M","R","T","E","?","M","M","$","R","B",null,"M","M","M","M","$","R","E","M","T","M","?","E","R","M","R","B",null,"M","M","?","M","M","E","?","R","T","M","E","R","?","?","R","B",null],"character_chosen":"THE_SILENT","items_purchased":["Malaise+1","Well Laid Plans","Adrenaline+1"],"campfire_rested":7,"item_purchase_floors":[14,14,22],"current_hp_per_floor":[59,33,33,55,53,38,32,32,32,15,15,13,13,13,31,13,50,43,27,23,13,13,32,26,28,28,30,30,33,54,59,70,14,56,61,66,72,66,65,72,72,76,83,72,76,85,87,87,87,60],"gold":507,"neow_bonus":"RANDOM_COMMON_RELIC","is_prod":false,"is_daily":false,"chose_seed":false,"campfire_upgraded":1,"win_rate":0,"timestamp":1557778938,"path_taken":["M","?","M","?","M","E","M","R","T","E","?","M","M","$","R","BOSS","M","M","M","M","$","R","E","M","T","M","?","E","R","M","R","BOSS","M","M","?","M","M","E","?","R","T","M","E","R","?","?","R","BOSS"],"build_version":"2019-01-23","purchased_purges":0,"victory":true,"max_hp_per_floor":[66,66,66,66,66,66,66,66,66,66,60,62,62,62,62,62,62,62,62,64,66,66,66,66,68,68,70,70,70,70,70,70,70,70,70,70,72,72,74,76,76,76,83,83,85,85,87,87,87,87],"card_choices":[{"not_picked":["Dodge and Roll","Flying Knee"],"picked":"Dash","floor":1},{"not_picked":["Backflip","Heel Hook"],"picked":"Quick Slash","floor":3},{"not_picked":["Outmaneuver","Sucker Punch"],"picked":"PiercingWail","floor":5},{"not_picked":["Blur","Underhanded Strike"],"picked":"Concentrate","floor":6},{"not_picked":["Calculated Gamble+1","Cloak And Dagger+1"],"picked":"Deadly Poison+1","floor":7},{"not_picked":["Caltrops","Underhanded Strike"],"picked":"Deadly Poison+1","floor":10},{"not_picked":["Storm of Steel+1","Slice","Sucker Punch"],"picked":"Singing Bowl","floor":12},{"not_picked":["Caltrops","Endless Agony"],"picked":"PiercingWail+1","floor":13},{"not_picked":["Venomology+1","Bullet Time+1"],"picked":"Night Terror+1","floor":16},{"not_picked":["Leg Sweep+1","Well Laid Plans"],"picked":"Dodge and Roll+1","floor":18},{"not_picked":["Slice","Quick Slash"],"picked":"Acrobatics+1","floor":19},{"not_picked":["Acrobatics+1","Choke","Deflect+1"],"picked":"Singing Bowl","floor":20},{"not_picked":["Prepared+1","Flying Knee","Underhanded Strike"],"picked":"Singing Bowl","floor":21},{"not_picked":["Endless Agony","Leg Sweep+1"],"picked":"Backflip+1","floor":24},{"not_picked":["Quick Slash","Poisoned Stab+1","Outmaneuver+1"],"picked":"Singing Bowl","floor":25},{"not_picked":["Outmaneuver+1","Acrobatics+1","Flying Knee"],"picked":"Singing Bowl","floor":27},{"not_picked":["Riddle With Holes","Blade Dance+1"],"picked":"Bullet Time+1","floor":29},{"not_picked":["Sucker Punch","Deadly Poison+1"],"picked":"Reflex+1","floor":31},{"not_picked":["A Thousand Cuts","Tools of the Trade"],"picked":"Corpse Explosion+1","floor":33},{"not_picked":["Backflip+1","Infinite Blades"],"picked":"Deadly Poison+1","floor":35},{"not_picked":["Well Laid Plans","Dodge and Roll+1"],"picked":"Catalyst+1","floor":36},{"not_picked":["Finisher+1","Underhanded Strike","Dagger Spray"],"picked":"Singing Bowl","floor":37},{"not_picked":["A Thousand Cuts","Flying Knee"],"picked":"Well Laid Plans+1","floor":38},{"not_picked":["Caltrops","Slice","Bane+1"],"picked":"Singing Bowl","floor":39},{"not_picked":["Deflect+1","Blur+1","Outmaneuver+1"],"picked":"Singing Bowl","floor":40},{"not_picked":["Quick Slash+1","Slice+1"],"picked":"Adrenaline+1","floor":44},{"not_picked":["Backflip+1","Prepared+1","All Out Attack"],"picked":"Singing Bowl","floor":45},{"not_picked":["Deflect+1","Calculated Gamble+1","Setup+1"],"picked":"Singing Bowl","floor":47}],"player_experience":859978,"relics_obtained":[{"floor":6,"key":"Toxic Egg 2"},{"floor":9,"key":"Singing Bowl"},{"floor":10,"key":"Gremlin Horn"},{"floor":24,"key":"Oddly Smooth Stone"},{"floor":26,"key":"Gambling Chip"},{"floor":29,"key":"Mercury Hourglass"},{"floor":37,"key":"Tough Bandages"},{"floor":40,"key":"Kunai"},{"floor":40,"key":"Matryoshka"},{"floor":43,"key":"Strawberry"},{"floor":43,"key":"Blue Candle"},{"floor":45,"key":"Smiling Mask"},{"floor":45,"key":"Boot"},{"floor":47,"key":"Nunchaku"}],"event_choices":[{"damage_healed":0,"gold_gain":0,"player_choice":"Success","damage_taken":26,"relics_obtained":["Snake Skull"],"max_hp_gain":0,"max_hp_loss":0,"event_name":"Scrap Ooze","floor":2,"gold_loss":0},{"damage_healed":22,"gold_gain":0,"player_choice":"Banana","damage_taken":0,"max_hp_gain":0,"max_hp_loss":0,"event_name":"Big Fish","floor":4,"gold_loss":0},{"damage_healed":0,"gold_gain":0,"player_choice":"Lose Max HP","damage_taken":0,"relics_obtained":["Golden Idol"],"max_hp_gain":0,"max_hp_loss":6,"event_name":"Golden Idol","floor":11,"gold_loss":0},{"damage_healed":0,"gold_gain":0,"player_choice":"Gave Idol","damage_taken":0,"relics_obtained":["Bloody Idol"],"max_hp_gain":0,"max_hp_loss":0,"event_name":"Forgotten Altar","floor":28,"relics_lost":["Golden Idol"],"gold_loss":0},{"damage_healed":0,"gold_gain":0,"player_choice":"Fight","damage_taken":0,"max_hp_gain":0,"max_hp_loss":0,"event_name":"MindBloom","floor":37,"gold_loss":0},{"cards_removed":["Strike_G"],"damage_healed":0,"gold_gain":0,"player_choice":"Removed Attack","damage_taken":0,"max_hp_gain":0,"max_hp_loss":0,"event_name":"Falling","floor":41,"gold_loss":0},{"damage_healed":0,"gold_gain":0,"player_choice":"Fight","damage_taken":0,"max_hp_gain":0,"max_hp_loss":0,"event_name":"Mysterious Sphere","floor":47,"gold_loss":0},{"damage_healed":0,"gold_gain":0,"cards_transformed":["Strike_G"],"player_choice":"Transformed","damage_taken":0,"max_hp_gain":0,"max_hp_loss":0,"event_name":"Transmorgrifier","floor":48,"gold_loss":0,"cards_obtained":["Reflex"]}],"is_beta":false,"boss_relics":[{"not_picked":["Busted Crown","Lizard Tail"],"picked":"Fusion Hammer"},{"not_picked":["Empty Cage","WristBlade"],"picked":"Black Star"}],"items_purged_floors":[],"is_endless":false,"potions_floor_spawned":[3,5,10,20,21,27,33,36,38,44,45],"ascension_level":15}