{"gold_per_floor":[119,134,151,19,37,37,65,65,92,107,121,132,4,30,30,109,109,122,137,148,148,166,166,198,11,89,89,99,24,43,77,77,152,152,165,178,189,139,139,139,169,183,208,208],"floor_reached":44,"playtime":4108,"items_purged":["Strike_G","Strike_G"],"score":988,"play_id":"5fc19875-d2ca-48a2-bb61-b19237aa274d","local_time":"20190730224045","is_ascension_mode":true,"campfire_choices":[{"floor":6,"key":"REST"},{"floor":8,"key":"REST"},{"floor":15,"key":"REST"},{"floor":23,"key":"REST"},{"floor":27,"key":"REST"},{"floor":32,"key":"REST"},{"floor":40,"key":"REST"}],"neow_cost":"NONE","seed_source_timestamp":104701289245800,"circlet_count":0,"master_deck":["AscendersBane","Strike_G","Strike_G","Strike_G","Defend_G","Defend_G","Defend_G","Defend_G","Defend_G","Survivor","Neutralize","Dagger Throw","Calculated Gamble","Dash","Sucker Punch","Predator","Dash","Noxious Fumes","Adrenaline","Blur","Noxious Fumes","Burst","Terror","Blur","Quick Slash","Bouncing Flask","Footwork","Dash","Adrenaline","PiercingWail","PiercingWail","Thinking Ahead","Acrobatics","Normality"],"relics":["Fusion Hammer","Happy Flower","Bronze Scales","Boot","Cursed Key","Regal Pillow","Ninja Scroll","Gambling Chip","Snecko Eye","Potion Belt"],"potions_floor_usage":[14,14,16,19,24,24,41,41],"damage_taken":[{"damage":1,"enemies":"Cultist","floor":1,"turns":4},{"damage":7,"enemies":"Small Slimes","floor":2,"turns":4},{"damage":8,"enemies":"2 Louse","floor":3,"turns":3},{"damage":0,"enemies":"Looter","floor":5,"turns":4},{"damage":24,"enemies":"3 Sentries","floor":7,"turns":10},{"damage":3,"enemies":"Blue Slaver","floor":10,"turns":3},{"damage":1,"enemies":"2 Fungi Beasts","floor":11,"turns":3},{"damage":5,"enemies":"3 Louse","floor":12,"turns":3},{"damage":8,"enemies":"Lagavulin","floor":14,"turns":5},{"damage":9,"enemies":"Hexaghost","floor":16,"turns":10},{"damage":0,"enemies":"3 Byrds","floor":18,"turns":4},{"damage":0,"enemies":"Chosen","floor":19,"turns":3},{"damage":13,"enemies":"Snake Plant","floor":20,"turns":4},{"damage":27,"enemies":"Shelled Parasite and Fungi","floor":22,"turns":5},{"damage":21,"enemies":"Slavers","floor":24,"turns":5},{"damage":20,"enemies":"Sentry and Sphere","floor":28,"turns":4},{"damage":8,"enemies":"Snake Plant","floor":30,"turns":3},{"damage":11,"enemies":"Book of Stabbing","floor":31,"turns":5},{"damage":27,"enemies":"Champ","floor":33,"turns":13},{"damage":0,"enemies":"3 Shapes","floor":35,"turns":4},{"damage":0,"enemies":"Orb Walker","floor":36,"turns":3},{"damage":21,"enemies":"3 Darklings","floor":37,"turns":4},{"damage":33,"enemies":"Reptomancer","floor":41,"turns":8},{"damage":0,"enemies":"4 Shapes","floor":42,"turns":7},{"damage":47,"enemies":"Maw","floor":44,"turns":5}],"seed_played":"3965093470398409935","potions_obtained":[{"floor":3,"key":"Dexterity Potion"},{"floor":14,"key":"Dexterity Potion"},{"floor":16,"key":"SneckoOil"},{"floor":20,"key":"SteroidPotion"},{"floor":22,"key":"GamblersBrew"},{"floor":30,"key":"GhostInAJar"},{"floor":31,"key":"Fire Potion"},{"floor":41,"key":"FearPotion"},{"floor":42,"key":"FearPotion"}],"is_trial":false,"path_per_floor":["M","M","M","$","M","R","E","R","T","M","M","M","$","E","R","B",null,"M","M","M","?","M","R","E","$","T","R","M","?","M","E","R","B",null,"M","M","M","$","?","R","E","M","T","M"],"character_chosen":"THE_SILENT","items_purchased":["FearPotion","Blur","Noxious Fumes","Footwork","PiercingWail"],"campfire_rested":7,"item_purchase_floors":[4,13,13,25,38],"current_hp_per_floor":[58,51,43,43,43,62,38,57,57,54,53,48,48,40,59,50,62,62,62,49,49,22,41,20,20,20,54,34,34,26,15,49,22,55,55,55,34,34,34,66,33,33,33,0],"gold":208,"neow_bonus":"BOSS_RELIC","is_prod":false,"is_daily":false,"chose_seed":false,"campfire_upgraded":0,"win_rate":0,"timestamp":1564519245,"path_taken":["M","M","M","$","M","R","E","R","T","M","M","M","?","E","R","BOSS","M","M","M","?","M","R","E","$","T","R","M","?","M","E","R","BOSS","M","?","M","$","?","R","E","M","T","M"],"build_version":"2019-07-17","purchased_purges":2,"victory":false,"max_hp_per_floor":[66,66,66,66,66,66,66,66,66,66,66,66,66,66,66,66,66,66,66,66,66,66,66,66,66,66,66,66,66,66,66,66,66,66,66,66,66,66,66,66,66,66,66,66],"card_choices":[{"not_picked":["Blade Dance","Deflect"],"picked":"Dagger Throw","floor":1},{"not_picked":["Blade Dance","Slice"],"picked":"Calculated Gamble","floor":2},{"not_picked":["Underhanded Strike","Concentrate"],"picked":"Dash","floor":3},{"not_picked":["Finisher","Outmaneuver"],"picked":"Sucker Punch","floor":5},{"not_picked":["Poisoned Stab","Finisher"],"picked":"Predator","floor":7},{"not_picked":["Quick Slash","Sucker Punch"],"picked":"Dash","floor":10},{"not_picked":["Poisoned Stab","Catalyst"],"picked":"Noxious Fumes","floor":11},{"not_picked":["Escape Plan","Underhanded Strike"],"picked":"Adrenaline","floor":12},{"not_picked":["Storm of Steel","A Thousand Cuts"],"picked":"Burst","floor":16},{"not_picked":["Deflect","Underhanded Strike"],"picked":"Terror","floor":18},{"not_picked":["Expertise","Dagger Spray"],"picked":"Blur","floor":19},{"not_picked":["Cloak And Dagger","Flechettes"],"picked":"Quick Slash","floor":20},{"not_picked":["All Out Attack","Concentrate"],"picked":"Bouncing Flask","floor":24},{"not_picked":["Deflect+1","Bullet Time"],"picked":"Dash","floor":28},{"not_picked":["Glass Knife","A Thousand Cuts"],"picked":"Adrenaline","floor":33},{"not_picked":["Dagger Throw","Deflect"],"picked":"PiercingWail","floor":36},{"not_picked":["Mind Blast","Deep Breath"],"picked":"Thinking Ahead","floor":39},{"not_picked":["Dagger Throw","Deadly Poison"],"picked":"Acrobatics","floor":41}],"player_experience":1338621,"relics_obtained":[{"floor":7,"key":"Happy Flower"},{"floor":9,"key":"Bronze Scales"},{"floor":14,"key":"Boot"},{"floor":24,"key":"Regal Pillow"},{"floor":26,"key":"Ninja Scroll"},{"floor":31,"key":"Gambling Chip"},{"floor":41,"key":"Potion Belt"}],"event_choices":[{"damage_healed":0,"gold_gain":0,"player_choice":"Ignored","damage_taken":0,"max_hp_gain":0,"max_hp_loss":0,"event_name":"Vampires","floor":21,"gold_loss":0},{"cards_removed":["Doubt"],"damage_healed":0,"gold_gain":0,"player_choice":"Single Remove","damage_taken":0,"max_hp_gain":0,"max_hp_loss":0,"event_name":"Designer","floor":29,"gold_loss":75},{"damage_healed":0,"gold_gain":0,"player_choice":"Memory 1","damage_taken":0,"max_hp_gain":0,"max_hp_loss":0,"event_name":"SensoryStone","floor":39,"gold_loss":0}],"is_beta":false,"boss_relics":[{"not_picked":["WristBlade","Philosopher\u0027s Stone"],"picked":"Cursed Key"},{"not_picked":["Sozu","Black Star"],"picked":"Snecko Eye"}],"items_purged_floors":[4,25],"is_endless":false,"potions_floor_spawned":[3,10,12,14,16,20,22,30,31,41,42],"killed_by":"Maw","ascension_level":20}