{"gold_per_floor":[116,127,202,29,29,29,49,81,81,81,81,111,111,36,36,135,135,159,179,179,4,23,56,56,56],"floor_reached":25,"playtime":681,"items_purged":["Pain"],"score":454,"play_id":"607470cd-f02e-4b8d-8ff1-9ca895bcda24","local_time":"20190704212504","is_ascension_mode":true,"campfire_choices":[{"data":"Zap","floor":6,"key":"SMITH"},{"data":"Consume","floor":10,"key":"SMITH"},{"floor":15,"key":"REST"},{"floor":24,"key":"REST"}],"neow_cost":"NONE","seed_source_timestamp":478397392071700,"circlet_count":0,"master_deck":["AscendersBane","Strike_B","Defend_B","Defend_B","Defend_B","Defend_B","Zap+1","Dualcast","Coolheaded","Consume+1","Rip and Tear","Creative AI","White Noise","Cold Snap+1","Static Discharge","Cold Snap","Turbo","Defragment"],"relics":["Cracked Core","NeowsBlessing","PreservedInsect","StoneCalendar","Emotion Chip","Unceasing Top","Golden Idol","Fusion Hammer","WarpedTongs","Kunai"],"potions_floor_usage":[8,16,22,25],"damage_taken":[{"damage":0,"enemies":"Small Slimes","floor":1,"turns":1},{"damage":0,"enemies":"Cultist","floor":2,"turns":1},{"damage":0,"enemies":"Jaw Worm","floor":7,"turns":1},{"damage":32,"enemies":"Gremlin Nob","floor":8,"turns":4},{"damage":5,"enemies":"Lagavulin","floor":12,"turns":7},{"damage":22,"enemies":"The Guardian","floor":16,"turns":10},{"damage":9,"enemies":"3 Byrds","floor":18,"turns":5},{"damage":10,"enemies":"Chosen","floor":19,"turns":5},{"damage":12,"enemies":"3 Cultists","floor":22,"turns":7},{"damage":25,"enemies":"Book of Stabbing","floor":23,"turns":5},{"damage":43,"enemies":"Slavers","floor":25,"turns":2}],"seed_played":"8317252870300433688","potions_obtained":[{"floor":2,"key":"SteroidPotion"},{"floor":12,"key":"LiquidBronze"},{"floor":16,"key":"FairyPotion"},{"floor":18,"key":"Strength Potion"},{"floor":19,"key":"Regen Potion"},{"floor":23,"key":"FocusPotion"}],"is_trial":false,"path_per_floor":["M","M","?","$","?","R","M","E","T","R","?","E","?","?","R","B",null,"M","M","?","$","M","E","R","E"],"character_chosen":"DEFECT","items_purchased":["PreservedInsect","Static Discharge","Cold Snap"],"campfire_rested":2,"item_purchase_floors":[4,21,21],"current_hp_per_floor":[64,64,53,53,53,53,53,21,21,21,21,16,16,16,35,13,51,42,32,32,32,35,10,29,0],"gold":56,"neow_bonus":"THREE_ENEMY_KILL","is_prod":false,"is_daily":false,"chose_seed":false,"campfire_upgraded":2,"win_rate":0,"timestamp":1562243104,"path_taken":["M","M","?","$","?","R","?","E","T","R","?","E","?","?","R","BOSS","M","M","?","$","M","E","R","E"],"build_version":"2019-07-01","purchased_purges":1,"victory":false,"max_hp_per_floor":[71,71,71,71,71,71,71,71,71,71,71,71,64,64,64,64,64,64,64,64,64,64,64,64,64],"card_choices":[{"not_picked":["Compile Driver","Skim","Beam Cell"],"picked":"SKIP","floor":1},{"not_picked":["Steam","Gash","Beam Cell"],"picked":"SKIP","floor":2},{"not_picked":["Rebound","Undo"],"picked":"Coolheaded","floor":7},{"not_picked":["Reinforced Body","Go for the Eyes"],"picked":"Consume","floor":8},{"not_picked":["Blizzard","Chaos","Biased Cognition"],"picked":"SKIP","floor":12},{"not_picked":["Thunder Strike","Seek"],"picked":"Creative AI","floor":16},{"not_picked":["Storm+1","Compile Driver"],"picked":"White Noise","floor":18},{"not_picked":["Compile Driver","Ball Lightning"],"picked":"Cold Snap+1","floor":19},{"not_picked":["Barrage+1","Beam Cell"],"picked":"Turbo","floor":22},{"not_picked":["Recycle","Gash"],"picked":"Defragment","floor":23}],"player_experience":928508,"relics_obtained":[{"floor":8,"key":"StoneCalendar"},{"floor":9,"key":"Emotion Chip"},{"floor":12,"key":"Unceasing Top"},{"floor":23,"key":"Kunai"}],"event_choices":[{"damage_healed":0,"gold_gain":75,"player_choice":"Gather Gold","damage_taken":11,"max_hp_gain":0,"max_hp_loss":0,"event_name":"World of Goop","floor":3,"gold_loss":0},{"cards_removed":["Strike_B"],"damage_healed":0,"gold_gain":0,"player_choice":"Offered Basic","damage_taken":0,"max_hp_gain":0,"max_hp_loss":0,"event_name":"Bonfire Elementals","floor":5,"gold_loss":0},{"damage_healed":0,"gold_gain":0,"cards_transformed":["Strike_B"],"player_choice":"Change","damage_taken":0,"max_hp_gain":0,"max_hp_loss":0,"event_name":"Living Wall","floor":11,"gold_loss":0,"cards_obtained":["Rip and Tear"]},{"damage_healed":0,"gold_gain":0,"player_choice":"Lose Max HP","damage_taken":0,"relics_obtained":["Golden Idol"],"max_hp_gain":0,"max_hp_loss":7,"event_name":"Golden Idol","floor":13,"gold_loss":0},{"cards_removed":["Strike_B"],"damage_healed":0,"gold_gain":0,"player_choice":"Card Removal","damage_taken":0,"max_hp_gain":0,"max_hp_loss":0,"event_name":"The Cleric","floor":14,"gold_loss":75},{"damage_healed":0,"gold_gain":0,"player_choice":"Rummage","damage_taken":0,"relics_obtained":["WarpedTongs"],"max_hp_gain":0,"max_hp_loss":0,"event_name":"Accursed Blacksmith","floor":20,"gold_loss":0,"cards_obtained":["Pain"]}],"is_beta":false,"boss_relics":[{"not_picked":["Busted Crown","Empty Cage"],"picked":"Fusion Hammer"}],"items_purged_floors":[21],"is_endless":false,"potions_floor_spawned":[2,12,16,18,19,23],"killed_by":"Slavers","ascension_level":20}