{"gold_per_floor":[115,40,40,40,60,60,60,60,60,91,13,13,25,58,58,129,129,103,103,113,388,398,398,155,155,207,207,225,236,261,274,274,348,348,362,362,373,383,399,426,426,440,440,440,450,483,383,483,483,483,483,483,483,16,50,50],"floor_reached":57,"playtime":2292,"items_purged":["Regret","Normality","Sever Soul"],"score":3005,"play_id":"325a7d8a-6797-4101-a344-c2c509db06e1","local_time":"20190723213322","is_ascension_mode":true,"campfire_choices":[{"data":"Bash","floor":6,"key":"SMITH"},{"floor":8,"key":"REST"},{"data":"Rampage","floor":15,"key":"SMITH"},{"data":"Immolate","floor":23,"key":"SMITH"},{"data":"Dark Embrace","floor":25,"key":"SMITH"},{"data":"Fiend Fire","floor":27,"key":"SMITH"},{"data":"Body Slam","floor":32,"key":"SMITH"},{"data":"Feel No Pain","floor":41,"key":"SMITH"},{"floor":44,"key":"RECALL"},{"data":"Second Wind","floor":49,"key":"SMITH"},{"data":"Pommel Strike","floor":53,"key":"SMITH"}],"neow_cost":"NONE","seed_source_timestamp":365760158020300,"circlet_count":0,"master_deck":["AscendersBane","Strike_R+1","Defend_R+1","Defend_R","Defend_R","Defend_R","Bash+1","Dark Embrace+1","Seeing Red","Second Wind+1","Feel No Pain+1","Power Through","Rampage+1","Fiend Fire+1","Immolate+1","Power Through","Body Slam+1","Demon Form+1","Pommel Strike+1","Battle Trance+1","Seeing Red"],"relics":["Burning Blood","Singing Bowl","Orichalcum","Frozen Egg 2","Runic Pyramid","Anchor","Happy Flower","Cursed Key","Pantograph","Mummified Hand","FossilizedHelix","Paper Frog","Letter Opener"],"potions_floor_usage":[10,14,14,20,56,56],"damage_taken":[{"damage":15,"enemies":"Small Slimes","floor":1,"turns":5},{"damage":16,"enemies":"Jaw Worm","floor":5,"turns":4},{"damage":34,"enemies":"3 Sentries","floor":10,"turns":13},{"damage":9,"enemies":"2 Louse","floor":13,"turns":4},{"damage":1,"enemies":"Lagavulin","floor":14,"turns":11},{"damage":34,"enemies":"Hexaghost","floor":16,"turns":11},{"damage":12,"enemies":"2 Thieves","floor":18,"turns":4},{"damage":18,"enemies":"3 Byrds","floor":20,"turns":4},{"damage":0,"enemies":"3 Cultists","floor":22,"turns":5},{"damage":2,"enemies":"Snake Plant","floor":28,"turns":2},{"damage":0,"enemies":"Snecko","floor":29,"turns":3},{"damage":0,"enemies":"Gremlin Leader","floor":30,"turns":5},{"damage":0,"enemies":"Sentry and Sphere","floor":31,"turns":4},{"damage":27,"enemies":"Automaton","floor":33,"turns":9},{"damage":1,"enemies":"3 Shapes","floor":35,"turns":4},{"damage":1,"enemies":"Orb Walker","floor":37,"turns":2},{"damage":6,"enemies":"4 Shapes","floor":38,"turns":4},{"damage":0,"enemies":"Spire Growth","floor":39,"turns":4},{"damage":0,"enemies":"Giant Head","floor":40,"turns":5},{"damage":0,"enemies":"3 Darklings","floor":42,"turns":4},{"damage":8,"enemies":"Jaw Worm Horde","floor":45,"turns":3},{"damage":0,"enemies":"Reptomancer","floor":46,"turns":4},{"damage":0,"enemies":"Mind Bloom Boss Battle","floor":48,"turns":3},{"damage":0,"enemies":"Time Eater","floor":50,"turns":7},{"damage":7,"enemies":"Donu and Deca","floor":51,"turns":10},{"damage":0,"enemies":"Shield and Spear","floor":55,"turns":4},{"damage":18,"enemies":"The Heart","floor":56,"turns":7}],"seed_played":"-4970967021772402644","potions_obtained":[{"floor":5,"key":"Fire Potion"},{"floor":10,"key":"Regen Potion"},{"floor":13,"key":"SkillPotion"},{"floor":18,"key":"Explosive Potion"},{"floor":28,"key":"Dexterity Potion"},{"floor":29,"key":"Weak Potion"}],"is_trial":false,"path_per_floor":["M","?","$","?","M","R","?","R","T","E","$","?","M","E","R","B",null,"M","?","M","?","M","R","$","R","T","R","M","M","E","M","R","B",null,"M","?","M","M","M","E","R","M","T","R","M","E","$","?","R","B","B",null,"R","$","E","B",null],"character_chosen":"IRONCLAD","items_purchased":["Feel No Pain","Anchor","PowerPotion","Paper Frog"],"campfire_rested":1,"item_purchase_floors":[11,24,54,54],"current_hp_per_floor":[59,59,59,59,49,49,26,48,48,20,20,20,19,39,39,11,61,57,57,47,47,55,55,55,55,55,55,59,67,73,81,81,60,80,85,85,89,89,91,93,93,95,95,95,95,99,99,101,101,101,100,101,101,101,101,89],"gold":50,"neow_bonus":"ONE_RANDOM_RARE_CARD","is_prod":false,"is_daily":false,"chose_seed":false,"campfire_upgraded":9,"win_rate":0,"timestamp":1563885202,"path_taken":["M","?","$","?","M","R","?","R","T","E","$","?","?","E","R","BOSS","M","?","M","?","M","R","$","R","T","R","M","?","E","M","R","BOSS","M","?","M","M","M","E","R","?","T","R","M","E","$","?","R","BOSS","BOSS","R","$","E","BOSS"],"build_version":"2019-07-17","purchased_purges":3,"victory":true,"max_hp_per_floor":[75,75,75,75,75,75,75,75,75,75,75,75,77,77,77,77,77,79,79,81,81,83,83,83,83,83,83,83,85,85,87,87,87,87,87,87,89,89,91,93,93,95,95,95,97,99,99,101,101,101,101,101,101,101,101,101],"card_choices":[{"not_picked":["Sword Boomerang","Clash","Iron Wave"],"picked":"SKIP","floor":1},{"not_picked":["Perfected Strike","Rage"],"picked":"Seeing Red","floor":5},{"not_picked":["Shrug It Off","Brutality"],"picked":"Second Wind","floor":10},{"not_picked":["Headbutt","Cleave","Wild Strike"],"picked":"Singing Bowl","floor":13},{"not_picked":["Anger","Warcry"],"picked":"Rampage","floor":14},{"not_picked":["Limit Break","Feed"],"picked":"Fiend Fire","floor":16},{"not_picked":["Sword Boomerang+1","Perfected Strike","Anger"],"picked":"Singing Bowl","floor":18},{"not_picked":["Inflame+1","Ghostly Armor","Clothesline"],"picked":"Singing Bowl","floor":20},{"not_picked":["Reckless Charge+1","Searing Blow","Combust+1"],"picked":"Singing Bowl","floor":22},{"not_picked":["Clash","Rupture+1"],"picked":"Power Through","floor":28},{"not_picked":["Anger","Perfected Strike","Cleave"],"picked":"Singing Bowl","floor":29},{"not_picked":["Shrug It Off","Blood for Blood"],"picked":"Body Slam","floor":30},{"not_picked":["Wild Strike","Thunderclap","Warcry"],"picked":"Singing Bowl","floor":31},{"not_picked":["Immolate","Brutality+1"],"picked":"Demon Form+1","floor":33},{"not_picked":["Flex+1","Spot Weakness+1"],"picked":"Pommel Strike","floor":35},{"not_picked":["Sword Boomerang","Perfected Strike","Twin Strike+1"],"picked":"Singing Bowl","floor":37},{"not_picked":["Hemokinesis","Inflame+1"],"picked":"Battle Trance+1","floor":38},{"not_picked":["Havoc+1","Warcry","Pommel Strike"],"picked":"Singing Bowl","floor":39},{"not_picked":["Sentinel","Cleave","Battle Trance"],"picked":"Singing Bowl","floor":40},{"not_picked":["Heavy Blade","Brutality+1","Pummel"],"picked":"Singing Bowl","floor":42},{"not_picked":["Heavy Blade","Clothesline+1","Pummel"],"picked":"Singing Bowl","floor":45},{"not_picked":["Wild Strike+1","Blood for Blood","Uppercut"],"picked":"Singing Bowl","floor":46},{"not_picked":["Cleave","Heavy Blade","Fire Breathing+1"],"picked":"Singing Bowl","floor":48},{"not_picked":["Dropkick","Rampage"],"picked":"Seeing Red","floor":55}],"player_experience":1157998,"relics_obtained":[{"floor":9,"key":"Singing Bowl"},{"floor":10,"key":"Orichalcum"},{"floor":14,"key":"Frozen Egg 2"},{"floor":30,"key":"Happy Flower"},{"floor":43,"key":"Pantograph"},{"floor":46,"key":"Mummified Hand"},{"floor":48,"key":"FossilizedHelix"},{"floor":55,"key":"Letter Opener"}],"event_choices":[{"cards_removed":["Strike_R"],"damage_healed":0,"gold_gain":0,"player_choice":"Card Removal","damage_taken":0,"max_hp_gain":0,"max_hp_loss":0,"event_name":"The Cleric","floor":2,"gold_loss":75},{"damage_healed":0,"gold_gain":0,"player_choice":"Ignored","damage_taken":0,"max_hp_gain":0,"max_hp_loss":0,"event_name":"Liars Game","floor":4,"gold_loss":0},{"damage_healed":0,"gold_gain":0,"player_choice":"Entered Light","damage_taken":23,"max_hp_gain":0,"max_hp_loss":0,"event_name":"Shining Light","floor":7,"gold_loss":0,"cards_upgraded":["Strike_R","Defend_R"]},{"damage_healed":0,"gold_gain":0,"cards_transformed":["Strike_R"],"player_choice":"Transformed","damage_taken":0,"max_hp_gain":0,"max_hp_loss":0,"event_name":"Transmorgrifier","floor":12,"gold_loss":0,"cards_obtained":["Power Through"]},{"damage_healed":0,"gold_gain":0,"cards_transformed":["Strike_R","Strike_R"],"player_choice":"Became Test Subject","damage_taken":0,"max_hp_gain":0,"max_hp_loss":0,"event_name":"Drug Dealer","floor":19,"gold_loss":0,"cards_obtained":["Immolate","Sever Soul"]},{"damage_healed":0,"gold_gain":275,"player_choice":"Desecrate","damage_taken":0,"max_hp_gain":0,"max_hp_loss":0,"event_name":"Golden Shrine","floor":21,"gold_loss":0,"cards_obtained":["Regret"]},{"damage_healed":0,"gold_gain":0,"player_choice":"Ignored","damage_taken":0,"max_hp_gain":0,"max_hp_loss":0,"event_name":"SecretPortal","floor":36,"gold_loss":0},{"damage_healed":0,"gold_gain":0,"player_choice":"Fight","damage_taken":0,"max_hp_gain":0,"max_hp_loss":0,"event_name":"MindBloom","floor":48,"gold_loss":0}],"is_beta":false,"boss_relics":[{"not_picked":["Astrolabe","Runic Dome"],"picked":"Runic Pyramid"},{"not_picked":["Velvet Choker","White Beast Statue"],"picked":"Cursed Key"}],"items_purged_floors":[24,47,54],"is_endless":false,"potions_floor_spawned":[5,10,13,18,28,29,33,35,37,38,42,48],"ascension_level":20}