{"gold_per_floor":[109,79,89,105,116,116,135,135,214,234,267,280,129,148,148,222,222,241,252,252,265,265,265,265],"floor_reached":24,"playtime":866,"items_purged":["Strike_G"],"score":504,"play_id":"f731b396-d583-44a7-bb2f-51f6b89a03b0","local_time":"20190728222545","is_ascension_mode":true,"campfire_choices":[{"data":"Catalyst","floor":6,"key":"SMITH"},{"data":"Dagger Throw","floor":8,"key":"SMITH"},{"data":"Noxious Fumes","floor":15,"key":"SMITH"},{"data":"Deadly Poison","floor":23,"key":"SMITH"}],"neow_cost":"NONE","seed_source_timestamp":802344022795900,"circlet_count":0,"master_deck":["AscendersBane","Strike_G","Strike_G","Defend_G","Defend_G","Defend_G","Defend_G","Defend_G","Survivor","Neutralize","PiercingWail","Sucker Punch","Slice","Catalyst+1","Dagger Throw+1","Deflect","Heel Hook","Noxious Fumes+1","Footwork","Deadly Poison+1","Corpse Explosion","Dodge and Roll","Finisher","Accuracy","PiercingWail"],"relics":["Ring of the Snake","Anchor","The Courier","Calipers","Velvet Choker"],"potions_floor_usage":[2,11,11,18],"damage_taken":[{"damage":0,"enemies":"2 Louse","floor":1,"turns":4},{"damage":0,"enemies":"Cultist","floor":3,"turns":4},{"damage":4,"enemies":"Small Slimes","floor":4,"turns":3},{"damage":9,"enemies":"Exordium Wildlife","floor":5,"turns":6},{"damage":5,"enemies":"Lots of Slimes","floor":7,"turns":7},{"damage":0,"enemies":"3 Louse","floor":10,"turns":3},{"damage":4,"enemies":"Gremlin Nob","floor":11,"turns":4},{"damage":2,"enemies":"2 Fungi Beasts","floor":12,"turns":5},{"damage":6,"enemies":"Red Slaver","floor":14,"turns":4},{"damage":0,"enemies":"Hexaghost","floor":16,"turns":8},{"damage":10,"enemies":"3 Byrds","floor":18,"turns":3},{"damage":25,"enemies":"Chosen","floor":19,"turns":5},{"damage":30,"enemies":"Sentry and Sphere","floor":21,"turns":6},{"damage":16,"enemies":"Book of Stabbing","floor":24,"turns":4}],"seed_played":"8669678619771217906","potions_obtained":[{"floor":2,"key":"Fruit Juice"},{"floor":2,"key":"PowerPotion"},{"floor":3,"key":"Energy Potion"},{"floor":4,"key":"GhostInAJar"},{"floor":12,"key":"FairyPotion"},{"floor":14,"key":"LiquidBronze"},{"floor":18,"key":"EssenceOfSteel"},{"floor":19,"key":"FairyPotion"}],"is_trial":false,"path_per_floor":["M","?","M","M","M","R","M","R","T","M","E","M","$","M","R","B",null,"M","M","?","M","?","R","E"],"character_chosen":"THE_SILENT","items_purchased":["Noxious Fumes","Footwork"],"campfire_rested":0,"item_purchase_floors":[13,13],"current_hp_per_floor":[59,64,64,60,51,51,46,46,46,46,42,40,40,34,34,34,62,52,27,27,5,5,5,0],"gold":265,"neow_bonus":"RANDOM_COMMON_RELIC","is_prod":false,"is_daily":false,"chose_seed":false,"campfire_upgraded":4,"win_rate":0,"timestamp":1564320345,"path_taken":["M","?","M","M","M","R","M","R","T","M","E","M","$","M","R","BOSS","M","?","?","M","?","R","E"],"build_version":"2019-07-17","purchased_purges":1,"victory":false,"max_hp_per_floor":[66,71,71,71,71,71,71,71,71,71,71,71,71,71,71,71,71,71,71,71,71,71,71,71],"card_choices":[{"not_picked":["Quick Slash","Acrobatics"],"picked":"PiercingWail","floor":1},{"not_picked":["Cloak And Dagger","Prepared"],"picked":"Sucker Punch","floor":3},{"not_picked":["Flechettes","Sucker Punch"],"picked":"Slice","floor":4},{"not_picked":["Flying Knee","Outmaneuver"],"picked":"Catalyst","floor":5},{"not_picked":["Dodge and Roll","Blade Dance"],"picked":"Dagger Throw","floor":7},{"not_picked":["Flechettes","Concentrate","Blade Dance"],"picked":"SKIP","floor":10},{"not_picked":["Infinite Blades","Cloak And Dagger"],"picked":"Deflect","floor":11},{"not_picked":["Phantasmal Killer","Leg Sweep"],"picked":"Heel Hook","floor":12},{"not_picked":["Slice","Skewer"],"picked":"Deadly Poison","floor":14},{"not_picked":["Bullet Time","Die Die Die"],"picked":"Corpse Explosion","floor":16},{"not_picked":["Bane","Sucker Punch"],"picked":"Dodge and Roll","floor":18},{"not_picked":["Sucker Punch","Dodge and Roll","Dagger Throw"],"picked":"SKIP","floor":19},{"not_picked":["Cloak And Dagger","Underhanded Strike"],"picked":"PiercingWail","floor":21}],"player_experience":1270003,"relics_obtained":[{"floor":9,"key":"The Courier"},{"floor":11,"key":"Calipers"}],"event_choices":[{"damage_healed":0,"gold_gain":0,"player_choice":"Bought 2 Potions","damage_taken":0,"max_hp_gain":0,"max_hp_loss":0,"event_name":"The Woman in Blue","floor":2,"gold_loss":0},{"damage_healed":0,"gold_gain":0,"cards_transformed":["Strike_G","Strike_G"],"player_choice":"Became Test Subject","damage_taken":0,"max_hp_gain":0,"max_hp_loss":0,"event_name":"Drug Dealer","floor":20,"gold_loss":0,"cards_obtained":["Finisher","Accuracy"]},{"damage_healed":0,"gold_gain":0,"player_choice":"Ignored","damage_taken":0,"max_hp_gain":0,"max_hp_loss":0,"event_name":"Cursed Tome","floor":22,"gold_loss":0}],"is_beta":false,"boss_relics":[{"not_picked":["WristBlade","Astrolabe"],"picked":"Velvet Choker"}],"items_purged_floors":[13],"is_endless":false,"potions_floor_spawned":[3,4,12,14,18,19],"killed_by":"Book of Stabbing","ascension_level":20}