{"gold_per_floor":[359,359,359,19,37,71,71,100,172,172,172,172,172,206,206,285,285,305,34,45,64,84,84,116,116,116,154,166,178,202,230,242,333,345,357,369,481,513,597,609,646,658,670,693,730,761,785,831,843,855,867,879,891,65,92,92],"floor_reached":57,"playtime":2513,"items_purged":["Strike_R","Strike_R"],"score":3267,"play_id":"8fca598b-14cf-4316-949a-4b32e38797b4","local_time":"20190715175720","is_ascension_mode":true,"campfire_choices":[{"floor":7.0,"key":"REST"},{"floor":10.0,"key":"REST"},{"floor":12.0,"key":"REST"},{"floor":15.0,"key":"REST"},{"floor":23.0,"key":"DIG"},{"floor":25.0,"key":"REST"},{"floor":28.0,"key":"DIG"},{"floor":32.0,"key":"DIG"},{"floor":40,"key":"DIG"},{"floor":42,"key":"DIG"},{"floor":49,"key":"RECALL"},{"floor":53,"key":"DIG"}],"neow_cost":"PERCENT_DAMAGE","seed_source_timestamp":229076250246000,"circlet_count":0,"master_deck":["AscendersBane","Strike_R","Defend_R","Defend_R","Defend_R","Defend_R+1","Bash","Shrug It Off","Apotheosis+1","Corruption+1","Twin Strike+1","Flame Barrier","Feel No Pain","Juggernaut","Havoc+1","Second Wind","Body Slam+1","Feed+1","Seeing Red","Pommel Strike","Fiend Fire","Shrug It Off","Sentinel","Battle Trance","Havoc+1","Reaper+1","Shrug It Off","True Grit+1"],"special_seed":0,"relics":["Burning Blood","Vajra","War Paint","Self Forming Clay","Question Card","GremlinMask","Shovel","Runic Pyramid","Bottled Tornado","Blood Vial","Ice Cream","MawBank","Sundial","Whetstone","Bag of Preparation","Empty Cage","Dead Branch","Molten Egg 2","Paper Frog","Mango","Red Skull","Du-Vu Doll","Art of War","Bag of Marbles","Mercury Hourglass","Pen Nib","Ornamental Fan","HandDrill","Champion Belt"],"potions_floor_usage":[35,56],"damage_taken":[{"damage":7.0,"enemies":"Small Slimes","floor":1.0,"turns":3.0},{"damage":3.0,"enemies":"2 Louse","floor":5.0,"turns":3.0},{"damage":44.0,"enemies":"3 Sentries","floor":6.0,"turns":12.0},{"damage":26.0,"enemies":"Gremlin Nob","floor":8.0,"turns":4.0},{"damage":20.0,"enemies":"Lagavulin","floor":14.0,"turns":5.0},{"damage":29.0,"enemies":"The Guardian","floor":16.0,"turns":13.0},{"damage":10.0,"enemies":"2 Thieves","floor":18.0,"turns":5.0},{"damage":12.0,"enemies":"3 Byrds","floor":20.0,"turns":4.0},{"damage":19.0,"enemies":"Snake Plant","floor":21.0,"turns":4.0},{"damage":15.0,"enemies":"Centurion and Healer","floor":22.0,"turns":4.0},{"damage":22.0,"enemies":"Gremlin Leader","floor":24.0,"turns":6.0},{"damage":28.0,"enemies":"Slavers","floor":27.0,"turns":4.0},{"damage":0.0,"enemies":"Snecko","floor":30.0,"turns":4.0},{"damage":0.0,"enemies":"3 Cultists","floor":31.0,"turns":4.0},{"damage":8,"enemies":"Champ","floor":33,"turns":8},{"damage":1,"enemies":"3 Darklings","floor":35,"turns":2},{"damage":0,"enemies":"Mind Bloom Boss Battle","floor":37,"turns":5},{"damage":0,"enemies":"Orb Walker","floor":38,"turns":2},{"damage":0,"enemies":"Nemesis","floor":41,"turns":3},{"damage":0,"enemies":"Writhing Mass","floor":44,"turns":5},{"damage":2,"enemies":"Giant Head","floor":45,"turns":6},{"damage":11,"enemies":"Jaw Worm Horde","floor":46,"turns":2},{"damage":0,"enemies":"4 Shapes","floor":47,"turns":2},{"damage":0,"enemies":"Reptomancer","floor":48,"turns":2},{"damage":6,"enemies":"Time Eater","floor":50,"turns":3},{"damage":19,"enemies":"Awakened One","floor":51,"turns":5},{"damage":0,"enemies":"Shield and Spear","floor":55,"turns":3},{"damage":30,"enemies":"The Heart","floor":56,"turns":6}],"seed_played":"5492213614375950527","potions_obtained":[{"floor":8.0,"key":"SneckoOil"},{"floor":14.0,"key":"Swift Potion"},{"floor":16.0,"key":"Fire Potion"},{"floor":20.0,"key":"Energy Potion"},{"floor":24.0,"key":"Energy Potion"},{"floor":29.0,"key":"SmokeBomb"},{"floor":29.0,"key":"Weak Potion"},{"floor":37,"key":"BloodPotion"},{"floor":46,"key":"GamblersBrew"}],"is_trial":false,"path_per_floor":["M","?","?","$","M","E","R","E","T","R","?","R","?","E","R","B",null,"M","$","M","M","M","R","E","R","T","E","R","?","M","M","R","B",null,"M","T","?","M","T","R","E","R","T","M","E","M","M","E","R","B","B",null,"R","$","E","B",null],"character_chosen":"IRONCLAD","items_purchased":["Apotheosis","Corruption","Bottled Tornado","Pen Nib","Ornamental Fan","HandDrill","Shrug It Off"],"campfire_rested":5,"item_purchase_floors":[4,4,19,54,54,54,54],"current_hp_per_floor":[49,49,42,42,45,7,29,9,9,31,8,30,30,16,38,15,60,56,56,50,37,28,28,18,41,41,25,25,25,37,49,49,49,81,88,88,95,95,95,95,109,109,109,109,113,112,117,117,117,117,121,121,121,121,125,110],"gold":92,"neow_bonus":"TWO_FIFTY_GOLD","is_prod":false,"is_daily":false,"chose_seed":false,"campfire_upgraded":0,"win_rate":0,"timestamp":1563181040,"path_taken":["M","?","?","$","M","E","R","E","T","R","?","R","?","E","R","BOSS","M","?","M","?","M","R","E","R","T","E","R","?","M","?","R","BOSS","M","?","?","M","?","R","E","R","T","M","E","?","M","E","R","BOSS","BOSS","R","$","E","BOSS"],"build_version":"2019-07-05","purchased_purges":2,"victory":true,"max_hp_per_floor":[75,75,75,75,75,75,75,75,75,75,75,75,75,75,75,75,75,75,75,75,75,75,75,79,79,79,83,83,83,87,91,91,91,91,91,91,95,95,95,95,109,109,109,109,113,117,117,117,117,117,121,121,121,121,125,125],"card_choices":[{"not_picked":["Havoc","Rage"],"picked":"Shrug It Off","floor":1.0},{"not_picked":["Cleave","Wild Strike"],"picked":"Twin Strike","floor":5.0},{"not_picked":["Flex","Rupture"],"picked":"Flame Barrier","floor":6.0},{"not_picked":["Blood for Blood","Armaments","Havoc"],"picked":"SKIP","floor":8.0},{"not_picked":["Second Wind","Brutality","Heavy Blade"],"picked":"Feel No Pain","floor":14.0},{"not_picked":["Dark Embrace","Immolate","Berserk"],"picked":"Juggernaut","floor":16.0},{"not_picked":["Flex","Reckless Charge","Pommel Strike"],"picked":"Havoc+1","floor":18.0},{"not_picked":["Iron Wave+1","Evolve","Inflame+1"],"picked":"Second Wind","floor":20.0},{"not_picked":["Pommel Strike","Headbutt+1","Ghostly Armor"],"picked":"Body Slam","floor":21.0},{"not_picked":["Flex","Uppercut","Sword Boomerang"],"picked":"Feed","floor":22.0},{"not_picked":["Twin Strike","Intimidate","Iron Wave"],"picked":"Seeing Red","floor":24.0},{"not_picked":["Whirlwind","Bludgeon","Flex","Heavy Blade+1"],"picked":"SKIP","floor":27.0},{"not_picked":["Havoc","Sever Soul","Body Slam"],"picked":"Pommel Strike","floor":30.0},{"not_picked":["Carnage","Clash+1","Hemokinesis","Iron Wave"],"picked":"SKIP","floor":31.0},{"not_picked":["Exhume","Brutality","Reaper"],"picked":"Fiend Fire","floor":33},{"not_picked":["Cleave","Flex","Bloodletting"],"picked":"Shrug It Off","floor":38},{"not_picked":["Clothesline+1","Fire Breathing","Sword Boomerang+1","Warcry+1"],"picked":"SKIP","floor":41},{"not_picked":["Wild Strike+1","Clothesline+1","Twin Strike+1","Fire Breathing"],"picked":"SKIP","floor":44},{"not_picked":["Reckless Charge+1","Clash+1","Blood for Blood+1"],"picked":"Sentinel","floor":45},{"not_picked":["Rage","Anger+1","Iron Wave+1"],"picked":"Battle Trance","floor":46},{"not_picked":["Rupture+1","Blood for Blood+1","Thunderclap+1"],"picked":"Havoc+1","floor":47},{"not_picked":["Hemokinesis+1","Heavy Blade+1","Flex"],"picked":"Reaper+1","floor":48},{"not_picked":["Wild Strike+1","Blood for Blood+1","Perfected Strike+1"],"picked":"True Grit+1","floor":55}],"player_experience":1043491,"relics_obtained":[{"floor":6.0,"key":"War Paint"},{"floor":8.0,"key":"Self Forming Clay"},{"floor":9.0,"key":"Question Card"},{"floor":14.0,"key":"Shovel"},{"floor":23.0,"key":"Blood Vial"},{"floor":24.0,"key":"Ice Cream"},{"floor":26.0,"key":"MawBank"},{"floor":27.0,"key":"Sundial"},{"floor":28.0,"key":"Whetstone"},{"floor":32.0,"key":"Bag of Preparation"},{"floor":37,"key":"Dead Branch"},{"floor":39,"key":"Molten Egg 2"},{"floor":40,"key":"Paper Frog"},{"floor":41,"key":"Mango"},{"floor":42,"key":"Red Skull"},{"floor":43,"key":"Du-Vu Doll"},{"floor":45,"key":"Art of War"},{"floor":48,"key":"Bag of Marbles"},{"floor":53,"key":"Mercury Hourglass"},{"floor":55,"key":"Champion Belt"}],"event_choices":[{"damage_healed":0.0,"max_hp_gain":0.0,"max_hp_loss":0.0,"gold_gain":0.0,"event_name":"Big Fish","player_choice":"Box","floor":2.0,"gold_loss":0.0,"damage_taken":0.0,"relics_obtained":["Vajra"],"cards_obtained":["Regret"]},{"cards_removed":["Regret"],"damage_healed":0.0,"max_hp_gain":0.0,"max_hp_loss":0.0,"gold_gain":0.0,"event_name":"Golden Wing","player_choice":"Card Removal","floor":3.0,"gold_loss":0.0,"damage_taken":7.0},{"damage_healed":0.0,"max_hp_gain":0.0,"max_hp_loss":0.0,"gold_gain":0.0,"event_name":"Shining Light","player_choice":"Entered Light","floor":11.0,"gold_loss":0.0,"damage_taken":23.0,"cards_upgraded":["Twin Strike","Corruption"]},{"damage_healed":0.0,"max_hp_gain":0.0,"max_hp_loss":0.0,"gold_gain":0.0,"event_name":"FaceTrader","player_choice":"Trade","floor":13.0,"gold_loss":0.0,"damage_taken":0.0,"relics_obtained":["GremlinMask"]},{"damage_healed":0.0,"max_hp_gain":0.0,"max_hp_loss":0.0,"gold_gain":0.0,"event_name":"Lab","player_choice":"Got Potions","floor":29.0,"gold_loss":0.0,"damage_taken":0.0},{"damage_healed":0,"gold_gain":0,"player_choice":"Fight","damage_taken":0,"max_hp_gain":0,"max_hp_loss":0,"event_name":"MindBloom","floor":37,"gold_loss":0}],"is_beta":false,"boss_relics":[{"not_picked":["Lizard Tail","Tiny House"],"picked":"Runic Pyramid"},{"not_picked":["Cursed Key","Velvet Choker"],"picked":"Empty Cage"}],"items_purged_floors":[4,54],"is_endless":false,"potions_floor_spawned":[8,14,16,20,24,30,31,37,38,46],"ascension_level":20}