{"gold_per_floor":[117,131,131,22,37,37,55,55,126,152,152,13,13,26,26,99,99,111,111,111,121,46,46,46,80,92,104,143,430,456,144,144,222,222,237,162,178,193,193,223,223,236,236,236,236,250,268,299,299,299],"floor_reached":50,"playtime":2761,"items_purged":["Strike_G+1","Regret"],"score":1205,"play_id":"ab47e374-4cf7-4074-9808-2ec1690273cc","local_time":"20190715210630","is_ascension_mode":true,"campfire_choices":[{"data":"Crippling Poison","floor":6.0,"key":"SMITH"},{"data":"Neutralize","floor":8.0,"key":"SMITH"},{"data":"Cloak And Dagger","floor":11.0,"key":"SMITH"},{"data":"Poisoned Stab","floor":13.0,"key":"SMITH"},{"data":"Deadly Poison","floor":15.0,"key":"SMITH"},{"data":"Footwork","floor":23.0,"key":"SMITH"},{"data":"Well Laid Plans","floor":27.0,"key":"SMITH"},{"floor":32.0,"key":"REST"},{"data":"Ghostly","floor":41.0,"key":"SMITH"},{"floor":49,"key":"REST"}],"neow_cost":"PERCENT_DAMAGE","seed_source_timestamp":240076567426400,"circlet_count":0,"master_deck":["AscendersBane","Defend_G+1","Defend_G+1","Defend_G+1","Defend_G+1","Defend_G+1","Survivor","Neutralize+1","Cloak And Dagger+1","Crippling Poison+1","Well Laid Plans+1","Escape Plan","After Image","Escape Plan","Corpse Explosion","Poisoned Stab+1","Deadly Poison+1","Doppelganger","Footwork+1","Dagger Spray+1","Ghostly+1","Ghostly","Ghostly","Escape Plan","Footwork+1","Adrenaline","Acrobatics","Eviscerate+1","Caltrops","Catalyst+1","Outmaneuver","Madness","Madness","Dark Shackles","Backflip","Caltrops","Dodge and Roll","Deflect"],"special_seed":0,"relics":["Ring of the Serpent","Ice Cream","Bag of Preparation","MawBank","Molten Egg 2","Nunchaku","Art of War","Empty Cage","Bag of Marbles","Prayer Wheel","FossilizedHelix"],"potions_floor_usage":[48,48],"damage_taken":[{"damage":4.0,"enemies":"Small Slimes","floor":1.0,"turns":4.0},{"damage":2.0,"enemies":"Cultist","floor":2.0,"turns":4.0},{"damage":3.0,"enemies":"Jaw Worm","floor":5.0,"turns":5.0},{"damage":1.0,"enemies":"Blue Slaver","floor":7.0,"turns":4.0},{"damage":4.0,"enemies":"3 Sentries","floor":10.0,"turns":11.0},{"damage":3.0,"enemies":"Looter","floor":14.0,"turns":3.0},{"damage":9.0,"enemies":"Hexaghost","floor":16.0,"turns":8.0},{"damage":0.0,"enemies":"Shell Parasite","floor":18.0,"turns":6.0},{"damage":0.0,"enemies":"2 Thieves","floor":19.0,"turns":1.0},{"damage":0.0,"enemies":"Centurion and Healer","floor":21.0,"turns":7.0},{"damage":16.0,"enemies":"Book of Stabbing","floor":25.0,"turns":8.0},{"damage":5.0,"enemies":"Slavers","floor":28.0,"turns":4.0},{"damage":5.0,"enemies":"Shelled Parasite and Fungi","floor":30.0,"turns":6.0},{"damage":1.0,"enemies":"Collector","floor":33.0,"turns":11.0},{"damage":0.0,"enemies":"3 Shapes","floor":35.0,"turns":6.0},{"damage":3.0,"enemies":"Orb Walker","floor":37.0,"turns":6.0},{"damage":0.0,"enemies":"Jaw Worm Horde","floor":38.0,"turns":4.0},{"damage":0.0,"enemies":"Giant Head","floor":40.0,"turns":8.0},{"damage":0.0,"enemies":"4 Shapes","floor":42.0,"turns":3.0},{"damage":1.0,"enemies":"Transient","floor":46.0,"turns":6.0},{"damage":0.0,"enemies":"3 Darklings","floor":47.0,"turns":2.0},{"damage":14,"enemies":"Reptomancer","floor":48,"turns":9},{"damage":16,"enemies":"Awakened One","floor":50,"turns":5}],"seed_played":"-3781711191428503334","potions_obtained":[{"floor":2.0,"key":"GamblersBrew"},{"floor":5.0,"key":"SmokeBomb"},{"floor":7.0,"key":"AttackPotion"},{"floor":16.0,"key":"EssenceOfSteel"},{"floor":21.0,"key":"SkillPotion"},{"floor":25.0,"key":"Weak Potion"},{"floor":28.0,"key":"Fire Potion"},{"floor":30.0,"key":"Swift Potion"},{"floor":42.0,"key":"FearPotion"},{"floor":46.0,"key":"SpeedPotion"},{"floor":47.0,"key":"Dexterity Potion"},{"floor":48,"key":"FearPotion"}],"is_trial":false,"path_per_floor":["M","M","?","$","M","R","M","R","T","E","R","$","R","M","R","B",null,"M","M","?","M","$","R","?","E","T","R","E","?","M","$","R","B",null,"M","?","M","M","?","E","R","M","T","?","?","M","M","E","R","B"],"character_chosen":"THE_SILENT","items_purchased":["Well Laid Plans","Dagger Throw","Corpse Explosion","Poisoned Stab","Art of War","Energy Potion"],"campfire_rested":2,"item_purchase_floors":[4,4,12,12,31,31],"current_hp_per_floor":[40,38,38,38,35,35,34,34,34,30,30,30,30,27,27,18,54,54,54,54,54,54,54,33,17,17,17,12,12,7,7,16,15,29,29,29,26,26,20,20,20,20,20,20,16,15,15,1,10,0],"gold":299,"neow_bonus":"ONE_RARE_RELIC","is_prod":false,"is_daily":false,"chose_seed":false,"campfire_upgraded":8,"win_rate":0,"timestamp":1563192390,"path_taken":["M","M","?","?","M","R","M","R","T","E","R","$","R","M","R","BOSS","M","?","?","M","$","R","?","E","T","R","E","?","?","$","R","BOSS","M","?","?","M","?","E","R","M","T","?","?","M","M","E","R","BOSS"],"build_version":"2019-07-05","purchased_purges":2,"victory":false,"max_hp_per_floor":[66,66,66,66,66,66,66,66,66,66,66,66,66,66,66,66,66,66,66,66,66,66,66,33,33,33,33,33,33,33,33,33,33,33,33,33,33,33,33,33,33,33,33,33,33,33,33,33,33,33],"card_choices":[{"not_picked":["Underhanded Strike","Quick Slash"],"picked":"Cloak And Dagger","floor":1.0},{"not_picked":["Dagger Throw","Cloak And Dagger"],"picked":"Crippling Poison","floor":2.0},{"not_picked":["Calculated Gamble","Backflip"],"picked":"Escape Plan","floor":5.0},{"not_picked":["Heel Hook","Terror"],"picked":"After Image","floor":7.0},{"not_picked":["Backflip","Setup"],"picked":"Escape Plan","floor":10.0},{"not_picked":["Leg Sweep","Poisoned Stab"],"picked":"Deadly Poison","floor":14.0},{"not_picked":["Wraith Form v2","Unload"],"picked":"Doppelganger","floor":16.0},{"not_picked":["Flying Knee","Poisoned Stab"],"picked":"Footwork","floor":18.0},{"not_picked":["Predator","Backflip"],"picked":"Dagger Spray+1","floor":21.0},{"not_picked":["Backflip","Prepared"],"picked":"Escape Plan","floor":25.0},{"not_picked":["Poisoned Stab+1","Deadly Poison"],"picked":"Footwork+1","floor":28.0},{"not_picked":["Terror","Blade Dance","Expertise"],"picked":"SKIP","floor":30.0},{"not_picked":["Venomology","Glass Knife+1"],"picked":"Adrenaline","floor":33.0},{"not_picked":["Deadly Poison+1","Riddle With Holes+1"],"picked":"Acrobatics","floor":35.0},{"not_picked":["Backstab+1","Bouncing Flask+1"],"picked":"Catalyst+1","floor":37.0},{"not_picked":["Masterful Stab+1","Deflect"],"picked":"Outmaneuver","floor":38.0},{"not_picked":["Expertise","Dagger Throw+1","Well Laid Plans"],"picked":"SKIP","floor":40.0},{"not_picked":["Blade Dance","Crippling Poison","Flying Knee+1"],"picked":"SKIP","floor":42.0},{"not_picked":["Transmutation","Madness"],"picked":"Dark Shackles","floor":44.0},{"not_picked":["Sucker Punch+1","Underhanded Strike+1"],"picked":"Backflip","floor":46.0},{"not_picked":["Dagger Spray+1","Expertise"],"picked":"Caltrops","floor":46.0},{"not_picked":["Quick Slash+1","Acrobatics"],"picked":"Dodge and Roll","floor":47.0},{"not_picked":["Crippling Poison+1","Outmaneuver","Dagger Throw+1"],"picked":"SKIP","floor":47.0},{"not_picked":["Backstab+1","Masterful Stab+1"],"picked":"Deflect","floor":48}],"player_experience":1053951,"relics_obtained":[{"floor":10.0,"key":"Bag of Preparation"},{"floor":25.0,"key":"MawBank"},{"floor":26.0,"key":"Molten Egg 2"},{"floor":28.0,"key":"Nunchaku"},{"floor":40.0,"key":"Bag of Marbles"},{"floor":43.0,"key":"Prayer Wheel"},{"floor":48,"key":"FossilizedHelix"}],"event_choices":[{"cards_removed":["Strike_G"],"damage_healed":0.0,"max_hp_gain":0.0,"max_hp_loss":0.0,"gold_gain":0.0,"event_name":"Purifier","player_choice":"Purged","floor":3.0,"gold_loss":0.0,"damage_taken":0.0},{"damage_healed":0.0,"max_hp_gain":0.0,"max_hp_loss":0.0,"gold_gain":0.0,"event_name":"Back to Basics","player_choice":"Simplicity","floor":20.0,"gold_loss":0.0,"damage_taken":0.0,"cards_upgraded":["Strike_G","Strike_G","Strike_G","Strike_G","Defend_G","Defend_G","Defend_G","Defend_G","Defend_G"]},{"damage_healed":0.0,"max_hp_gain":0.0,"max_hp_loss":33.0,"gold_gain":0.0,"event_name":"Ghosts","player_choice":"Became a Ghost","floor":24.0,"gold_loss":0.0,"damage_taken":0.0,"cards_obtained":["Ghostly","Ghostly","Ghostly"]},{"damage_healed":0.0,"max_hp_gain":0.0,"max_hp_loss":0.0,"gold_gain":275.0,"event_name":"Golden Shrine","player_choice":"Desecrate","floor":29.0,"gold_loss":0.0,"damage_taken":0.0,"cards_obtained":["Regret"]},{"damage_healed":0.0,"max_hp_gain":0.0,"max_hp_loss":0.0,"gold_gain":0.0,"cards_transformed":["Strike_G","Dagger Throw"],"event_name":"Designer","player_choice":"Transformed Cards","floor":36.0,"gold_loss":75.0,"damage_taken":0.0,"cards_obtained":["Eviscerate","Caltrops"]},{"damage_healed":0.0,"max_hp_gain":0.0,"max_hp_loss":0.0,"gold_gain":0.0,"event_name":"Winding Halls","player_choice":"Embrace Madness","floor":39.0,"gold_loss":0.0,"damage_taken":6.0,"cards_obtained":["Madness","Madness"]},{"damage_healed":0.0,"max_hp_gain":0.0,"max_hp_loss":0.0,"gold_gain":0.0,"event_name":"SensoryStone","player_choice":"Memory 1","floor":44.0,"gold_loss":0.0,"damage_taken":0.0},{"damage_healed":0.0,"max_hp_gain":0.0,"max_hp_loss":0.0,"gold_gain":0.0,"event_name":"Wheel of Change","player_choice":"Damaged","floor":45.0,"gold_loss":0.0,"damage_taken":4.0}],"is_beta":false,"boss_relics":[{"not_picked":["Fusion Hammer","Calling Bell"],"picked":"Ring of the Serpent"},{"not_picked":["Busted Crown","Lizard Tail"],"picked":"Empty Cage"}],"items_purged_floors":[22,31],"is_endless":false,"potions_floor_spawned":[2,5,7,16,21,25,28,30,42,46,47,48],"killed_by":"Awakened One","ascension_level":20}