{"path_per_floor":["M","?","M","?","M","E","M","R","T","E","R","?","$","M","R","B",null,"M","M","?","$","M","R","M","?","T","M","R","M","$","M","R","B",null,"M","$","?","M","M","R","M","M","T","?","M"],"character_chosen":"THE_SILENT","items_purchased":["Master of Strategy","Bag of Preparation","Caltrops","Dexterity Potion","Footwork","War Paint"],"gold_per_floor":[112,187,197,197,211,243,253,253,253,288,288,288,79,95,95,191,191,203,213,213,34,46,46,66,66,66,79,79,91,4,14,14,117,147,163,6,0,18,37,37,57,76,76,76,91],"floor_reached":46,"campfire_rested":4,"playtime":8376,"current_hp_per_floor":[70,59,59,59,59,32,31,52,52,9,30,30,30,29,50,18,70,58,58,58,58,58,58,35,35,35,40,40,40,40,49,49,35,54,54,54,54,36,27,43,54,54,68,59,68],"items_purged":[],"gold":91,"score":412,"play_id":"5d79d8b6-7e55-4e5f-bc5b-b745fdf5ce57","is_prod":false,"is_daily":false,"is_ascension_mode":false,"campfire_upgraded":3,"path_taken":["M","?","?","?","M","E","M","R","T","E","R","?","$","M","R","BOSS","M","M","?","$","M","R","M","?","T","?","R","M","?","M","R","BOSS","M","?","?","M","?","R","M","M","T","?","M","E"],"build_version":"2018-02-08-PROD1","purchased_purges":0,"victory":false,"master_deck":["Defend_G","Defend_G","Defend_G","Defend_G+1","Defend_G","Survivor+1","Neutralize","After Image","Caltrops+1","Prepared+1","Master of Strategy","After Image","Backflip+1","Caltrops+1","Reflex+1","Bite","Bite","Bite","Bite","Bite","Footwork","Blur","Backflip+1","Well Laid Plans","Blur+1","Madness","Madness","Underhanded Strike+1"],"max_hp_per_floor":[70,70,70,70,70,70,70,70,70,70,70,70,70,70,70,70,70,70,70,70,70,70,70,70,49,49,49,49,49,49,49,49,49,54,54,54,54,54,54,54,54,54,68,68,68],"relics":["Ring of the Snake","NeowsBlessing","Paper Crane","Happy Flower","Calipers","Black Star","Bag of Preparation","Bird Faced Urn","Tiny House","War Paint","Red Mask","Mango"],"card_choices":[{"not_picked":["Choke","Backstab"],"picked":"After Image"},{"not_picked":["Sucker Punch","Escape Plan"],"picked":"Caltrops"},{"not_picked":["Bane","Well Laid Plans"],"picked":"Prepared"},{"not_picked":["Doppelganger","Burst"],"picked":"After Image"},{"not_picked":["Bouncing Flask","Dagger Spray"],"picked":"Backflip"},{"not_picked":["Dagger Throw","Dodge and Roll"],"picked":"Reflex"},{"not_picked":["Finisher","Eviscerate"],"picked":"Blur"},{"not_picked":["Dodge and Roll","Bane"],"picked":"Backflip"},{"not_picked":["Bane","Masterful Stab"],"picked":"Well Laid Plans"},{"not_picked":["Calculated Gamble","Quick Slash"],"picked":"Blur"},{"not_picked":["Flying Knee","Deadly Poison"],"picked":"Underhanded Strike"}],"player_experience":104951,"potions_floor_usage":[6,16,16,16,24,24,31,33,33,41,41,42,46],"damage_taken":[{"damage":0,"enemies":"Cultist","floor":1,"turns":1},{"damage":0,"enemies":"Small Slimes","floor":3,"turns":1},{"damage":0,"enemies":"Blue Slaver","floor":5,"turns":1},{"damage":27,"enemies":"Lagavulin","floor":6,"turns":10},{"damage":1,"enemies":"2 Fungi Beasts","floor":7,"turns":5},{"damage":43,"enemies":"Gremlin Nob","floor":10,"turns":7},{"damage":1,"enemies":"Lots of Slimes","floor":14,"turns":5},{"damage":32,"enemies":"Slime Boss","floor":16,"turns":21},{"damage":12,"enemies":"Spheric Guardian","floor":18,"turns":8},{"damage":0,"enemies":"3 Byrds","floor":19,"turns":3},{"damage":0,"enemies":"Snake Plant","floor":22,"turns":6},{"damage":23,"enemies":"3 Cultists","floor":24,"turns":6},{"damage":16,"enemies":"Snecko","floor":27,"turns":8},{"damage":18,"enemies":"Snake Plant","floor":29,"turns":4},{"damage":0,"enemies":"Sentry and Sphere","floor":31,"turns":9},{"damage":52,"enemies":"Automaton","floor":33,"turns":20},{"damage":0,"enemies":"3 Shapes","floor":35,"turns":17},{"damage":25,"enemies":"Orb Walker","floor":38,"turns":8},{"damage":45,"enemies":"4 Shapes","floor":39,"turns":16},{"damage":14,"enemies":"3 Darklings","floor":41,"turns":11},{"damage":3,"enemies":"Maw","floor":42,"turns":14},{"damage":0,"enemies":"Sphere and 2 Shapes","floor":45,"turns":11},{"damage":2,"enemies":"Giant Head","floor":46,"turns":11}],"event_choices":[{"event_name":"World of Goop","player_choice":"Gather Gold","floor":2,"damage_taken":0},{"event_name":"Upgrade Shrine","player_choice":"Upgraded","floor":4,"damage_taken":0},{"event_name":"Golden Idol","player_choice":"Ignored","floor":12,"damage_taken":0},{"event_name":"Addict","player_choice":"Ignored","floor":20,"damage_taken":0},{"event_name":"Vampires","player_choice":"Became a vampire","floor":25,"damage_taken":0},{"event_name":"Tomb of Lord Red Mask","player_choice":"Paid","floor":37,"damage_taken":0},{"event_name":"Winding Halls","player_choice":"Embrace Madness","floor":44,"damage_taken":0}],"boss_relics":[{"not_picked":["Runic Pyramid","Ectoplasm"],"picked":"Black Star"},{"not_picked":["The Specimen","Orrery"],"picked":"Tiny House"}],"potions_floor_spawned":[1,6,10,14,16,22,27,31,35,41,42,45],"seed_played":"8939024679668792327","killed_by":"Giant Head","ascension_level":0,"is_trial":false}