{"path_per_floor":["M","$","M","M","?","E","M","E","T","R","E","M","R","$","R"],"character_chosen":"THE_SILENT","items_purchased":["Footwork","Oddly Smooth Stone"],"gold_per_floor":[112,40,51,62,27,61,73,102,184,184,213,229,229,85,85],"floor_reached":16,"campfire_rested":2,"playtime":2593,"current_hp_per_floor":[64,64,51,51,68,54,54,38,38,59,47,46,67,67,67],"items_purged":[],"gold":85,"score":120,"play_id":"e0325121-c0ec-4710-95e5-d346ae20ede0","is_prod":false,"is_daily":false,"is_ascension_mode":false,"campfire_upgraded":1,"path_taken":["M","$","M","M","?","E","M","E","T","R","E","M","R","?","R","BOSS"],"build_version":"2018-02-15-PROD1","purchased_purges":0,"victory":false,"master_deck":["Defend_G","Defend_G","Defend_G","Defend_G","Defend_G","Strike_G","Strike_G","Strike_G","Strike_G","Strike_G","Survivor","Neutralize","Sucker Punch","Footwork","Footwork","Sucker Punch","Tools of the Trade+1","Distraction+1","Endless Agony","Dodge and Roll"],"max_hp_per_floor":[70,70,70,70,70,70,70,70,70,70,70,70,70,70,70],"relics":["Black Star","Meat on the Bone","Frozen Egg 2","Bottled Flame","Paper Crane","Matryoshka","Torii","Frozen Eye","Oddly Smooth Stone"],"card_choices":[{"not_picked":["Backflip","Prepared"],"picked":"Sucker Punch"},{"not_picked":["Prepared","Deadly Poison"],"picked":"Footwork"},{"not_picked":["Dodge and Roll","Outmaneuver"],"picked":"Sucker Punch"},{"not_picked":["PiercingWail","Deadly Poison"],"picked":"Tools of the Trade"},{"not_picked":["Infinite Blades","PiercingWail"],"picked":"Distraction"},{"not_picked":["Escape Plan","Acrobatics"],"picked":"Endless Agony"},{"not_picked":["Poisoned Stab","Deflect"],"picked":"Dodge and Roll"}],"player_experience":153210,"potions_floor_usage":[7,11,12],"damage_taken":[{"damage":6,"enemies":"Jaw Worm","floor":1,"turns":5},{"damage":13,"enemies":"2 Louse","floor":3,"turns":3},{"damage":0,"enemies":"Cultist","floor":4,"turns":5},{"damage":14,"enemies":"Lagavulin","floor":6,"turns":14},{"damage":0,"enemies":"Exordium Thugs","floor":7,"turns":6},{"damage":16,"enemies":"3 Sentries","floor":8,"turns":12},{"damage":12,"enemies":"Gremlin Nob","floor":11,"turns":6},{"damage":1,"enemies":"Exordium Wildlife","floor":12,"turns":5},{"damage":79,"enemies":"Hexaghost","floor":16,"turns":24}],"event_choices":[{"event_name":"The Cleric","player_choice":"Healed","floor":5,"damage_taken":0}],"boss_relics":[],"potions_floor_spawned":[6,8,11,12],"seed_played":"-1919823405569325643","killed_by":"Hexaghost","ascension_level":0,"is_trial":false}