{"gold_per_floor":[117,117,117,30,46,46,57,57,126,141,27,59,59,72,72,72],"floor_reached":16,"playtime":456,"items_purged":["Strike_R"],"score":200,"play_id":"f18fac9e-a661-4a02-845f-6ecdddaa5044","local_time":"20190728125009","is_ascension_mode":true,"campfire_choices":[{"data":"Inflame","floor":6,"key":"SMITH"},{"data":"Armaments","floor":8,"key":"SMITH"},{"floor":13,"key":"REST"},{"data":"Bash","floor":15,"key":"SMITH"}],"neow_cost":"NONE","seed_source_timestamp":768218262904600,"circlet_count":0,"master_deck":["AscendersBane","Strike_R","Strike_R","Strike_R","Strike_R","Defend_R","Defend_R","Defend_R","Defend_R","Bash+1","Inflame+1","Pommel Strike","Armaments+1","Corruption","Spot Weakness"],"relics":["Calling Bell","Happy Flower","Letter Opener","Ice Cream","Gremlin Horn","Self Forming Clay"],"potions_floor_usage":[],"damage_taken":[{"damage":14,"enemies":"Small Slimes","floor":1,"turns":4},{"damage":0,"enemies":"Cultist","floor":5,"turns":3},{"damage":14,"enemies":"2 Louse","floor":7,"turns":3},{"damage":6,"enemies":"Exordium Wildlife","floor":10,"turns":4},{"damage":22,"enemies":"3 Sentries","floor":12,"turns":7},{"damage":6,"enemies":"Looter","floor":14,"turns":3},{"damage":27,"enemies":"Hexaghost","floor":16,"turns":7}],"seed_played":"8353137069741626690","potions_obtained":[{"floor":7,"key":"Ancient Potion"}],"is_trial":false,"path_per_floor":["M","?","?","$","M","R","M","R","T","M","$","E","R","M","R","B"],"character_chosen":"IRONCLAD","items_purchased":["Inflame","Corruption"],"campfire_rested":1,"item_purchase_floors":[4,11],"current_hp_per_floor":[54,47,47,47,47,47,33,33,33,27,27,5,27,21,21,0],"gold":72,"neow_bonus":"BOSS_RELIC","is_prod":false,"is_daily":false,"chose_seed":false,"campfire_upgraded":3,"win_rate":0,"timestamp":1564285809,"path_taken":["M","?","?","$","?","R","M","R","T","M","$","E","R","?","R","BOSS"],"build_version":"2019-07-17","purchased_purges":1,"victory":false,"max_hp_per_floor":[75,75,75,75,75,75,75,75,75,75,75,75,75,75,75,75],"card_choices":[{"not_picked":["Clothesline","Fire Breathing","Infernal Blade"],"picked":"SKIP","floor":1},{"not_picked":["Uppercut","Perfected Strike"],"picked":"Pommel Strike","floor":5},{"not_picked":["Flex","Headbutt"],"picked":"Armaments","floor":7},{"not_picked":["Sever Soul","Rupture","Perfected Strike"],"picked":"SKIP","floor":10},{"not_picked":["Wild Strike","Hemokinesis","Cleave"],"picked":"SKIP","floor":12},{"not_picked":["Iron Wave","Searing Blow"],"picked":"Spot Weakness","floor":14}],"player_experience":1251315,"relics_obtained":[{"floor":0,"key":"Happy Flower"},{"floor":0,"key":"Letter Opener"},{"floor":0,"key":"Ice Cream"},{"floor":9,"key":"Gremlin Horn"},{"floor":12,"key":"Self Forming Clay"}],"event_choices":[{"cards_removed":["Normality"],"damage_healed":0,"gold_gain":0,"player_choice":"Card Removal","damage_taken":7,"max_hp_gain":0,"max_hp_loss":0,"event_name":"Golden Wing","floor":2,"gold_loss":0},{"cards_removed":["Clumsy","Normality"],"damage_healed":0,"gold_gain":0,"player_choice":"Removed Curses","damage_taken":0,"max_hp_gain":0,"max_hp_loss":0,"event_name":"Fountain of Cleansing","floor":3,"gold_loss":0}],"is_beta":false,"boss_relics":[],"items_purged_floors":[11],"is_endless":false,"potions_floor_spawned":[7],"killed_by":"Hexaghost","ascension_level":20}