{"gold_per_floor":[110,23,23,23,38,93,93,122,146,161,161,177,197,272,272,350,350,368,382,382,382,399,399,428,442,442,442,461,111,111,128,128,205,205,217,217,217,230,280,280,306,306,306,228,228,263,1,15,15,15],"floor_reached":50,"playtime":2867,"items_purged":[],"score":1156,"play_id":"fb546ed3-2b3c-45c0-9821-25b371b218cf","local_time":"20190701150134","is_ascension_mode":true,"campfire_choices":[{"data":"Neutralize","floor":7.0,"key":"SMITH"},{"data":"Footwork","floor":11.0,"key":"SMITH"},{"data":"Deadly Poison","floor":15.0,"key":"SMITH"},{"data":"A Thousand Cuts","floor":23.0,"key":"SMITH"},{"data":"Night Terror","floor":30.0,"key":"SMITH"},{"data":"Noxious Fumes","floor":32.0,"key":"SMITH"},{"data":"Malaise","floor":40.0,"key":"SMITH"},{"floor":42.0,"key":"REST"},{"floor":49,"key":"RECALL"}],"neow_cost":"NONE","seed_source_timestamp":193818282151000,"circlet_count":0,"master_deck":["AscendersBane","Survivor","Neutralize+1","Well Laid Plans","Caltrops+1","Deflect","Night Terror+1","Backstab","Footwork+1","Backflip","Deadly Poison+1","Malaise+1","Dodge and Roll","Leg Sweep+1","Caltrops","A Thousand Cuts+1","Expertise","Backflip+1","Backflip","Flying Knee","Heel Hook","Dodge and Roll+1","Noxious Fumes+1","Prepared","Escape Plan","Acrobatics","Reflex","Noxious Fumes+1","After Image","Die Die Die","Tools of the Trade+1","Dagger Spray+1","Noxious Fumes+1","Acrobatics+1","Setup+1","Outmaneuver+1","Concentrate","Madness","Madness","Cloak And Dagger"],"special_seed":0,"relics":["Ring of the Snake","NeowsBlessing","Tiny Chest","Paper Crane","Pen Nib","Pandora\u0027s Box","Ancient Tea Set","Oddly Smooth Stone","Astrolabe","War Paint","Blue Candle","Dead Branch","Bottled Tornado"],"potions_floor_usage":[48,48],"damage_taken":[{"damage":0.0,"enemies":"Jaw Worm","floor":1.0,"turns":1.0},{"damage":0.0,"enemies":"Cultist","floor":5.0,"turns":1.0},{"damage":0.0,"enemies":"Lagavulin","floor":6.0,"turns":1.0},{"damage":16.0,"enemies":"3 Sentries","floor":8.0,"turns":6.0},{"damage":3.0,"enemies":"2 Louse","floor":10.0,"turns":3.0},{"damage":0.0,"enemies":"Blue Slaver","floor":12.0,"turns":5.0},{"damage":19.0,"enemies":"Exordium Thugs","floor":13.0,"turns":4.0},{"damage":6.0,"enemies":"Hexaghost","floor":16.0,"turns":8.0},{"damage":11.0,"enemies":"3 Byrds","floor":18.0,"turns":5.0},{"damage":3.0,"enemies":"Shell Parasite","floor":19.0,"turns":6.0},{"damage":0.0,"enemies":"Colosseum Slavers","floor":20.0,"turns":7.0},{"damage":1.0,"enemies":"Snake Plant","floor":22.0,"turns":4.0},{"damage":9.0,"enemies":"Book of Stabbing","floor":24.0,"turns":6.0},{"damage":10.0,"enemies":"Cultist and Chosen","floor":25.0,"turns":6.0},{"damage":6.0,"enemies":"Centurion and Healer","floor":28.0,"turns":9.0},{"damage":7.0,"enemies":"Chosen and Byrds","floor":31.0,"turns":5.0},{"damage":18.0,"enemies":"Champ","floor":33.0,"turns":13.0},{"damage":31.0,"enemies":"3 Darklings","floor":35.0,"turns":6.0},{"damage":12.0,"enemies":"Orb Walker","floor":38.0,"turns":6.0},{"damage":24.0,"enemies":"Giant Head","floor":41.0,"turns":11.0},{"damage":18.0,"enemies":"Nemesis","floor":46.0,"turns":7.0},{"damage":1,"enemies":"Transient","floor":48,"turns":6},{"damage":12,"enemies":"Donu and Deca","floor":50,"turns":3}],"seed_played":"-3993469747338053120","potions_obtained":[{"floor":5.0,"key":"Explosive Potion"},{"floor":6.0,"key":"AttackPotion"},{"floor":12.0,"key":"PowerPotion"},{"floor":22.0,"key":"Regen Potion"},{"floor":25.0,"key":"Strength Potion"},{"floor":27.0,"key":"Regen Potion"},{"floor":27.0,"key":"SpeedPotion"},{"floor":31.0,"key":"AttackPotion"},{"floor":41.0,"key":"FearPotion"},{"floor":46.0,"key":"Block Potion"}],"is_trial":false,"path_per_floor":["M","$","?","?","M","E","R","E","T","M","R","M","M","?","R","B",null,"M","M","?","?","M","R","E","M","T","?","M","$","R","M","R","B",null,"M","?","?","M","?","R","E","R","T","$","?","E","$","M","R","B"],"character_chosen":"THE_SILENT","items_purchased":["Caltrops","Oddly Smooth Stone","Acrobatics","Reflex","Noxious Fumes","Concentrate","Bottled Tornado"],"campfire_rested":1,"item_purchase_floors":[2,29,29,29,29,44,47],"current_hp_per_floor":[59,59,64,64,64,64,64,48,48,45,45,45,26,15,15,9,56,45,42,42,42,41,41,47,37,37,37,31,31,31,24,24,21,59,28,58,58,46,46,46,22,39,39,39,29,11,11,10,10,0],"gold":15,"neow_bonus":"THREE_ENEMY_KILL","is_prod":false,"is_daily":false,"chose_seed":false,"campfire_upgraded":7,"win_rate":0,"timestamp":1561960894,"path_taken":["M","$","?","?","M","E","R","E","T","M","R","M","?","?","R","BOSS","M","M","?","?","?","R","E","M","T","?","?","$","R","M","R","BOSS","M","?","?","?","?","R","E","R","T","?","?","E","$","M","R","BOSS"],"build_version":"2019-01-23","purchased_purges":0,"victory":false,"max_hp_per_floor":[66,66,71,71,71,71,71,71,71,71,71,71,71,71,71,71,71,71,71,71,71,71,71,71,71,71,71,71,71,71,71,71,71,71,71,58,58,58,58,58,58,58,58,58,58,58,58,58,58,58],"card_choices":[{"not_picked":["Bane","Infinite Blades"],"picked":"Well Laid Plans","floor":1.0},{"not_picked":["Outmaneuver","Dodge and Roll"],"picked":"Deflect","floor":5.0},{"not_picked":["Setup","Reflex"],"picked":"Night Terror","floor":6.0},{"not_picked":["Quick Slash","Backflip"],"picked":"Backstab","floor":8.0},{"not_picked":["Backflip","Dodge and Roll"],"picked":"Footwork","floor":10.0},{"not_picked":["Bane","PiercingWail"],"picked":"Backflip","floor":12.0},{"not_picked":["Deflect","Slice"],"picked":"Deadly Poison","floor":13.0},{"not_picked":["Phantasmal Killer","Unload"],"picked":"Malaise","floor":16.0},{"not_picked":["Underhanded Strike","Outmaneuver"],"picked":"Backflip","floor":18.0},{"not_picked":["Dagger Spray","Quick Slash"],"picked":"Flying Knee","floor":19.0},{"not_picked":["Leg Sweep","Skewer"],"picked":"Dodge and Roll+1","floor":22.0},{"not_picked":["Blur","Cloak And Dagger"],"picked":"Noxious Fumes+1","floor":24.0},{"not_picked":["Flechettes","All Out Attack"],"picked":"Prepared","floor":25.0},{"not_picked":["Dagger Spray+1","Poisoned Stab"],"picked":"Escape Plan","floor":28.0},{"not_picked":["Accuracy+1","Eviscerate"],"picked":"After Image","floor":31.0},{"not_picked":["Doppelganger","Phantasmal Killer"],"picked":"Die Die Die","floor":33.0},{"not_picked":["Flechettes+1","Distraction"],"picked":"Acrobatics+1","floor":35.0},{"not_picked":["All Out Attack+1","Reflex"],"picked":"Setup+1","floor":38.0},{"not_picked":["Underhanded Strike","Dodge and Roll+1"],"picked":"Outmaneuver+1","floor":41.0},{"not_picked":["Poisoned Stab+1","Distraction+1"],"picked":"Cloak And Dagger","floor":46.0},{"not_picked":["Deadly Poison","Slice","Underhanded Strike"],"picked":"SKIP","floor":48}],"player_experience":882203,"relics_obtained":[{"floor":6.0,"key":"Tiny Chest"},{"floor":8.0,"key":"Paper Crane"},{"floor":9.0,"key":"Pen Nib"},{"floor":24.0,"key":"Ancient Tea Set"},{"floor":41.0,"key":"War Paint"},{"floor":43.0,"key":"Blue Candle"},{"floor":46.0,"key":"Dead Branch"}],"event_choices":[{"damage_healed":0.0,"max_hp_gain":5.0,"max_hp_loss":0.0,"gold_gain":0.0,"event_name":"Big Fish","player_choice":"Donut","floor":3.0,"gold_loss":0.0,"damage_taken":0.0},{"damage_healed":0.0,"max_hp_gain":0.0,"max_hp_loss":0.0,"gold_gain":0.0,"event_name":"Upgrade Shrine","player_choice":"Upgraded","floor":4.0,"gold_loss":0.0,"damage_taken":0.0,"cards_upgraded":["Caltrops"]},{"damage_healed":0.0,"max_hp_gain":0.0,"max_hp_loss":0.0,"gold_gain":75.0,"event_name":"World of Goop","player_choice":"Gather Gold","floor":14.0,"gold_loss":0.0,"damage_taken":11.0},{"damage_healed":0.0,"max_hp_gain":0.0,"max_hp_loss":0.0,"gold_gain":0.0,"event_name":"Colosseum","player_choice":"Fight","floor":20.0,"gold_loss":0.0,"damage_taken":0.0},{"damage_healed":0.0,"max_hp_gain":0.0,"max_hp_loss":0.0,"gold_gain":0.0,"event_name":"Colosseum","player_choice":"Fled From Nobs","floor":20.0,"gold_loss":0.0,"damage_taken":0.0},{"damage_healed":0.0,"max_hp_gain":0.0,"max_hp_loss":0.0,"gold_gain":0.0,"cards_transformed":["Phantasmal Killer","Finisher"],"event_name":"Drug Dealer","player_choice":"Became Test Subject","floor":21.0,"gold_loss":0.0,"damage_taken":0.0,"cards_obtained":["Heel Hook","Setup"]},{"damage_healed":0.0,"max_hp_gain":0.0,"max_hp_loss":0.0,"gold_gain":0.0,"event_name":"Lab","player_choice":"Got Potions","floor":27.0,"gold_loss":0.0,"damage_taken":0.0},{"damage_healed":58.0,"max_hp_gain":0.0,"max_hp_loss":13.0,"gold_gain":0.0,"event_name":"The Moai Head","player_choice":"Heal","floor":36.0,"gold_loss":0.0,"damage_taken":0.0},{"damage_healed":0.0,"max_hp_gain":0.0,"max_hp_loss":0.0,"gold_gain":0.0,"event_name":"Tomb of Lord Red Mask","player_choice":"Ignored","floor":37.0,"gold_loss":0.0,"damage_taken":0.0},{"damage_healed":0.0,"max_hp_gain":0.0,"max_hp_loss":0.0,"gold_gain":50.0,"event_name":"Golden Shrine","player_choice":"Pray","floor":39.0,"gold_loss":0.0,"damage_taken":0.0},{"damage_healed":0.0,"max_hp_gain":0.0,"max_hp_loss":0.0,"gold_gain":0.0,"event_name":"Winding Halls","player_choice":"Embrace Madness","floor":45.0,"gold_loss":0.0,"damage_taken":10.0,"cards_obtained":["Madness","Madness"]}],"is_beta":false,"boss_relics":[{"not_picked":["Busted Crown","HoveringKite"],"picked":"Pandora\u0027s Box"},{"not_picked":["Black Star","Coffee Dripper"],"picked":"Astrolabe"}],"items_purged_floors":[],"is_endless":false,"potions_floor_spawned":[5,6,12,22,25,28,31,41,46],"killed_by":"Donu and Deca","ascension_level":20}