{"gold_per_floor":[110,32,51,126,141,141,155,155,207,233,233,260,260,274,274,274],"floor_reached":16,"playtime":453,"items_purged":[],"score":220,"play_id":"10e7a5d1-9310-4eb8-b3f7-408de6f96d49","local_time":"20190613170324","is_ascension_mode":true,"campfire_choices":[{"data":"Self Repair","floor":6,"key":"SMITH"},{"data":"Cold Snap","floor":8,"key":"SMITH"},{"data":"Zap","floor":11,"key":"SMITH"},{"data":"Barrage","floor":15,"key":"SMITH"}],"neow_cost":"NONE","seed_source_timestamp":7559976690700,"circlet_count":0,"master_deck":["AscendersBane","Strike_B","Strike_B","Strike_B","Strike_B","Defend_B","Defend_B","Defend_B","Defend_B","Zap+1","Dualcast","Self Repair+1","Cold Snap+1","Reboot","Chill","Cold Snap","Barrage+1"],"relics":["Runic Dome","Anchor","Blood Vial","Torii"],"potions_floor_usage":[12,16],"damage_taken":[{"damage":4,"enemies":"Jaw Worm","floor":1,"turns":3},{"damage":12,"enemies":"2 Louse","floor":3,"turns":3},{"damage":4,"enemies":"Cultist","floor":5,"turns":4},{"damage":5,"enemies":"Looter","floor":7,"turns":4},{"damage":38,"enemies":"3 Sentries","floor":10,"turns":10},{"damage":19,"enemies":"Gremlin Nob","floor":12,"turns":6},{"damage":1,"enemies":"Gremlin Gang","floor":14,"turns":6},{"damage":32,"enemies":"Hexaghost","floor":16,"turns":9}],"seed_played":"-610093536568252092","potions_obtained":[{"floor":5,"key":"Ancient Potion"},{"floor":10,"key":"Dexterity Potion"},{"floor":14,"key":"Ancient Potion"}],"is_trial":false,"path_per_floor":["M","$","M","?","M","R","M","R","T","E","R","E","?","M","R","B"],"character_chosen":"DEFECT","items_purchased":["Self Repair"],"campfire_rested":0,"item_purchase_floors":[2],"current_hp_per_floor":[60,60,55,44,47,47,52,52,52,24,24,17,17,28,28,0],"gold":274,"neow_bonus":"BOSS_RELIC","is_prod":false,"is_daily":false,"chose_seed":false,"campfire_upgraded":4,"win_rate":0,"timestamp":1560413004,"path_taken":["M","$","M","?","M","R","M","R","T","E","R","E","?","M","R","BOSS"],"build_version":"2019-01-23","purchased_purges":0,"victory":false,"max_hp_per_floor":[71,71,71,71,71,71,71,71,71,71,71,71,71,71,71,71],"card_choices":[{"not_picked":["Hologram","Steam","Go for the Eyes"],"picked":"SKIP","floor":1},{"not_picked":["Stack","Coolheaded"],"picked":"Cold Snap","floor":3},{"not_picked":["Steam Power","Sweeping Beam"],"picked":"Reboot","floor":5},{"not_picked":["Steam","Aggregate","Conserve Battery"],"picked":"SKIP","floor":7},{"not_picked":["Hello World","Steam Power"],"picked":"Chill","floor":10},{"not_picked":["Melter","Chaos"],"picked":"Cold Snap","floor":12},{"not_picked":["Coolheaded","Storm"],"picked":"Barrage","floor":14}],"player_experience":632722,"relics_obtained":[{"floor":9,"key":"Anchor"},{"floor":10,"key":"Blood Vial"},{"floor":12,"key":"Torii"}],"event_choices":[{"damage_healed":0,"gold_gain":75,"player_choice":"Gather Gold","damage_taken":11,"max_hp_gain":0,"max_hp_loss":0,"event_name":"World of Goop","floor":4,"gold_loss":0},{"damage_healed":0,"gold_gain":0,"player_choice":"Ignored","damage_taken":0,"max_hp_gain":0,"max_hp_loss":0,"event_name":"Shining Light","floor":13,"gold_loss":0}],"is_beta":false,"boss_relics":[],"items_purged_floors":[],"is_endless":false,"potions_floor_spawned":[5,10,14],"killed_by":"Hexaghost","ascension_level":20}