{"gold_per_floor":[111,111,111,27,46,79,94,105,131,90,90,118,136,148,148,224,224,235,66,82,96,96,96,111,111],"floor_reached":25,"playtime":1742,"items_purged":[],"score":480,"play_id":"b59baccd-99f9-4264-8251-408384441dad","local_time":"20190701131600","is_ascension_mode":true,"campfire_choices":[{"data":"Terror","floor":11,"key":"SMITH"},{"data":"Cloak And Dagger","floor":15,"key":"SMITH"},{"floor":23,"key":"REST"}],"neow_cost":"NONE","seed_source_timestamp":154621664414642,"circlet_count":0,"master_deck":["AscendersBane","Defend_G","Defend_G","Defend_G","Defend_G","Defend_G","Strike_G","Strike_G","Strike_G","Strike_G","Survivor","Neutralize+1","Poisoned Stab","Well Laid Plans","Dagger Throw","Terror+1","Underhanded Strike","Endless Agony","Dash","Cloak And Dagger+1","Wraith Form v2","Calculated Gamble","PiercingWail","Tactician","Dagger Throw","Crippling Poison"],"special_seed":0,"relics":["Ring of the Snake","NeowsBlessing","Regal Pillow","Art of War","Centennial Puzzle","HoveringKite"],"potions_floor_usage":[12,16,25],"damage_taken":[{"damage":0.0,"enemies":"2 Louse","floor":1.0,"turns":1.0},{"damage":0.0,"enemies":"Cultist","floor":5.0,"turns":1.0},{"damage":0.0,"enemies":"Gremlin Nob","floor":6.0,"turns":1.0},{"damage":0.0,"enemies":"Jaw Worm","floor":7.0,"turns":3.0},{"damage":8,"enemies":"Large Slime","floor":8,"turns":4},{"damage":15,"enemies":"Lagavulin","floor":12,"turns":6},{"damage":4,"enemies":"Red Slaver","floor":13,"turns":3},{"damage":12,"enemies":"Exordium Wildlife","floor":14,"turns":4},{"damage":14,"enemies":"Slime Boss","floor":16,"turns":8},{"damage":17,"enemies":"2 Thieves","floor":18,"turns":4},{"damage":8,"enemies":"Shell Parasite","floor":20,"turns":6},{"damage":8,"enemies":"Snake Plant","floor":21,"turns":5},{"damage":5,"enemies":"Centurion and Healer","floor":24,"turns":9},{"damage":6,"enemies":"Gremlin Leader","floor":25,"turns":6}],"seed_played":"5016573634008087748","potions_obtained":[{"floor":1.0,"key":"Regen Potion"},{"floor":5.0,"key":"FairyPotion"},{"floor":8,"key":"SteroidPotion"},{"floor":16,"key":"Ancient Potion"},{"floor":18,"key":"GamblersBrew"},{"floor":20,"key":"Explosive Potion"}],"is_trial":false,"path_per_floor":["M","?","?","$","M","E","M","M","T","$","R","E","M","M","R","B",null,"M","$","M","M","?","R","M","E"],"character_chosen":"THE_SILENT","items_purchased":["Well Laid Plans","Dash","PiercingWail","Tactician","Dagger Throw"],"campfire_rested":1,"item_purchase_floors":[4,10,19,19,19],"current_hp_per_floor":[59,59,59,59,59,59,59,51,51,51,51,51,47,35,35,21,55,38,38,30,22,22,56,51,45],"gold":111,"neow_bonus":"THREE_ENEMY_KILL","is_prod":false,"is_daily":false,"chose_seed":false,"campfire_upgraded":2,"win_rate":0,"timestamp":1561979760,"path_taken":["M","?","?","$","?","E","M","M","T","?","R","E","M","M","R","BOSS","M","$","M","M","?","R","M","E"],"build_version":"2019-01-23","purchased_purges":0,"victory":false,"max_hp_per_floor":[66,66,66,66,66,66,66,66,66,66,66,66,66,66,66,66,66,66,66,66,66,66,66,66,66],"card_choices":[{"not_picked":["All Out Attack","Deadly Poison"],"picked":"Poisoned Stab","floor":1.0},{"not_picked":["Distraction","Riddle With Holes"],"picked":"Dagger Throw","floor":5.0},{"not_picked":["Catalyst","Setup"],"picked":"Terror","floor":6.0},{"not_picked":["Flying Knee","Caltrops"],"picked":"Underhanded Strike","floor":7.0},{"not_picked":["Sucker Punch","Distraction"],"picked":"Endless Agony","floor":8},{"not_picked":["Dagger Spray","Slice"],"picked":"Cloak And Dagger","floor":12},{"not_picked":["Doppelganger","Corpse Explosion"],"picked":"Wraith Form v2","floor":16},{"not_picked":["Well Laid Plans","Masterful Stab"],"picked":"Calculated Gamble","floor":18},{"not_picked":["Bane","Sucker Punch+1","Skewer"],"picked":"SKIP","floor":24}],"player_experience":1161596,"relics_obtained":[{"floor":6.0,"key":"Regal Pillow"},{"floor":9,"key":"Art of War"},{"floor":12,"key":"Centennial Puzzle"}],"event_choices":[{"damage_healed":0.0,"max_hp_gain":0.0,"max_hp_loss":0.0,"gold_gain":0.0,"event_name":"Living Wall","player_choice":"Grow","floor":2.0,"gold_loss":0.0,"damage_taken":0.0,"cards_upgraded":["Neutralize"]},{"cards_removed":["Strike_G"],"damage_healed":0.0,"max_hp_gain":0.0,"max_hp_loss":0.0,"gold_gain":0.0,"event_name":"Purifier","player_choice":"Purged","floor":3.0,"gold_loss":0.0,"damage_taken":0.0},{"damage_healed":0,"gold_gain":0,"player_choice":"Read","damage_taken":0,"max_hp_gain":0,"max_hp_loss":0,"event_name":"The Library","floor":22,"gold_loss":0,"cards_obtained":["Crippling Poison"]}],"is_beta":false,"boss_relics":[{"not_picked":["Calling Bell","Astrolabe"],"picked":"HoveringKite"}],"items_purged_floors":[],"is_endless":false,"potions_floor_spawned":[1,5,8,16,18,20],"killed_by":"Gremlin Leader","ascension_level":20}