{"gold_per_floor":[99,24,24,24,24,24,24,24,24,24,24,24,24,24,24,24,24,24,24],"floor_reached":19,"playtime":801,"items_purged":["Strike_B"],"score":350,"play_id":"dcb0741b-406b-4661-ab91-9c06bad6fbd6","local_time":"20190724161753","is_ascension_mode":true,"campfire_choices":[{"data":"Dualcast","floor":6,"key":"SMITH"},{"data":"Conserve Battery","floor":11,"key":"SMITH"},{"data":"Echo Form","floor":13,"key":"SMITH"},{"data":"Creative AI","floor":15,"key":"SMITH"}],"neow_cost":"NONE","seed_source_timestamp":434734157997800,"circlet_count":0,"master_deck":["AscendersBane","Strike_B","Strike_B","Strike_B","Defend_B","Defend_B","Defend_B","Defend_B","Zap","Dualcast+1","Ball Lightning","Echo Form+1","Conserve Battery+1","Cold Snap","Creative AI+1","Amplify","Coolheaded"],"relics":["Ectoplasm","Golden Idol","Happy Flower","Blue Candle","Anchor","Inserter"],"potions_floor_usage":[10,19],"damage_taken":[{"damage":0,"enemies":"2 Louse","floor":1,"turns":2},{"damage":15,"enemies":"Lagavulin","floor":7,"turns":7},{"damage":7,"enemies":"Jaw Worm","floor":8,"turns":4},{"damage":10,"enemies":"3 Sentries","floor":10,"turns":6},{"damage":0,"enemies":"Small Slimes","floor":12,"turns":4},{"damage":0,"enemies":"2 Fungi Beasts","floor":14,"turns":3},{"damage":34,"enemies":"The Guardian","floor":16,"turns":10},{"damage":19,"enemies":"Spheric Guardian","floor":18,"turns":7},{"damage":37,"enemies":"3 Byrds","floor":19,"turns":4}],"seed_played":"-7927909077387585832","potions_obtained":[{"floor":7,"key":"Fire Potion"},{"floor":8,"key":"FairyPotion"},{"floor":10,"key":"AttackPotion"},{"floor":16,"key":"SpeedPotion"}],"is_trial":false,"path_per_floor":["M","$","?","?","$","R","E","M","T","E","R","M","R","M","R","B",null,"M","M"],"character_chosen":"DEFECT","items_purchased":[],"campfire_rested":0,"item_purchase_floors":[],"current_hp_per_floor":[64,64,40,63,63,63,48,41,41,31,31,31,31,31,31,7,55,36,0],"gold":24,"neow_bonus":"BOSS_RELIC","is_prod":false,"is_daily":false,"chose_seed":false,"campfire_upgraded":4,"win_rate":0,"timestamp":1563952673,"path_taken":["M","$","?","?","?","R","E","M","T","E","R","M","R","M","R","BOSS","M","M"],"build_version":"2019-07-17","purchased_purges":1,"victory":false,"max_hp_per_floor":[71,71,71,71,71,71,71,71,71,71,71,71,71,71,71,71,71,71,71],"card_choices":[{"not_picked":["Sweeping Beam","Leap"],"picked":"Ball Lightning","floor":1},{"not_picked":["Machine Learning","Loop"],"picked":"Echo Form","floor":7},{"not_picked":["Barrage","Turbo"],"picked":"Conserve Battery","floor":8},{"not_picked":["Hologram","Go for the Eyes"],"picked":"Cold Snap","floor":10},{"not_picked":["Redo","Ball Lightning","Stack"],"picked":"SKIP","floor":12},{"not_picked":["Leap","Barrage"],"picked":"Creative AI","floor":14},{"not_picked":["Multi-Cast","Creative AI"],"picked":"Amplify","floor":16},{"not_picked":["Beam Cell","Stack"],"picked":"Coolheaded","floor":18}],"player_experience":1171860,"relics_obtained":[{"floor":7,"key":"Happy Flower"},{"floor":9,"key":"Blue Candle"},{"floor":10,"key":"Anchor"}],"event_choices":[{"damage_healed":0,"gold_gain":0,"player_choice":"Take Damage","damage_taken":24,"relics_obtained":["Golden Idol"],"max_hp_gain":0,"max_hp_loss":0,"event_name":"Golden Idol","floor":3,"gold_loss":0},{"damage_healed":23,"gold_gain":0,"player_choice":"Banana","damage_taken":0,"max_hp_gain":0,"max_hp_loss":0,"event_name":"Big Fish","floor":4,"gold_loss":0}],"is_beta":false,"boss_relics":[{"not_picked":["Lizard Tail","Busted Crown"],"picked":"Inserter"}],"items_purged_floors":[2],"is_endless":false,"potions_floor_spawned":[7,8,10,16,18],"killed_by":"3 Byrds","ascension_level":20}