{"gold_per_floor":[111,111,125,138,154,154,154,179,258,258,288,53,71,87,87,160,160,180,195,195,110,110,110,110,110],"floor_reached":25,"playtime":694,"items_purged":["Regret"],"score":522,"play_id":"393653d2-e6a1-449d-8444-4ed728f464cc","local_time":"20190722174319","is_ascension_mode":true,"campfire_choices":[{"data":"Barrage","floor":6.0,"key":"SMITH"},{"floor":10.0,"key":"REST"},{"data":"Defragment","floor":15.0,"key":"SMITH"},{"data":"White Noise","floor":23.0,"key":"SMITH"}],"neow_cost":"NONE","seed_source_timestamp":267099603302399,"circlet_count":0,"master_deck":["AscendersBane","Strike_B","Strike_B","Strike_B","Strike_B","Defend_B","Defend_B","Defend_B","Zap","Dualcast","Glacier","Barrage+1","Tempest","Coolheaded","Self Repair","Capacitor","Defragment+1","White Noise+1","Lockon","Meteor Strike","Cold Snap","Glacier","Writhe"],"special_seed":0,"relics":["Cracked Core","NeowsBlessing","Prayer Wheel","Boot","Meat on the Bone","Du-Vu Doll","Lantern","Inserter","Bag of Marbles","Mercury Hourglass"],"potions_floor_usage":[25],"damage_taken":[{"damage":0.0,"enemies":"Small Slimes","floor":1.0,"turns":1.0},{"damage":0.0,"enemies":"Cultist","floor":3.0,"turns":1.0},{"damage":0.0,"enemies":"Jaw Worm","floor":4.0,"turns":1.0},{"damage":2.0,"enemies":"Large Slime","floor":5.0,"turns":7.0},{"damage":47.0,"enemies":"3 Sentries","floor":8.0,"turns":10.0},{"damage":24.0,"enemies":"Lagavulin","floor":11.0,"turns":9.0},{"damage":11.0,"enemies":"Looter","floor":13.0,"turns":2.0},{"damage":0.0,"enemies":"3 Louse","floor":14.0,"turns":4.0},{"damage":0.0,"enemies":"The Guardian","floor":16.0,"turns":7.0},{"damage":9.0,"enemies":"Chosen","floor":18.0,"turns":7.0},{"damage":14.0,"enemies":"Spheric Guardian","floor":19.0,"turns":7.0},{"damage":36,"enemies":"Gremlin Leader","floor":25,"turns":4}],"seed_played":"7740759607164838703","potions_obtained":[{"floor":4.0,"key":"Energy Potion"},{"floor":8.0,"key":"Fruit Juice"},{"floor":13.0,"key":"Poison Potion"},{"floor":18.0,"key":"Dexterity Potion"}],"is_trial":false,"path_per_floor":["M","?","M","M","M","R","?","E","T","R","E","$","M","M","R","B",null,"M","M","?","?","?","R","?","E"],"character_chosen":"DEFECT","items_purchased":["Lantern"],"campfire_rested":1,"item_purchase_floors":[12],"current_hp_per_floor":[64,64,64,64,62,62,62,20,20,42,30,30,38,57,57,64,73,71,64,42,42,42,42,42,6],"gold":110,"neow_bonus":"THREE_ENEMY_KILL","is_prod":false,"is_daily":false,"chose_seed":false,"campfire_upgraded":3,"win_rate":0,"timestamp":1563784999,"path_taken":["M","?","?","M","M","R","?","E","T","R","E","$","M","M","R","BOSS","M","M","?","?","?","R","?","E"],"build_version":"2019-07-17","purchased_purges":1,"victory":false,"max_hp_per_floor":[71,71,71,71,71,71,71,76,76,76,76,76,76,76,76,76,76,76,76,81,81,81,81,81,81],"card_choices":[{"not_picked":["Redo","Skim"],"picked":"Glacier","floor":1.0},{"not_picked":["Hologram","Conserve Battery"],"picked":"Barrage","floor":3.0},{"not_picked":["Compile Driver","BootSequence","Undo"],"picked":"SKIP","floor":4.0},{"not_picked":["Compile Driver","Steam Power"],"picked":"Tempest","floor":5.0},{"not_picked":["Streamline","Melter"],"picked":"Coolheaded","floor":8.0},{"not_picked":["Thunder Strike","Force Field"],"picked":"Self Repair","floor":11.0},{"not_picked":["Hello World","Turbo"],"picked":"Capacitor","floor":13.0},{"not_picked":["Redo","Stack"],"picked":"Defragment","floor":13.0},{"not_picked":["Sweeping Beam","Stack"],"picked":"White Noise","floor":14.0},{"not_picked":["Hello World","Steam Power"],"picked":"Lockon","floor":14.0},{"not_picked":["Thunder Strike","All For One"],"picked":"Meteor Strike","floor":16.0},{"not_picked":["Fusion","Redo+1"],"picked":"Cold Snap","floor":18.0},{"not_picked":["Conserve Battery","Reinforced Body","Hologram"],"picked":"SKIP","floor":18.0},{"not_picked":["Conserve Battery","Reinforced Body","Hologram"],"picked":"SKIP","floor":18.0},{"not_picked":["Reinforced Body","Redo+1"],"picked":"Glacier","floor":19.0},{"not_picked":["Compile Driver","Conserve Battery","Rip and Tear"],"picked":"SKIP","floor":19.0}],"player_experience":1131541,"relics_obtained":[{"floor":8.0,"key":"Boot"},{"floor":9.0,"key":"Meat on the Bone"},{"floor":11.0,"key":"Du-Vu Doll"}],"event_choices":[{"cards_removed":["Defend_B"],"damage_healed":0.0,"max_hp_gain":0.0,"max_hp_loss":0.0,"gold_gain":0.0,"event_name":"Purifier","player_choice":"Purged","floor":2.0,"gold_loss":0.0,"damage_taken":0.0},{"damage_healed":0.0,"max_hp_gain":0.0,"max_hp_loss":0.0,"gold_gain":0.0,"event_name":"Big Fish","player_choice":"Box","floor":7.0,"gold_loss":0.0,"damage_taken":0.0,"relics_obtained":["Prayer Wheel"],"cards_obtained":["Regret"]},{"damage_healed":0.0,"max_hp_gain":5.0,"max_hp_loss":0.0,"gold_gain":0.0,"event_name":"Forgotten Altar","player_choice":"Shed Blood","floor":20.0,"gold_loss":0.0,"damage_taken":27.0},{"damage_healed":0.0,"max_hp_gain":0.0,"max_hp_loss":0.0,"gold_gain":0.0,"event_name":"Addict","player_choice":"Obtained Relic","floor":21.0,"gold_loss":85.0,"damage_taken":0.0,"relics_obtained":["Bag of Marbles"]},{"damage_healed":0.0,"max_hp_gain":0.0,"max_hp_loss":0.0,"gold_gain":0.0,"event_name":"Vampires","player_choice":"Ignored","floor":22.0,"gold_loss":0.0,"damage_taken":0.0},{"damage_healed":0.0,"max_hp_gain":0.0,"max_hp_loss":0.0,"gold_gain":0.0,"event_name":"The Mausoleum","player_choice":"Opened","floor":24.0,"gold_loss":0.0,"damage_taken":0.0,"relics_obtained":["Mercury Hourglass"],"cards_obtained":["Writhe"]}],"is_beta":false,"boss_relics":[{"not_picked":["White Beast Statue","Ectoplasm"],"picked":"Inserter"}],"items_purged_floors":[12],"is_endless":false,"potions_floor_spawned":[4,8,13,18],"killed_by":"Gremlin Leader","ascension_level":20}