{"gold_per_floor":[117,16,16,16,31,64,64,20,20,49,14,30,46,46,46,46],"floor_reached":16,"playtime":521,"items_purged":["Pain"],"score":216,"play_id":"75c94044-23e6-4a8b-8723-3dc8b9ffaea6","local_time":"20190712013311","is_ascension_mode":true,"campfire_choices":[{"floor":7.0,"key":"REST"},{"data":"Blade Dance","floor":15,"key":"SMITH"}],"neow_cost":"NONE","seed_source_timestamp":87138171730873,"circlet_count":0,"master_deck":["AscendersBane","Strike_G","Strike_G","Strike_G","Strike_G+1","Defend_G","Defend_G","Defend_G","Defend_G+1","Defend_G","Survivor","Neutralize","Shame","Normality","Flying Knee","Riddle With Holes","Footwork","Dash","Blade Dance+1","Deflect"],"special_seed":0,"relics":["Calling Bell","Art of War","Pear","Du-Vu Doll","Anchor","The Courier","Ornamental Fan"],"potions_floor_usage":[16],"damage_taken":[{"damage":3.0,"enemies":"Cultist","floor":1.0,"turns":3.0},{"damage":7.0,"enemies":"Jaw Worm","floor":5.0,"turns":2.0},{"damage":26.0,"enemies":"Lagavulin","floor":6.0,"turns":6.0},{"damage":20.0,"enemies":"3 Sentries","floor":10.0,"turns":7.0},{"damage":0.0,"enemies":"2 Louse","floor":12.0,"turns":2.0},{"damage":0,"enemies":"Blue Slaver","floor":13,"turns":3},{"damage":33,"enemies":"The Guardian","floor":16,"turns":9}],"seed_played":"917877812457061511","potions_obtained":[{"floor":5.0,"key":"SpeedPotion"},{"floor":6.0,"key":"PowerPotion"}],"is_trial":false,"path_per_floor":["M","$","?","?","M","E","R","$","T","E","?","M","M","$","R","B"],"character_chosen":"THE_SILENT","items_purchased":["Flying Knee","Dash"],"campfire_rested":1,"item_purchase_floors":[2,8],"current_hp_per_floor":[66,66,43,43,36,10,32,32,32,12,31,31,31,31,31,0],"gold":46,"neow_bonus":"BOSS_RELIC","is_prod":false,"is_daily":false,"chose_seed":false,"campfire_upgraded":1,"win_rate":0,"timestamp":1562887991,"path_taken":["M","$","?","?","M","E","R","$","T","E","?","M","M","?","R","BOSS"],"build_version":"2019-07-05","purchased_purges":1,"victory":false,"max_hp_per_floor":[76,76,76,76,76,76,76,76,76,76,76,76,76,76,76,76],"card_choices":[{"not_picked":["Blur","Deadly Poison","Bane"],"picked":"SKIP","floor":5.0},{"not_picked":["Outmaneuver","Poisoned Stab"],"picked":"Footwork","floor":6.0},{"not_picked":["Backflip","Deadly Poison"],"picked":"Blade Dance","floor":10.0},{"not_picked":["Outmaneuver","Backflip"],"picked":"Deflect","floor":12}],"player_experience":1218645,"relics_obtained":[{"floor":0.0,"key":"Art of War"},{"floor":0.0,"key":"Pear"},{"floor":0.0,"key":"Du-Vu Doll"},{"floor":6.0,"key":"Anchor"},{"floor":9.0,"key":"The Courier"},{"floor":10.0,"key":"Ornamental Fan"}],"event_choices":[{"damage_healed":0.0,"max_hp_gain":0.0,"max_hp_loss":0.0,"gold_gain":0.0,"event_name":"Shining Light","player_choice":"Entered Light","floor":3.0,"gold_loss":0.0,"damage_taken":23.0,"cards_upgraded":["Strike_G","Defend_G"]},{"damage_healed":0.0,"max_hp_gain":0.0,"max_hp_loss":0.0,"gold_gain":0.0,"cards_transformed":["Strike_G"],"event_name":"Living Wall","player_choice":"Change","floor":4.0,"gold_loss":0.0,"damage_taken":0.0,"cards_obtained":["Riddle With Holes"]},{"damage_healed":19.0,"max_hp_gain":0.0,"max_hp_loss":0.0,"gold_gain":0.0,"event_name":"The Cleric","player_choice":"Healed","floor":11.0,"gold_loss":35.0,"damage_taken":0.0}],"is_beta":false,"boss_relics":[],"items_purged_floors":[2],"is_endless":false,"potions_floor_spawned":[5,6],"killed_by":"The Guardian","ascension_level":20}