{"gold_per_floor":[359,374,344,354,354,354,382,382,382,408,419,18,18,43,43,116,116,127,142,67,67,67,99,99,119,119,119,133,162,180,80,80,155,155,171,188,146,162,178,207,207,222,222,222,256,256,268,278,278,278,278,278,278,32,62,62],"floor_reached":57,"playtime":2957,"items_purged":["Strike_R","Strike_R"],"score":2949,"play_id":"6ebabf7b-74a5-4561-b623-2e1f8874845d","local_time":"20190727162440","is_ascension_mode":true,"campfire_choices":[{"data":"Armaments","floor":6.0,"key":"SMITH"},{"floor":8.0,"key":"REST"},{"data":"Demon Form","floor":13.0,"key":"SMITH"},{"data":"Shockwave","floor":15.0,"key":"SMITH"},{"data":"Feed","floor":24,"key":"SMITH"},{"data":"Sword Boomerang","floor":27,"key":"SMITH"},{"data":"Flame Barrier","floor":32,"key":"SMITH"},{"data":"Juggernaut","floor":41,"key":"SMITH"},{"floor":44,"key":"RECALL"},{"data":"Evolve","floor":46,"key":"SMITH"},{"data":"Dual Wield","floor":49,"key":"SMITH"},{"data":"True Grit","floor":53,"key":"SMITH"}],"neow_cost":"PERCENT_DAMAGE","seed_source_timestamp":692167041934700,"circlet_count":0,"master_deck":["AscendersBane","Defend_R","Defend_R","Defend_R","Defend_R","Bash","Armaments+1","Flame Barrier+1","Demon Form+1","Shockwave+1","Sword Boomerang+1","Shrug It Off","Feed+1","Double Tap","Corruption+1","Barricade","Juggernaut+1","True Grit+1","Flame Barrier","Pommel Strike+1","Clothesline+1","Evolve+1","Seeing Red","Dual Wield+1","Burning Pact","Shrug It Off","Sword Boomerang"],"special_seed":0,"relics":["Burning Blood","Meat on the Bone","Bronze Scales","Art of War","Lantern","Pen Nib","Odd Mushroom","Snecko Eye","Blood Vial","Gambling Chip","Orichalcum","Runic Cube","Ice Cream","Vajra","Centennial Puzzle","Gremlin Horn"],"potions_floor_usage":[23,23,29,30,50,56,56],"damage_taken":[{"damage":7.0,"enemies":"Jaw Worm","floor":1.0,"turns":5.0},{"damage":2.0,"enemies":"Cultist","floor":2.0,"turns":4.0},{"damage":1.0,"enemies":"Small Slimes","floor":4.0,"turns":4.0},{"damage":36.0,"enemies":"Lagavulin","floor":7.0,"turns":11.0},{"damage":20.0,"enemies":"3 Sentries","floor":10.0,"turns":7.0},{"damage":4.0,"enemies":"Blue Slaver","floor":11.0,"turns":4.0},{"damage":25.0,"enemies":"The Mushroom Lair","floor":14.0,"turns":5.0},{"damage":27.0,"enemies":"Slime Boss","floor":16.0,"turns":6.0},{"damage":0.0,"enemies":"3 Byrds","floor":18.0,"turns":2.0},{"damage":0.0,"enemies":"Chosen","floor":19.0,"turns":5.0},{"damage":43,"enemies":"Slavers","floor":23,"turns":6},{"damage":13,"enemies":"Snake Plant","floor":25,"turns":3},{"damage":4,"enemies":"Centurion and Healer","floor":28,"turns":5},{"damage":0,"enemies":"Gremlin Leader","floor":29,"turns":3},{"damage":5,"enemies":"Shelled Parasite and Fungi","floor":30,"turns":3},{"damage":0,"enemies":"Collector","floor":33,"turns":6},{"damage":0,"enemies":"Orb Walker","floor":35,"turns":3},{"damage":14,"enemies":"3 Shapes","floor":36,"turns":4},{"damage":19,"enemies":"Sphere and 2 Shapes","floor":38,"turns":5},{"damage":14,"enemies":"3 Darklings","floor":39,"turns":4},{"damage":0,"enemies":"Giant Head","floor":40,"turns":6},{"damage":24,"enemies":"Spire Growth","floor":42,"turns":3},{"damage":0,"enemies":"Nemesis","floor":45,"turns":5},{"damage":3,"enemies":"Sphere and 2 Shapes","floor":47,"turns":5},{"damage":7,"enemies":"Writhing Mass","floor":48,"turns":6},{"damage":52,"enemies":"Awakened One","floor":50,"turns":12},{"damage":39,"enemies":"Donu and Deca","floor":51,"turns":8},{"damage":76,"enemies":"Shield and Spear","floor":55,"turns":6},{"damage":38,"enemies":"The Heart","floor":56,"turns":8}],"seed_played":"-1282875533362287138","potions_obtained":[{"floor":2.0,"key":"SkillPotion"},{"floor":3.0,"key":"Fire Potion"},{"floor":7.0,"key":"FearPotion"},{"floor":11.0,"key":"Ancient Potion"},{"floor":23,"key":"Poison Potion"},{"floor":25,"key":"Fire Potion"},{"floor":29,"key":"Energy Potion"},{"floor":33,"key":"Dexterity Potion"},{"floor":38,"key":"FearPotion"},{"floor":40,"key":"EssenceOfSteel"},{"floor":47,"key":"GamblersBrew"}],"is_trial":false,"path_per_floor":["M","M","?","M","?","R","E","R","T","E","M","$","R","?","R","B",null,"M","M","?","?","?","E","R","M","T","R","M","E","M","$","R","B",null,"M","M","$","M","M","E","R","M","T","R","E","R","M","M","R","B","B",null,"R","$","E","B",null],"character_chosen":"IRONCLAD","items_purchased":["Lantern","Pen Nib","Flame Barrier","LiquidBronze","Centennial Puzzle"],"campfire_rested":1,"item_purchase_floors":[12,12,37,54,54],"current_hp_per_floor":[49,53,53,58,51,51,21,43,43,41,55,55,55,48,48,39,66,75,81,81,81,81,56,56,51,51,51,59,71,78,78,78,90,95,101,97,97,90,88,100,100,84,84,84,92,92,101,102,102,74,59,112,112,112,56,38],"gold":62,"neow_bonus":"TWO_FIFTY_GOLD","is_prod":false,"is_daily":false,"chose_seed":false,"campfire_upgraded":10,"win_rate":0,"timestamp":1564212280,"path_taken":["M","M","?","?","?","R","E","R","T","E","M","$","R","?","R","BOSS","M","M","?","?","?","E","R","M","T","R","M","E","M","?","R","BOSS","M","M","$","M","M","E","R","M","T","R","E","R","M","M","R","BOSS","BOSS","R","$","E","BOSS"],"build_version":"2019-07-17","purchased_purges":2,"victory":true,"max_hp_per_floor":[75,75,75,75,75,75,75,75,75,75,75,75,75,75,75,75,75,78,81,81,81,81,81,81,81,81,81,85,89,93,93,93,97,97,101,105,105,109,113,117,117,117,117,117,117,117,121,121,121,125,129,129,129,129,129,129],"card_choices":[{"not_picked":["Sword Boomerang","Heavy Blade"],"picked":"Armaments","floor":1.0},{"not_picked":["Clothesline","Perfected Strike","Iron Wave"],"picked":"SKIP","floor":2.0},{"not_picked":["Clash","Entrench"],"picked":"Flame Barrier","floor":4.0},{"not_picked":["True Grit","Clash"],"picked":"Demon Form","floor":7.0},{"not_picked":["Double Tap","Uppercut"],"picked":"Shockwave","floor":10.0},{"not_picked":["Intimidate","Shrug It Off"],"picked":"Sword Boomerang","floor":11.0},{"not_picked":["Thunderclap","Armaments"],"picked":"Shrug It Off","floor":14.0},{"not_picked":["Impervious","Barricade"],"picked":"Feed","floor":16.0},{"not_picked":["Bloodletting","Rampage","Thunderclap"],"picked":"SKIP","floor":18.0},{"not_picked":["Cleave","Wild Strike","Anger"],"picked":"SKIP","floor":19},{"not_picked":["Searing Blow","Shrug It Off+1"],"picked":"Double Tap","floor":23},{"not_picked":["Fire Breathing","True Grit","Dropkick"],"picked":"SKIP","floor":25},{"not_picked":["Twin Strike","Sentinel"],"picked":"Corruption+1","floor":28},{"not_picked":["Evolve","True Grit"],"picked":"Barricade","floor":29},{"not_picked":["Perfected Strike","Warcry+1","Blood for Blood"],"picked":"SKIP","floor":30},{"not_picked":["Perfected Strike","Warcry+1","Blood for Blood"],"picked":"SKIP","floor":30},{"not_picked":["Barricade","Fiend Fire"],"picked":"Juggernaut","floor":33},{"not_picked":["Thunderclap+1","Rage"],"picked":"True Grit","floor":35},{"not_picked":["Anger+1","Fire Breathing+1","Sever Soul+1"],"picked":"SKIP","floor":36},{"not_picked":["Anger+1","Fire Breathing+1","Sever Soul+1"],"picked":"SKIP","floor":36},{"not_picked":["Anger+1","Fire Breathing+1","Sever Soul+1"],"picked":"SKIP","floor":36},{"not_picked":["Bloodletting","Carnage"],"picked":"Pommel Strike+1","floor":38},{"not_picked":["Disarm","Sword Boomerang"],"picked":"Clothesline+1","floor":39},{"not_picked":["Body Slam","Twin Strike"],"picked":"Evolve","floor":40},{"not_picked":["True Grit","Wild Strike"],"picked":"Seeing Red","floor":42},{"not_picked":["Fiend Fire","Seeing Red"],"picked":"Dual Wield","floor":45},{"not_picked":["Warcry+1","Pommel Strike"],"picked":"Burning Pact","floor":47},{"not_picked":["Clash+1","Sever Soul"],"picked":"Shrug It Off","floor":48},{"not_picked":["Anger+1","Iron Wave+1"],"picked":"Sword Boomerang","floor":55}],"player_experience":1237578,"relics_obtained":[{"floor":7.0,"key":"Meat on the Bone"},{"floor":9.0,"key":"Bronze Scales"},{"floor":10.0,"key":"Art of War"},{"floor":14.0,"key":"Odd Mushroom"},{"floor":23,"key":"Blood Vial"},{"floor":26,"key":"Gambling Chip"},{"floor":29,"key":"Orichalcum"},{"floor":40,"key":"Ice Cream"},{"floor":45,"key":"Vajra"},{"floor":55,"key":"Gremlin Horn"}],"event_choices":[{"damage_healed":0.0,"max_hp_gain":0.0,"max_hp_loss":0.0,"gold_gain":0.0,"event_name":"The Woman in Blue","player_choice":"Bought 2 Potions","floor":3.0,"gold_loss":0.0,"damage_taken":0.0},{"cards_removed":["Strike_R"],"damage_healed":0.0,"max_hp_gain":0.0,"max_hp_loss":0.0,"gold_gain":0.0,"event_name":"Golden Wing","player_choice":"Card Removal","floor":5.0,"gold_loss":0.0,"damage_taken":7.0},{"damage_healed":0.0,"max_hp_gain":0.0,"max_hp_loss":0.0,"gold_gain":0.0,"event_name":"Mushrooms","player_choice":"Fought Mushrooms","floor":14.0,"gold_loss":0.0,"damage_taken":0.0},{"cards_removed":["Strike_R"],"damage_healed":0,"gold_gain":0,"player_choice":"Gave Gold","damage_taken":0,"max_hp_gain":0,"max_hp_loss":0,"event_name":"Beggar","floor":20,"gold_loss":75},{"cards_removed":["Strike_R"],"damage_healed":0,"gold_gain":0,"player_choice":"Elegance","damage_taken":0,"max_hp_gain":0,"max_hp_loss":0,"event_name":"Back to Basics","floor":21,"gold_loss":0},{"damage_healed":0,"gold_gain":0,"player_choice":"Ignored","damage_taken":0,"max_hp_gain":0,"max_hp_loss":0,"event_name":"Ghosts","floor":22,"gold_loss":0}],"is_beta":false,"boss_relics":[{"not_picked":["Orrery","Astrolabe"],"picked":"Snecko Eye"},{"not_picked":["Velvet Choker","Black Blood"],"picked":"Runic Cube"}],"items_purged_floors":[12,31],"is_endless":false,"potions_floor_spawned":[2,4,7,11,14,23,25,29,33,38,39,40,47,48],"ascension_level":20}