{"gold_per_floor":[113,129,139,155,155,155,189,189,189,214,214,227,227,239,239,311,311,322,333,333,350,378,408,461,477,477,477,511,159,177,203,203,274,274,290,338,78,78,300,326,326,159,186,200,225,225,225,242,242,242],"floor_reached":50,"playtime":2227,"items_purged":["Hemokinesis","Blood for Blood","Bash"],"score":1186,"play_id":"5068e83c-4062-40d1-9252-2b7a7d55803a","local_time":"20190615202248","is_ascension_mode":true,"campfire_choices":[{"data":"Bludgeon","floor":6,"key":"SMITH"},{"data":"Shockwave","floor":8,"key":"SMITH"},{"data":"True Grit","floor":11,"key":"SMITH"},{"data":"Juggernaut","floor":13,"key":"SMITH"},{"data":"True Grit","floor":15,"key":"SMITH"},{"data":"Body Slam","floor":27,"key":"SMITH"},{"data":"Immolate","floor":32,"key":"SMITH"},{"data":"Juggernaut","floor":41,"key":"SMITH"},{"data":"Inflame","floor":46,"key":"SMITH"},{"data":"Disarm","floor":49,"key":"SMITH"}],"neow_cost":"NONE","seed_source_timestamp":105597338826700,"circlet_count":0,"master_deck":["AscendersBane","Double Tap","Shockwave+1","Corruption","True Grit+1","Bludgeon+1","Body Slam+1","Juggernaut+1","True Grit+1","Feed","Reckless Charge+1","Havoc","Bludgeon+1","Impervious","True Grit","Seeing Red","Spot Weakness","Shrug It Off","Inflame","True Grit","Second Wind","Evolve","Immolate+1","Entrench","Power Through+1","Juggernaut+1","Disarm+1","Inflame+1","Dual Wield","Sentinel","Impervious"],"relics":["Burning Blood","Happy Flower","Potion Belt","Meat on the Bone","Pandora\u0027s Box","Anchor","Red Mask","Blue Candle","Pocketwatch","Champion Belt","PreservedInsect","Runic Dome","Girya","Oddly Smooth Stone","Lantern","Whetstone","Self Forming Clay"],"potions_floor_usage":[2,23,23,33,33,33,40,50,50],"damage_taken":[{"damage":2,"enemies":"Cultist","floor":1,"turns":4},{"damage":12,"enemies":"Jaw Worm","floor":2,"turns":3},{"damage":8,"enemies":"2 Louse","floor":3,"turns":3},{"damage":9,"enemies":"Blue Slaver","floor":4,"turns":6},{"damage":8,"enemies":"Gremlin Nob","floor":7,"turns":3},{"damage":33,"enemies":"3 Sentries","floor":10,"turns":8},{"damage":0,"enemies":"2 Fungi Beasts","floor":12,"turns":2},{"damage":4,"enemies":"Large Slime","floor":14,"turns":4},{"damage":28,"enemies":"The Guardian","floor":16,"turns":10},{"damage":19,"enemies":"Spheric Guardian","floor":18,"turns":5},{"damage":22,"enemies":"3 Byrds","floor":19,"turns":5},{"damage":18,"enemies":"Centurion and Healer","floor":21,"turns":7},{"damage":19,"enemies":"Masked Bandits","floor":22,"turns":5},{"damage":37,"enemies":"Book of Stabbing","floor":23,"turns":5},{"damage":13,"enemies":"Snecko","floor":25,"turns":5},{"damage":27,"enemies":"Slavers","floor":28,"turns":5},{"damage":36,"enemies":"Snake Plant","floor":30,"turns":5},{"damage":6,"enemies":"Gremlin Leader","floor":31,"turns":6},{"damage":28,"enemies":"Collector","floor":33,"turns":10},{"damage":2,"enemies":"Orb Walker","floor":35,"turns":4},{"damage":17,"enemies":"2 Orb Walkers","floor":36,"turns":4},{"damage":17,"enemies":"Reptomancer","floor":40,"turns":5},{"damage":5,"enemies":"3 Shapes","floor":44,"turns":6},{"damage":47,"enemies":"Giant Head","floor":45,"turns":7},{"damage":2,"enemies":"Jaw Worm Horde","floor":48,"turns":3},{"damage":103,"enemies":"Time Eater","floor":50,"turns":13}],"seed_played":"8293866829987792041","potions_obtained":[{"floor":1,"key":"Swift Potion"},{"floor":3,"key":"Poison Potion"},{"floor":4,"key":"Fire Potion"},{"floor":5,"key":"PowerPotion"},{"floor":12,"key":"SteroidPotion"},{"floor":18,"key":"Dexterity Potion"},{"floor":23,"key":"SpeedPotion"},{"floor":30,"key":"Swift Potion"},{"floor":35,"key":"Swift Potion"},{"floor":48,"key":"SkillPotion"}],"is_trial":false,"path_per_floor":["M","M","M","M","?","R","E","R","T","E","R","M","R","M","R","B",null,"M","M","?","M","?","E","T","M","T","R","E","$","M","E","R","B",null,"M","?","$","?","?","E","R","$","T","M","E","R","?","M","R","B"],"character_chosen":"IRONCLAD","items_purchased":["Evolve","Immolate","Entrench","Oddly Smooth Stone","Inflame"],"campfire_rested":0,"item_purchase_floors":[29,29,29,37,42],"current_hp_per_floor":[72,66,64,61,61,61,59,59,59,32,32,50,50,52,52,42,67,54,53,53,59,61,42,42,47,47,47,41,41,23,38,38,28,77,81,70,70,70,70,62,62,62,62,66,37,37,37,53,53,0],"gold":242,"neow_bonus":"ONE_RANDOM_RARE_CARD","is_prod":false,"is_daily":false,"chose_seed":false,"campfire_upgraded":10,"win_rate":0,"timestamp":1560597768,"path_taken":["M","M","?","M","?","R","E","R","T","E","R","M","R","M","R","BOSS","M","M","?","?","?","E","?","M","T","R","E","?","M","E","R","BOSS","M","?","$","?","?","E","R","$","T","M","E","R","?","?","R","BOSS"],"build_version":"2019-01-23","purchased_purges":3,"victory":false,"max_hp_per_floor":[75,75,75,75,75,75,75,75,75,75,75,75,75,75,75,75,75,75,78,78,84,87,87,87,87,87,87,90,90,90,93,93,93,93,93,93,93,93,93,96,96,96,96,99,99,99,99,99,99,99],"card_choices":[{"not_picked":["Armaments","Dual Wield"],"picked":"Shockwave","floor":1},{"not_picked":["Body Slam","Reckless Charge"],"picked":"Corruption","floor":2},{"not_picked":["Fire Breathing","Warcry"],"picked":"True Grit","floor":3},{"not_picked":["Sword Boomerang","Wild Strike"],"picked":"Bludgeon","floor":4},{"not_picked":["Iron Wave","Heavy Blade"],"picked":"Body Slam","floor":7},{"not_picked":["Hemokinesis","Pummel"],"picked":"Juggernaut","floor":10},{"not_picked":["Clothesline","Iron Wave","Thunderclap"],"picked":"SKIP","floor":12},{"not_picked":["Flex","Body Slam"],"picked":"True Grit","floor":14},{"not_picked":["Limit Break","Berserk"],"picked":"Feed","floor":16},{"not_picked":["Metallicize","Havoc"],"picked":"Seeing Red","floor":18},{"not_picked":["Havoc","Metallicize"],"picked":"Spot Weakness","floor":19},{"not_picked":["Inflame","Wild Strike"],"picked":"Shrug It Off","floor":21},{"not_picked":["Rupture","Whirlwind"],"picked":"Inflame","floor":23},{"not_picked":["Anger","Bludgeon"],"picked":"True Grit","floor":25},{"not_picked":["Wild Strike","Intimidate"],"picked":"Second Wind","floor":28},{"not_picked":["Anger","Body Slam+1"],"picked":"Power Through+1","floor":30},{"not_picked":["Body Slam","Intimidate","Perfected Strike"],"picked":"SKIP","floor":31},{"not_picked":["Limit Break","Berserk"],"picked":"Juggernaut","floor":33},{"not_picked":["Entrench","Thunderclap"],"picked":"Disarm","floor":35},{"not_picked":["Rampage","Headbutt","Iron Wave"],"picked":"SKIP","floor":40},{"not_picked":["Havoc+1","Flex"],"picked":"Dual Wield","floor":44},{"not_picked":["Thunderclap","Armaments"],"picked":"Sentinel","floor":45},{"not_picked":["Immolate","Flex","Sword Boomerang"],"picked":"SKIP","floor":48}],"player_experience":670269,"relics_obtained":[{"floor":7,"key":"Happy Flower"},{"floor":9,"key":"Potion Belt"},{"floor":10,"key":"Meat on the Bone"},{"floor":22,"key":"Red Mask"},{"floor":23,"key":"Blue Candle"},{"floor":26,"key":"Pocketwatch"},{"floor":28,"key":"Champion Belt"},{"floor":31,"key":"PreservedInsect"},{"floor":36,"key":"Girya"},{"floor":40,"key":"Lantern"},{"floor":43,"key":"Whetstone"},{"floor":45,"key":"Self Forming Clay"}],"event_choices":[{"damage_healed":0,"gold_gain":0,"player_choice":"Got Potions","damage_taken":0,"max_hp_gain":0,"max_hp_loss":0,"event_name":"Lab","floor":5,"gold_loss":0},{"cards_removed":["Iron Wave"],"damage_healed":0,"gold_gain":0,"player_choice":"Gave Card","damage_taken":0,"relics_obtained":["Anchor"],"max_hp_gain":0,"max_hp_loss":0,"event_name":"WeMeetAgain","floor":20,"gold_loss":0},{"damage_healed":0,"gold_gain":0,"player_choice":"Fought Bandits","damage_taken":0,"max_hp_gain":0,"max_hp_loss":0,"event_name":"Masked Bandits","floor":22,"gold_loss":0},{"damage_healed":0,"gold_gain":0,"player_choice":"Fight","damage_taken":0,"max_hp_gain":0,"max_hp_loss":0,"event_name":"Mysterious Sphere","floor":36,"gold_loss":0},{"cards_removed":["Feed"],"damage_healed":0,"gold_gain":0,"player_choice":"Removed Attack","damage_taken":0,"max_hp_gain":0,"max_hp_loss":0,"event_name":"Falling","floor":38,"gold_loss":0},{"damage_healed":0,"gold_gain":222,"player_choice":"Wore Mask","damage_taken":0,"max_hp_gain":0,"max_hp_loss":0,"event_name":"Tomb of Lord Red Mask","floor":39,"gold_loss":0},{"damage_healed":0,"gold_gain":0,"player_choice":"1 cards matched","damage_taken":0,"max_hp_gain":0,"max_hp_loss":0,"event_name":"Match and Keep!","floor":47,"gold_loss":0,"cards_obtained":["Impervious"]}],"is_beta":false,"boss_relics":[{"not_picked":["Eternal Feather","Lizard Tail"],"picked":"Pandora\u0027s Box"},{"not_picked":["Black Blood","Busted Crown"],"picked":"Runic Dome"}],"items_purged_floors":[29,37,42],"is_endless":false,"potions_floor_spawned":[1,3,4,12,18,21,23,30,35,48],"killed_by":"Time Eater","ascension_level":20}