{"gold_per_floor":[111,111,130,149,74,74,74,108,108,108,63,97,109,122,122,198,198,175,100,110,30,30,30,57,57],"floor_reached":25,"playtime":906,"items_purged":["Pain","Strike_B"],"score":458,"play_id":"c2b808d2-ce90-4662-8d5f-3b1494c55c1b","local_time":"20190623165953","is_ascension_mode":true,"campfire_choices":[{"data":"Darkness","floor":6,"key":"SMITH"},{"floor":10,"key":"REST"},{"floor":15,"key":"REST"},{"floor":23,"key":"REST"}],"neow_cost":"NONE","seed_source_timestamp":98335984544500,"circlet_count":0,"master_deck":["AscendersBane","Strike_B","Strike_B","Defend_B","Defend_B","Defend_B","Defend_B","Zap","Dualcast","Darkness+1","Cold Snap","Loop","Coolheaded","Hologram","Recycle","Reboot","Gash+1","Turbo","Echo Form","Recycle"],"relics":["FrozenCore","NeowsBlessing","WarpedTongs","Symbiotic Virus","The Courier","Ginger","Lantern"],"potions_floor_usage":[12,16,16,24],"damage_taken":[{"damage":0,"enemies":"Jaw Worm","floor":1,"turns":1},{"damage":0,"enemies":"Cultist","floor":3,"turns":1},{"damage":0,"enemies":"2 Louse","floor":4,"turns":1},{"damage":48,"enemies":"Gremlin Nob","floor":8,"turns":5},{"damage":19,"enemies":"3 Sentries","floor":12,"turns":8},{"damage":0,"enemies":"Large Slime","floor":13,"turns":2},{"damage":9,"enemies":"Exordium Thugs","floor":14,"turns":2},{"damage":26,"enemies":"The Guardian","floor":16,"turns":10},{"damage":26,"enemies":"2 Thieves","floor":18,"turns":4},{"damage":3,"enemies":"3 Byrds","floor":20,"turns":7},{"damage":46,"enemies":"Slavers","floor":24,"turns":7},{"damage":8,"enemies":"Centurion and Healer","floor":25,"turns":1}],"seed_played":"-5434209630344654816","potions_obtained":[{"floor":1,"key":"Strength Potion"},{"floor":8,"key":"SpeedPotion"},{"floor":13,"key":"Weak Potion"},{"floor":14,"key":"Regen Potion"},{"floor":18,"key":"Energy Potion"}],"is_trial":false,"path_per_floor":["M","?","M","M","$","R","?","E","T","R","$","E","M","M","R","B",null,"M","?","M","$","?","R","E","M"],"character_chosen":"DEFECT","items_purchased":["Coolheaded"],"campfire_rested":3,"item_purchase_floors":[11],"current_hp_per_floor":[64,64,64,64,64,64,64,16,16,37,37,18,18,9,30,19,58,32,32,29,29,29,50,4,0],"gold":57,"neow_bonus":"THREE_ENEMY_KILL","is_prod":false,"is_daily":false,"chose_seed":false,"campfire_upgraded":1,"win_rate":0,"timestamp":1561276793,"path_taken":["M","?","?","?","$","R","?","E","T","R","?","E","M","M","R","BOSS","M","?","M","$","?","R","E","M"],"build_version":"2019-01-23","purchased_purges":2,"victory":false,"max_hp_per_floor":[71,71,71,71,71,71,71,71,71,71,71,71,71,71,71,71,71,71,71,71,71,71,71,71,71],"card_choices":[{"not_picked":["Hello World","Sweeping Beam","Go for the Eyes"],"picked":"SKIP","floor":1},{"not_picked":["Storm","Hologram"],"picked":"Darkness","floor":3},{"not_picked":["Ball Lightning","Reinforced Body"],"picked":"Cold Snap","floor":4},{"not_picked":["Double Energy","Rip and Tear"],"picked":"Loop","floor":8},{"not_picked":["Hello World","BootSequence"],"picked":"Hologram","floor":12},{"not_picked":["Gash","Stack"],"picked":"Recycle","floor":13},{"not_picked":["Rip and Tear","Gash","Beam Cell"],"picked":"SKIP","floor":14},{"not_picked":["Fission","Machine Learning"],"picked":"Reboot","floor":16},{"not_picked":["Cold Snap","Ball Lightning"],"picked":"Gash+1","floor":18},{"not_picked":["Steam+1","Compile Driver"],"picked":"Turbo","floor":20},{"not_picked":["Sunder","BootSequence+1"],"picked":"Recycle","floor":24}],"player_experience":766527,"relics_obtained":[{"floor":8,"key":"Symbiotic Virus"},{"floor":9,"key":"The Courier"},{"floor":12,"key":"Ginger"},{"floor":24,"key":"Lantern"}],"event_choices":[{"damage_healed":0,"gold_gain":0,"player_choice":"Rummage","damage_taken":0,"relics_obtained":["WarpedTongs"],"max_hp_gain":0,"max_hp_loss":0,"event_name":"Accursed Blacksmith","floor":2,"gold_loss":0,"cards_obtained":["Pain"]},{"damage_healed":0,"gold_gain":0,"player_choice":"Ignored","damage_taken":0,"max_hp_gain":0,"max_hp_loss":0,"event_name":"Shining Light","floor":7,"gold_loss":0},{"cards_removed":["Strike_B"],"damage_healed":0,"gold_gain":0,"player_choice":"Gave Gold","damage_taken":0,"max_hp_gain":0,"max_hp_loss":0,"event_name":"Beggar","floor":19,"gold_loss":75},{"damage_healed":0,"gold_gain":0,"player_choice":"Read","damage_taken":0,"max_hp_gain":0,"max_hp_loss":0,"event_name":"The Library","floor":22,"gold_loss":0,"cards_obtained":["Echo Form"]}],"is_beta":false,"boss_relics":[{"not_picked":["Coffee Dripper","Fusion Hammer"],"picked":"FrozenCore"}],"items_purged_floors":[5,21],"is_endless":false,"potions_floor_spawned":[1,8,13,14,18],"killed_by":"Centurion and Healer","ascension_level":20}