{"gold_per_floor":[118,132,132,132,151,151,165,165,242,317,344,357,386,396,396,468,468,485,485,410,260,273,305,319,379,379,410,410,410,423,440,440,440],"floor_reached":33,"playtime":1201,"items_purged":["Strike_R"],"score":684,"play_id":"fdc8e4da-1738-4f88-8b11-106b34dd4299","local_time":"20190723200328","is_ascension_mode":true,"campfire_choices":[{"data":"Carnage","floor":6,"key":"SMITH"},{"data":"Armaments","floor":8,"key":"SMITH"},{"data":"Juggernaut","floor":15,"key":"SMITH"},{"data":"Offering","floor":29,"key":"SMITH"},{"data":"Inflame","floor":32,"key":"SMITH"}],"neow_cost":"CURSE","seed_source_timestamp":361466511609900,"circlet_count":0,"master_deck":["AscendersBane","Strike_R","Defend_R","Defend_R","Defend_R","Defend_R","Bash","Juggernaut+1","Carnage+1","Armaments+1","Shrug It Off","Battle Trance","Evolve","True Grit","Corruption","Power Through","Reaper+1","Ghostly","Ghostly","Ghostly","Impervious","Body Slam+1","Berserk","Inflame+1","Offering+1"],"relics":["Burning Blood","Anchor","Dodecahedron","PreservedInsect","Molten Egg 2","Coffee Dripper","Ornamental Fan","Tiny Chest","Bronze Scales"],"potions_floor_usage":[11,12,16,16,25,27,33,33],"damage_taken":[{"damage":7,"enemies":"Jaw Worm","floor":1,"turns":5},{"damage":7,"enemies":"2 Louse","floor":2,"turns":2},{"damage":1,"enemies":"Cultist","floor":5,"turns":3},{"damage":0,"enemies":"2 Fungi Beasts","floor":7,"turns":3},{"damage":8,"enemies":"Gremlin Nob","floor":11,"turns":3},{"damage":0,"enemies":"3 Louse","floor":12,"turns":4},{"damage":12,"enemies":"3 Sentries","floor":13,"turns":6},{"damage":0,"enemies":"Looter","floor":14,"turns":3},{"damage":13,"enemies":"Slime Boss","floor":16,"turns":6},{"damage":1,"enemies":"2 Thieves","floor":18,"turns":4},{"damage":1,"enemies":"Chosen","floor":22,"turns":5},{"damage":1,"enemies":"Slavers","floor":23,"turns":5},{"damage":0,"enemies":"Centurion and Healer","floor":24,"turns":6},{"damage":0,"enemies":"Gremlin Leader","floor":25,"turns":5},{"damage":33,"enemies":"Slavers","floor":27,"turns":6},{"damage":3,"enemies":"Cultist and Chosen","floor":30,"turns":6},{"damage":0,"enemies":"Snake Plant","floor":31,"turns":5},{"damage":47,"enemies":"Automaton","floor":33,"turns":10}],"seed_played":"-7587476327344931244","potions_obtained":[{"floor":5,"key":"Block Potion"},{"floor":7,"key":"Fire Potion"},{"floor":12,"key":"BloodPotion"},{"floor":13,"key":"Energy Potion"},{"floor":18,"key":"Block Potion"},{"floor":23,"key":"SkillPotion"},{"floor":27,"key":"SkillPotion"},{"floor":31,"key":"SpeedPotion"}],"is_trial":false,"path_per_floor":["M","M","?","?","M","R","M","R","T","?","E","M","E","M","R","B",null,"M","?","?","$","M","E","M","E","T","E","?","R","M","M","R","B"],"character_chosen":"IRONCLAD","items_purchased":["Impervious"],"campfire_rested":0,"item_purchase_floors":[21],"current_hp_per_floor":[67,66,66,66,71,71,75,75,75,64,62,68,62,68,68,75,75,75,37,37,37,37,37,37,37,37,20,20,20,33,37,37,0],"gold":440,"neow_bonus":"TRANSFORM_TWO_CARDS","is_prod":false,"is_daily":false,"chose_seed":false,"campfire_upgraded":5,"win_rate":0,"timestamp":1563879808,"path_taken":["M","M","?","?","M","R","?","R","T","?","E","M","E","M","R","BOSS","M","?","?","$","M","E","M","E","T","E","?","R","?","M","R","BOSS"],"build_version":"2019-07-17","purchased_purges":1,"victory":false,"max_hp_per_floor":[75,75,75,75,75,75,75,75,75,75,75,75,75,75,75,75,75,75,37,37,37,37,37,37,37,37,37,37,37,37,37,37,37],"card_choices":[{"not_picked":["Havoc","Dropkick"],"picked":"Carnage","floor":1},{"not_picked":["Ghostly Armor","Disarm"],"picked":"Armaments","floor":2},{"not_picked":["Body Slam","Dropkick"],"picked":"Shrug It Off","floor":5},{"not_picked":["Fire Breathing","Uppercut"],"picked":"Battle Trance","floor":7},{"not_picked":["Pommel Strike","Warcry"],"picked":"Evolve","floor":11},{"not_picked":["Clash","Bloodletting"],"picked":"True Grit","floor":12},{"not_picked":["Warcry","Spot Weakness"],"picked":"Corruption","floor":13},{"not_picked":["Flex","Heavy Blade+1"],"picked":"Power Through","floor":14},{"not_picked":["Double Tap","Fiend Fire+1"],"picked":"Reaper+1","floor":16},{"not_picked":["True Grit","Rage","Sever Soul+1"],"picked":"SKIP","floor":18},{"not_picked":["Blood for Blood+1","Shrug It Off"],"picked":"Body Slam+1","floor":22},{"not_picked":["Blood for Blood+1","Battle Trance"],"picked":"Berserk","floor":23},{"not_picked":["Shrug It Off","Perfected Strike+1"],"picked":"Inflame","floor":24},{"not_picked":["Power Through","Twin Strike+1"],"picked":"Offering","floor":25},{"not_picked":["Heavy Blade+1","Armaments","Havoc"],"picked":"SKIP","floor":27},{"not_picked":["Perfected Strike+1","Warcry","True Grit"],"picked":"SKIP","floor":30},{"not_picked":["Armaments","Twin Strike+1","Cleave+1"],"picked":"SKIP","floor":31},{"not_picked":["Armaments","Twin Strike+1","Cleave+1"],"picked":"SKIP","floor":31}],"player_experience":1153812,"relics_obtained":[{"floor":9,"key":"Dodecahedron"},{"floor":11,"key":"PreservedInsect"},{"floor":13,"key":"Molten Egg 2"},{"floor":23,"key":"Ornamental Fan"},{"floor":25,"key":"Tiny Chest"},{"floor":27,"key":"Bronze Scales"}],"event_choices":[{"cards_removed":["Doubt"],"damage_healed":0,"gold_gain":0,"player_choice":"Forget","damage_taken":0,"max_hp_gain":0,"max_hp_loss":0,"event_name":"Living Wall","floor":3,"gold_loss":0},{"cards_removed":["Fire Breathing"],"damage_healed":0,"gold_gain":0,"player_choice":"Gave Card","damage_taken":0,"relics_obtained":["Anchor"],"max_hp_gain":0,"max_hp_loss":0,"event_name":"WeMeetAgain","floor":4,"gold_loss":0},{"damage_healed":0,"gold_gain":75,"player_choice":"Gather Gold","damage_taken":11,"max_hp_gain":0,"max_hp_loss":0,"event_name":"World of Goop","floor":10,"gold_loss":0},{"damage_healed":0,"gold_gain":0,"player_choice":"Became a Ghost","damage_taken":0,"max_hp_gain":0,"max_hp_loss":38,"event_name":"Ghosts","floor":19,"gold_loss":0,"cards_obtained":["Ghostly","Ghostly","Ghostly"]},{"cards_removed":["Strike_R"],"damage_healed":0,"gold_gain":0,"player_choice":"Gave Gold","damage_taken":0,"max_hp_gain":0,"max_hp_loss":0,"event_name":"Beggar","floor":20,"gold_loss":75},{"damage_healed":0,"gold_gain":0,"player_choice":"Ignored","damage_taken":0,"max_hp_gain":0,"max_hp_loss":0,"event_name":"Cursed Tome","floor":28,"gold_loss":0}],"is_beta":false,"boss_relics":[{"not_picked":["Velvet Choker","White Beast Statue"],"picked":"Coffee Dripper"}],"items_purged_floors":[21],"is_endless":false,"potions_floor_spawned":[5,7,12,13,18,23,27,31],"killed_by":"Automaton","ascension_level":20}