{"gold_per_floor":[99,99,6,6,6,6,6,6,6,6,6,6,6,0,0,0,0,0,0,0,0,0,0,0,0,0,0,0,0,0,0],"floor_reached":31,"playtime":1970,"items_purged":[],"score":509,"play_id":"a85a9436-ae72-4663-8d23-1e96362c8946","local_time":"20190519185724","is_ascension_mode":true,"campfire_choices":[{"floor":10,"key":"DIG"},{"floor":13,"key":"DIG"},{"data":"Footwork","floor":15,"key":"SMITH"},{"floor":25,"key":"REST"},{"floor":27,"key":"DIG"},{"floor":29,"key":"DIG"}],"neow_cost":"NONE","seed_source_timestamp":16773587221425,"circlet_count":0,"master_deck":["AscendersBane","Defend_G+1","Defend_G+1","Defend_G+1","Defend_G+1","Defend_G+1","Strike_G+1","Strike_G+1","Strike_G+1","Survivor","Neutralize","Dagger Spray","Footwork","Footwork+1","Sucker Punch","Adrenaline","Poisoned Stab","All Out Attack","Die Die Die","Skewer","Decay","Cloak And Dagger","Adrenaline","Escape Plan","Doppelganger","Blur"],"relics":["Ectoplasm","Shovel","Oddly Smooth Stone","Bottled Flame","Bottled Lightning","Ancient Tea Set","Bag of Marbles","Empty Cage","Regal Pillow","Happy Flower","Meat on the Bone","Dream Catcher"],"potions_floor_usage":[6,11,16,24,24,31],"damage_taken":[{"damage":0,"enemies":"Cultist","floor":1,"turns":4},{"damage":23,"enemies":"3 Sentries","floor":6,"turns":8},{"damage":1,"enemies":"Jaw Worm","floor":7,"turns":4},{"damage":4,"enemies":"Small Slimes","floor":8,"turns":4},{"damage":7,"enemies":"Lagavulin","floor":11,"turns":8},{"damage":6,"enemies":"Exordium Thugs","floor":14,"turns":4},{"damage":13,"enemies":"The Guardian","floor":16,"turns":14},{"damage":16,"enemies":"Shell Parasite","floor":18,"turns":6},{"damage":0,"enemies":"Chosen","floor":21,"turns":4},{"damage":25,"enemies":"Shelled Parasite and Fungi","floor":23,"turns":6},{"damage":8,"enemies":"Slavers","floor":24,"turns":3},{"damage":28,"enemies":"Centurion and Healer","floor":28,"turns":14},{"damage":11,"enemies":"Gremlin Leader","floor":31,"turns":5}],"seed_played":"3997147328473074618","potions_obtained":[{"floor":7,"key":"Poison Potion"},{"floor":11,"key":"LiquidBronze"},{"floor":16,"key":"Explosive Potion"},{"floor":23,"key":"FearPotion"},{"floor":28,"key":"SpeedPotion"}],"is_trial":false,"path_per_floor":["M","?","$","T","$","E","M","M","T","R","E","?","R","M","R","B",null,"M","?","?","M","?","M","E","R","T","R","M","R","$","E"],"character_chosen":"THE_SILENT","items_purchased":["Strength Potion","Footwork"],"campfire_rested":1,"item_purchase_floors":[3,3],"current_hp_per_floor":[59,59,59,59,59,36,35,31,31,31,24,24,24,18,18,5,51,35,35,35,35,35,10,2,36,36,36,20,20,20,9],"gold":0,"neow_bonus":"BOSS_RELIC","is_prod":false,"is_daily":false,"chose_seed":false,"campfire_upgraded":1,"win_rate":0,"timestamp":1558285044,"path_taken":["M","?","$","?","?","E","M","M","T","R","E","?","R","M","R","BOSS","M","?","?","M","?","M","E","R","T","R","?","R","$","E"],"build_version":"2019-01-23","purchased_purges":0,"victory":false,"max_hp_per_floor":[66,66,66,66,66,66,66,66,66,66,66,66,66,66,66,66,66,66,66,66,66,66,66,66,66,66,66,66,66,66,66],"card_choices":[{"not_picked":["Prepared","Dagger Throw"],"picked":"Dagger Spray","floor":1},{"not_picked":["Deadly Poison","Riddle With Holes"],"picked":"Sucker Punch","floor":6},{"not_picked":["Poisoned Stab","Masterful Stab"],"picked":"Adrenaline","floor":7},{"not_picked":["Blade Dance","Dagger Spray"],"picked":"Poisoned Stab","floor":8},{"not_picked":["Deflect","Slice"],"picked":"All Out Attack","floor":11},{"not_picked":["Glass Knife","Bullet Time"],"picked":"Die Die Die","floor":16},{"not_picked":["Prepared+1","Sucker Punch"],"picked":"Skewer","floor":18},{"not_picked":["Dagger Spray","Footwork"],"picked":"Cloak And Dagger","floor":21},{"not_picked":["Dash","Catalyst"],"picked":"Escape Plan","floor":23},{"not_picked":["Flying Knee","Masterful Stab"],"picked":"Doppelganger","floor":24},{"not_picked":["Dagger Spray","Bane"],"picked":"Blur","floor":28}],"player_experience":922394,"relics_obtained":[{"floor":4,"key":"Shovel"},{"floor":6,"key":"Oddly Smooth Stone"},{"floor":9,"key":"Bottled Flame"},{"floor":10,"key":"Bottled Lightning"},{"floor":11,"key":"Ancient Tea Set"},{"floor":13,"key":"Bag of Marbles"},{"floor":24,"key":"Regal Pillow"},{"floor":26,"key":"Happy Flower"},{"floor":27,"key":"Meat on the Bone"},{"floor":29,"key":"Dream Catcher"}],"event_choices":[{"damage_healed":0,"gold_gain":0,"player_choice":"1 cards matched","damage_taken":0,"max_hp_gain":0,"max_hp_loss":0,"event_name":"Match and Keep!","floor":2,"gold_loss":0,"cards_obtained":["Footwork"]},{"damage_healed":0,"gold_gain":0,"player_choice":"Fled","damage_taken":0,"max_hp_gain":0,"max_hp_loss":0,"event_name":"Scrap Ooze","floor":12,"gold_loss":0},{"damage_healed":0,"gold_gain":0,"player_choice":"Smashed Altar","damage_taken":0,"max_hp_gain":0,"max_hp_loss":0,"event_name":"Forgotten Altar","floor":19,"gold_loss":0,"cards_obtained":["Decay"]},{"damage_healed":0,"gold_gain":0,"player_choice":"Simplicity","damage_taken":0,"max_hp_gain":0,"max_hp_loss":0,"event_name":"Back to Basics","floor":20,"gold_loss":0,"cards_upgraded":["Defend_G","Defend_G","Defend_G","Defend_G","Defend_G","Strike_G","Strike_G","Strike_G"]},{"damage_healed":0,"gold_gain":0,"player_choice":"Copied","damage_taken":0,"max_hp_gain":0,"max_hp_loss":0,"event_name":"Duplicator","floor":22,"gold_loss":0,"cards_obtained":["Adrenaline"]}],"is_beta":false,"boss_relics":[{"not_picked":["Runic Pyramid","Pandora\u0027s Box"],"picked":"Empty Cage"}],"items_purged_floors":[],"is_endless":false,"potions_floor_spawned":[7,11,16,23,28],"killed_by":"Gremlin Leader","ascension_level":19}