{"path_per_floor":["M","?","M","M","M","E","M","R","T","M","$","M","M","M","R","B",null,"M","M","?","$","M","E","R","M","T","E","R","?","E","M","R","B",null,"M","M","?","$","M","E","?","M","T","$","T","R","M","M","R","B"],"character_chosen":"THE_SILENT","items_purchased":["Noxious Fumes","Apotheosis","Strength Potion","Calculated Gamble"],"gold_per_floor":[114,114,125,139,151,180,195,195,195,207,98,109,124,142,142,247,247,262,275,275,21,31,61,61,78,103,129,129,129,155,170,170,270,270,283,295,295,161,172,199,0,20,46,46,46,46,58,74,74,74],"floor_reached":51,"campfire_rested":3,"playtime":8760,"current_hp_per_floor":[67,64,64,64,64,40,40,61,61,61,61,57,59,57,57,32,70,22,26,26,26,28,19,40,44,44,20,41,41,44,48,48,34,70,60,65,65,65,64,63,63,68,75,75,75,75,74,77,77,27],"items_purged":["Riddle With Holes","Writhe"],"gold":74,"play_id":"c11c31ba-72a9-4580-9a6a-84f5b5ec8f38","is_prod":false,"is_daily":false,"is_ascension_mode":false,"campfire_upgraded":4,"path_taken":["M","?","M","M","?","E","?","R","T","?","$","M","M","M","R","BOSS","M","M","?","$","?","E","R","M","T","E","R","?","E","M","R","BOSS","M","M","?","$","M","E","?","?","T","$","?","R","M","M","R","BOSS"],"build_version":"2018-02-01-PROD3","purchased_purges":2,"victory":true,"master_deck":["Defend_G","Defend_G+1","Defend_G","Defend_G","Defend_G","Strike_G","Strike_G+1","Strike_G","Strike_G","Survivor","Neutralize","Venomology+1","Blade Dance","PiercingWail","Backflip","Flechettes+1","Escape Plan","Noxious Fumes","Backflip","Well Laid Plans","Distraction","Unload","Parasite","Injury","Outmaneuver+1","Blur+1","Apotheosis+1","Prepared+1","Doppelganger+1","Caltrops","Leg Sweep","Backflip","Adrenaline+1","Outmaneuver+1","Escape Plan","Calculated Gamble","Catalyst+1","Acrobatics+1","Deflect+1","Malaise+1","Distraction+1"],"max_hp_per_floor":[70,70,70,70,70,70,70,70,70,70,70,70,70,70,70,70,70,70,70,70,70,70,70,70,70,70,70,70,70,70,70,70,70,70,70,70,70,70,70,70,70,70,77,77,77,77,77,77,77,77],"relics":["Ring of the Snake","Lantern","Calipers","Bird Faced Urn","Calling Bell","Torii","Ancient Tea Set","Mercury Hourglass","War Paint","Vajra","Whetstone","Pen Nib","Frozen Eye","Lizard Tail","Happy Flower","Red Mask","Strawberry","Ice Cream"],"card_choices":[{"not_picked":["Dagger Throw","Predator"],"picked":"Venomology"},{"not_picked":["Acrobatics","Crippling Poison"],"picked":"Blade Dance"},{"not_picked":["Backflip","Bane"],"picked":"Riddle With Holes"},{"not_picked":["Flechettes","Deadly Poison"],"picked":"PiercingWail"},{"not_picked":["Dodge and Roll","Skewer"],"picked":"Backflip"},{"not_picked":["Eviscerate","Deflect"],"picked":"Flechettes"},{"not_picked":["Backflip","Catalyst"],"picked":"Escape Plan"},{"not_picked":["Dodge and Roll","Dagger Spray"],"picked":"Backflip"},{"not_picked":["Prepared","Finisher"],"picked":"Well Laid Plans"},{"not_picked":["Blade Dance","Calculated Gamble"],"picked":"Distraction"},{"not_picked":["Bullet Time","Corpse Explosion"],"picked":"Unload"},{"not_picked":["Dagger Throw","Riddle With Holes"],"picked":"Outmaneuver"},{"not_picked":["Deadly Poison","Choke"],"picked":"Blur"},{"not_picked":["Dash","Slice"],"picked":"Prepared"},{"not_picked":["Dodge and Roll","Finisher"],"picked":"Doppelganger"},{"not_picked":["Bane","Riddle With Holes"],"picked":"Caltrops"},{"not_picked":["Dagger Throw","Dodge and Roll"],"picked":"Leg Sweep"},{"not_picked":["Envenom","Poisoned Stab"],"picked":"Backflip"},{"not_picked":["A Thousand Cuts","Glass Knife"],"picked":"Adrenaline"},{"not_picked":["Poisoned Stab","Dagger Throw"],"picked":"Outmaneuver"},{"not_picked":["Outmaneuver","Terror"],"picked":"Escape Plan"},{"not_picked":["PiercingWail","Doppelganger"],"picked":"Catalyst"},{"not_picked":["Noxious Fumes","Deadly Poison"],"picked":"Acrobatics"},{"not_picked":["Sucker Punch","Dagger Throw"],"picked":"Deflect"},{"not_picked":["Dagger Throw","Calculated Gamble"],"picked":"Malaise"},{"not_picked":["Acrobatics","Outmaneuver"],"picked":"Distraction"}],"player_experience":63264,"potions_floor_usage":[4,4,5,6,7,10,10,12,13,14,16,16,16,19,19,19,22,23,23,23,25,27,27,30,33,33,33,36,36,36,39,39,42,42,47,48,50,50,50],"damage_taken":[{"damage":3,"enemies":"Small Slimes","floor":1,"turns":4},{"damage":0,"enemies":"2 Louse","floor":3,"turns":3},{"damage":0,"enemies":"Blue Slaver","floor":4,"turns":2},{"damage":0,"enemies":"Lots of Slimes","floor":5,"turns":1},{"damage":24,"enemies":"Gremlin Nob","floor":6,"turns":4},{"damage":0,"enemies":"Gremlin Gang","floor":7,"turns":2},{"damage":0,"enemies":"Exordium Wildlife","floor":10,"turns":4},{"damage":6,"enemies":"Exordium Thugs","floor":12,"turns":6},{"damage":0,"enemies":"3 Louse","floor":13,"turns":2},{"damage":6,"enemies":"Gremlin Gang","floor":14,"turns":4},{"damage":44,"enemies":"Slime Boss","floor":16,"turns":11},{"damage":48,"enemies":"Chosen","floor":18,"turns":7},{"damage":0,"enemies":"Shell Parasite","floor":19,"turns":4},{"damage":0,"enemies":"Centurion and Healer","floor":22,"turns":5},{"damage":11,"enemies":"Slavers","floor":23,"turns":6},{"damage":0,"enemies":"3 Cultists","floor":25,"turns":4},{"damage":30,"enemies":"Gremlin Leader","floor":27,"turns":8},{"damage":3,"enemies":"Book of Stabbing","floor":30,"turns":6},{"damage":2,"enemies":"Sentry and Sphere","floor":31,"turns":8},{"damage":20,"enemies":"Collector","floor":33,"turns":7},{"damage":10,"enemies":"Orb Walker","floor":35,"turns":5},{"damage":1,"enemies":"3 Darklings","floor":36,"turns":5},{"damage":7,"enemies":"Maw","floor":39,"turns":10},{"damage":7,"enemies":"Nemesis","floor":40,"turns":7},{"damage":13,"enemies":"Sphere and 2 Shapes","floor":42,"turns":7},{"damage":7,"enemies":"4 Shapes","floor":47,"turns":7},{"damage":0,"enemies":"Maw","floor":48,"turns":9},{"damage":52,"enemies":"Donu and Deca","floor":50,"turns":13}],"event_choices":[{"event_name":"Scrap Ooze","player_choice":"success","floor":2,"damage_taken":3},{"event_name":"Purifier","player_choice":"One Purge","floor":20,"damage_taken":0},{"event_name":"The Mausoleum","player_choice":"Yes","floor":29,"damage_taken":0},{"event_name":"Tomb of Lord Red Mask","player_choice":"Paid","floor":41,"damage_taken":0}],"boss_relics":[{"not_picked":["The Specimen","Runic Pyramid"],"picked":"Calling Bell"},{"not_picked":["Sozu","Runic Dome"],"picked":"Lizard Tail"}],"potions_floor_spawned":[3,7,10,14,16,18,23,31,33,35,36,39],"seed_played":"-3603944815673414676","ascension_level":0,"is_trial":false}