{"gold_per_floor":[119,44,119,137,21,21,67,67,93,93,93,127,52,80,80,158,158,168,168,168,168,92,92,123,135,147,184,196,208,238,285,297,380,392,423,410,422,497,524,536,576,588,600,622,645,687,97,147,147,147,147,147,147,26,52,52],"floor_reached":57,"playtime":2753,"items_purged":["Strike_B","Defend_B"],"score":2936,"play_id":"76e60d82-a5b6-4697-8c10-f7840df8fa4a","local_time":"20190609224942","is_ascension_mode":true,"campfire_choices":[{"data":"Sunder","floor":6,"key":"SMITH"},{"data":"Electrodynamics","floor":8,"key":"SMITH"},{"floor":10,"key":"REST"},{"data":"Consume","floor":15,"key":"SMITH"},{"data":"Defragment","floor":23,"key":"SMITH"},{"data":"Loop","floor":25,"key":"SMITH"},{"data":"Strike_B","floor":28,"key":"PURGE"},{"data":"Defend_B","floor":32,"key":"PURGE"},{"data":"Defend_B","floor":40,"key":"PURGE"},{"data":"Fission","floor":42,"key":"SMITH"},{"floor":49,"key":"RECALL"},{"data":"Self Repair","floor":53,"key":"PURGE"}],"neow_cost":"CURSE","seed_source_timestamp":116440718918400,"circlet_count":0,"master_deck":["AscendersBane","Zap","Electrodynamics+1","Chill","Coolheaded","Sunder+1","Consume+1","Rainbow","Core Surge","Recycle","All For One","Loop+1","Defragment+1","Multi-Cast","Self Repair","Seek","Meteor Strike","White Noise","Buffer","Skim","Hologram+1","Fission+1","Coolheaded","Hologram+1","Loop+1","All For One","Multi-Cast"],"relics":["Cracked Core","PreservedInsect","Art of War","Vajra","Blood Vial","Coffee Dripper","MawBank","The Courier","Peace Pipe","SsserpentHead","Dream Catcher","Snecko Eye","Juzu Bracelet","StoneCalendar","Turnip","Mango","Symbiotic Virus"],"potions_floor_usage":[16,16,55,56],"damage_taken":[{"damage":9,"enemies":"Jaw Worm","floor":1,"turns":3},{"damage":9,"enemies":"2 Louse","floor":4,"turns":3},{"damage":31,"enemies":"Lagavulin","floor":12,"turns":4},{"damage":14,"enemies":"Gremlin Nob","floor":14,"turns":3},{"damage":0,"enemies":"The Guardian","floor":16,"turns":13},{"damage":0,"enemies":"Chosen","floor":18,"turns":3},{"damage":20,"enemies":"Book of Stabbing","floor":24,"turns":4},{"damage":38,"enemies":"Slavers","floor":27,"turns":3},{"damage":1,"enemies":"Spheric Guardian","floor":30,"turns":4},{"damage":12,"enemies":"Book of Stabbing","floor":31,"turns":4},{"damage":36,"enemies":"Champ","floor":33,"turns":6},{"damage":5,"enemies":"Orb Walker","floor":35,"turns":3},{"damage":2,"enemies":"3 Shapes","floor":38,"turns":4},{"damage":17,"enemies":"Spire Growth","floor":39,"turns":3},{"damage":0,"enemies":"Giant Head","floor":41,"turns":1},{"damage":0,"enemies":"Sphere and 2 Shapes","floor":44,"turns":2},{"damage":0,"enemies":"Maw","floor":45,"turns":4},{"damage":7,"enemies":"Reptomancer","floor":46,"turns":5},{"damage":13,"enemies":"Awakened One","floor":50,"turns":6},{"damage":16,"enemies":"Donu and Deca","floor":51,"turns":3},{"damage":1,"enemies":"Shield and Spear","floor":55,"turns":3},{"damage":75,"enemies":"The Heart","floor":56,"turns":8}],"seed_played":"-251984422543118677","potions_obtained":[{"floor":4,"key":"GamblersBrew"},{"floor":12,"key":"SkillPotion"},{"floor":14,"key":"AttackPotion"},{"floor":18,"key":"Dexterity Potion"},{"floor":30,"key":"Energy Potion"}],"is_trial":false,"path_per_floor":["M","?","?","M","$","R","T","R","T","R","$","E","$","E","R","B",null,"M","$","?","?","$","R","E","R","T","E","R","?","M","E","R","B",null,"M","?","$","M","M","R","E","R","T","M","M","E","$","?","R","B","B",null,"R","$","E","B",null],"character_chosen":"DEFECT","items_purchased":["Sunder","Self Repair","Defragment","Turnip","Mango","All For One"],"campfire_rested":1,"item_purchase_floors":[5,5,22,47,47,54],"current_hp_per_floor":[55,55,44,35,35,35,35,35,35,56,56,32,32,25,25,34,62,71,71,71,71,71,71,58,58,58,29,29,29,37,41,41,21,59,70,70,70,71,68,68,71,71,71,71,71,71,85,85,85,85,83,85,85,85,84,17],"gold":52,"neow_bonus":"THREE_RARE_CARDS","is_prod":false,"is_daily":false,"chose_seed":false,"campfire_upgraded":6,"win_rate":0,"timestamp":1560088182,"path_taken":["M","?","?","M","$","R","?","R","T","R","?","E","$","E","R","BOSS","M","?","?","?","$","R","E","R","T","E","R","?","M","E","R","BOSS","M","?","$","?","M","R","E","R","T","M","M","E","$","?","R","BOSS","BOSS","R","$","E","BOSS"],"build_version":"2019-01-23","purchased_purges":2,"victory":true,"max_hp_per_floor":[71,71,71,71,71,71,71,71,71,71,71,71,71,71,71,71,71,71,71,71,71,71,71,71,71,71,71,71,71,71,71,71,71,71,71,71,71,71,71,71,71,71,71,71,71,71,85,85,85,85,85,85,85,85,85,85],"card_choices":[{"not_picked":["All For One","Amplify"],"picked":"Electrodynamics","floor":0},{"not_picked":["Chaos","Lockon"],"picked":"Chill","floor":1},{"not_picked":["Lockon","Rebound"],"picked":"Coolheaded","floor":4},{"not_picked":["Ball Lightning","Heatsinks"],"picked":"Consume","floor":12},{"not_picked":["Ball Lightning","Undo"],"picked":"Rainbow","floor":14},{"not_picked":["Thunder Strike","Seek"],"picked":"Core Surge","floor":16},{"not_picked":["Streamline","Gash"],"picked":"Recycle","floor":18},{"not_picked":["Stack","FTL"],"picked":"Multi-Cast","floor":24},{"not_picked":["Redo","Melter","Streamline"],"picked":"SKIP","floor":27},{"not_picked":["Hologram","Reprogram"],"picked":"Self Repair","floor":30},{"not_picked":["Beam Cell+1","Rebound"],"picked":"Seek","floor":31},{"not_picked":["Machine Learning","Thunder Strike"],"picked":"Meteor Strike","floor":33},{"not_picked":["Go for the Eyes","Compile Driver"],"picked":"White Noise","floor":35},{"not_picked":["Cold Snap","White Noise"],"picked":"Hologram+1","floor":38},{"not_picked":["Cold Snap","Undo","Beam Cell"],"picked":"SKIP","floor":39},{"not_picked":["Redo","Stack"],"picked":"Fission","floor":41},{"not_picked":["Chill+1","Go for the Eyes"],"picked":"Coolheaded","floor":44},{"not_picked":["Coolheaded+1","Skim"],"picked":"Hologram+1","floor":45},{"not_picked":["Coolheaded","Beam Cell","Leap+1"],"picked":"SKIP","floor":46},{"not_picked":["Coolheaded","Beam Cell","Leap+1"],"picked":"SKIP","floor":46},{"not_picked":["Turbo","Sweeping Beam"],"picked":"Multi-Cast","floor":55}],"player_experience":532670,"relics_obtained":[{"floor":7,"key":"PreservedInsect"},{"floor":9,"key":"Art of War"},{"floor":12,"key":"Vajra"},{"floor":14,"key":"Blood Vial"},{"floor":24,"key":"MawBank"},{"floor":26,"key":"The Courier"},{"floor":27,"key":"Peace Pipe"},{"floor":31,"key":"Dream Catcher"},{"floor":41,"key":"Juzu Bracelet"},{"floor":46,"key":"StoneCalendar"},{"floor":55,"key":"Symbiotic Virus"}],"event_choices":[{"cards_removed":["Injury"],"damage_healed":0,"gold_gain":0,"player_choice":"Card Removal","damage_taken":0,"max_hp_gain":0,"max_hp_loss":0,"event_name":"The Cleric","floor":2,"gold_loss":75},{"damage_healed":0,"gold_gain":75,"player_choice":"Gather Gold","damage_taken":11,"max_hp_gain":0,"max_hp_loss":0,"event_name":"World of Goop","floor":3,"gold_loss":0},{"damage_healed":0,"gold_gain":0,"cards_transformed":["Strike_B","Strike_B"],"player_choice":"Became Test Subject","damage_taken":0,"max_hp_gain":0,"max_hp_loss":0,"event_name":"Drug Dealer","floor":20,"gold_loss":0,"cards_obtained":["All For One","Loop"]},{"damage_healed":0,"gold_gain":0,"player_choice":"Ignored","damage_taken":0,"max_hp_gain":0,"max_hp_loss":0,"event_name":"The Mausoleum","floor":21,"gold_loss":0},{"damage_healed":0,"gold_gain":0,"player_choice":"Trade","damage_taken":0,"relics_obtained":["SsserpentHead"],"max_hp_gain":0,"max_hp_loss":0,"event_name":"FaceTrader","floor":29,"gold_loss":0},{"damage_healed":0,"gold_gain":0,"cards_transformed":["Defend_B","Dualcast"],"player_choice":"Transformed Cards","damage_taken":0,"max_hp_gain":0,"max_hp_loss":0,"event_name":"Designer","floor":36,"gold_loss":75,"cards_obtained":["Buffer","Skim"]},{"damage_healed":0,"gold_gain":0,"player_choice":"Copied","damage_taken":0,"max_hp_gain":0,"max_hp_loss":0,"event_name":"Duplicator","floor":48,"gold_loss":0,"cards_obtained":["Loop"]}],"is_beta":false,"boss_relics":[{"not_picked":["Orrery","Cursed Key"],"picked":"Coffee Dripper"},{"not_picked":["Eternal Feather","FrozenCore"],"picked":"Snecko Eye"}],"items_purged_floors":[13,47],"is_endless":false,"potions_floor_spawned":[4,12,14,18,30,31,35,45,46],"ascension_level":20}