{"gold_per_floor":[114,61,61,76,76,76,88,88,88,106,125,125,125,158,158,253,253,266,266,216,234,247,247,285,285,285,316,368,382,64,80,80,174,174,188,21,21,1020,489,525,525,564,587,600,640,196,209,265,265,265,265,265,265,22,63,63],"floor_reached":56,"playtime":3153,"items_purged":["Strike_B","Defend_B","Zap","Defend_B"],"score":2367,"play_id":"d58a5bbe-928a-418e-b3ec-44eec1a2ef5a","local_time":"20190725192414","is_ascension_mode":true,"campfire_choices":[{"floor":6,"key":"REST"},{"floor":8,"key":"REST"},{"floor":15,"key":"REST"},{"floor":23,"key":"REST"},{"floor":25,"key":"REST"},{"floor":32,"key":"REST"},{"floor":41,"key":"REST"},{"floor":49,"key":"RECALL"},{"floor":53,"key":"REST"}],"neow_cost":"NONE","seed_source_timestamp":529963773147200,"circlet_count":0,"master_deck":["AscendersBane","Defend_B","Defend_B+1","Dualcast","Ball Lightning+1","Cold Snap+1","Sunder+1","Cold Snap+1","Heatsinks+1","Coolheaded","Seek","Capacitor+1","Auto Shields","Seek+1","Self Repair+1","Turbo+1","Coolheaded+1","Double Energy","Consume","Madness","Amplify","Reboot","Madness","Madness","Capacitor+1","Blizzard","Seek+1","Defragment+1","Darkness+1","Hologram","White Noise"],"relics":["Fusion Hammer","Frozen Egg 2","Golden Idol","Dodecahedron","Runic Pyramid","Bag of Preparation","Sundial","Ancient Tea Set","Regal Pillow","Nuclear Battery","Omamori","DollysMirror","Bag of Marbles","War Paint","Lantern","Whetstone","Happy Flower","Gambling Chip","DataDisk"],"potions_floor_usage":[14,24,27,33,40,47,56,56],"damage_taken":[{"damage":1,"enemies":"Cultist","floor":1,"turns":4},{"damage":5,"enemies":"Jaw Worm","floor":4,"turns":3},{"damage":0,"enemies":"2 Louse","floor":7,"turns":2},{"damage":8,"enemies":"Blue Slaver","floor":10,"turns":2},{"damage":6,"enemies":"Exordium Wildlife","floor":11,"turns":2},{"damage":2,"enemies":"Lagavulin","floor":14,"turns":7},{"damage":11,"enemies":"The Guardian","floor":16,"turns":11},{"damage":24,"enemies":"2 Thieves","floor":18,"turns":4},{"damage":2,"enemies":"Spheric Guardian","floor":21,"turns":6},{"damage":13,"enemies":"Snake Plant","floor":22,"turns":7},{"damage":11,"enemies":"Slavers","floor":24,"turns":6},{"damage":31,"enemies":"Gremlin Leader","floor":27,"turns":10},{"damage":44,"enemies":"Cultist and Chosen","floor":29,"turns":9},{"damage":5,"enemies":"Snecko","floor":31,"turns":9},{"damage":3,"enemies":"Champ","floor":33,"turns":16},{"damage":10,"enemies":"Orb Walker","floor":35,"turns":4},{"damage":38,"enemies":"Nemesis","floor":40,"turns":9},{"damage":0,"enemies":"Reptomancer","floor":42,"turns":6},{"damage":0,"enemies":"3 Darklings","floor":44,"turns":3},{"damage":0,"enemies":"Giant Head","floor":45,"turns":7},{"damage":14,"enemies":"Writhing Mass","floor":47,"turns":7},{"damage":3,"enemies":"2 Orb Walkers","floor":48,"turns":4},{"damage":0,"enemies":"Time Eater","floor":50,"turns":14},{"damage":0,"enemies":"Donu and Deca","floor":51,"turns":9},{"damage":0,"enemies":"Shield and Spear","floor":55,"turns":5},{"damage":74,"enemies":"The Heart","floor":56,"turns":8}],"seed_played":"-516342592964340994","potions_obtained":[{"floor":1,"key":"Swift Potion"},{"floor":10,"key":"FocusPotion"},{"floor":16,"key":"FocusPotion"},{"floor":18,"key":"Strength Potion"},{"floor":22,"key":"AttackPotion"},{"floor":42,"key":"Poison Potion"},{"floor":44,"key":"Weak Potion"},{"floor":47,"key":"AttackPotion"}],"is_trial":false,"path_per_floor":["M","$","?","M","?","R","M","R","T","M","M","?","?","E","R","B",null,"M","?","?","M","M","R","E","R","T","E","T","M","$","M","R","B",null,"M","$","?","?","$","E","R","E","T","M","E","$","M","?","R","B","B",null,"R","$","E","B"],"character_chosen":"DEFECT","items_purchased":["Cold Snap","Consume","PowerPotion","Madness","Omamori","Capacitor+1","Blizzard","DollysMirror","Swift Potion","Whetstone","Happy Flower","White Noise","Weak Potion"],"campfire_rested":8,"item_purchase_floors":[2,30,30,30,36,39,39,39,39,46,46,54,54],"current_hp_per_floor":[63,63,56,51,30,51,51,71,71,63,57,33,33,31,52,41,64,40,40,40,38,35,56,55,71,71,50,50,16,16,21,57,64,69,69,69,56,56,56,38,71,71,71,71,71,71,71,71,71,71,71,71,71,71,71,0],"gold":63,"neow_bonus":"BOSS_RELIC","is_prod":false,"is_daily":false,"chose_seed":false,"campfire_upgraded":0,"win_rate":0,"timestamp":1564050254,"path_taken":["M","?","?","M","?","R","?","R","T","M","M","?","?","E","R","BOSS","M","?","?","M","?","R","E","R","T","E","?","M","$","M","R","BOSS","M","$","?","?","$","E","R","E","T","M","E","?","M","?","R","BOSS","BOSS","R","$","E","BOSS"],"build_version":"2019-07-17","purchased_purges":4,"victory":false,"max_hp_per_floor":[71,71,71,71,71,71,71,71,71,71,71,71,71,71,71,71,71,71,71,71,71,71,71,71,71,71,71,71,71,71,71,71,71,71,71,71,71,71,71,71,71,71,71,71,71,71,71,71,71,71,71,71,71,71,71,71],"card_choices":[{"not_picked":["Sweeping Beam","Hello World"],"picked":"Ball Lightning","floor":1},{"not_picked":["Reinforced Body","Reprogram"],"picked":"Sunder","floor":4},{"not_picked":["Compile Driver","Steam Power"],"picked":"Cold Snap","floor":7},{"not_picked":["Rebound","Leap"],"picked":"Heatsinks+1","floor":10},{"not_picked":["Stack","Genetic Algorithm"],"picked":"Coolheaded","floor":11},{"not_picked":["Stack","Steam","Lockon"],"picked":"SKIP","floor":14},{"not_picked":["Rainbow","Thunder Strike"],"picked":"Seek","floor":16},{"not_picked":["Compile Driver","Steam"],"picked":"Capacitor+1","floor":18},{"not_picked":["Steam","Go for the Eyes"],"picked":"Self Repair+1","floor":21},{"not_picked":["Reprogram","Sweeping Beam"],"picked":"Turbo","floor":22},{"not_picked":["Steam","Cold Snap"],"picked":"Coolheaded","floor":24},{"not_picked":["Turbo","Ball Lightning"],"picked":"Double Energy","floor":27},{"not_picked":["Steam","Turbo","Go for the Eyes+1"],"picked":"SKIP","floor":29},{"not_picked":["Hello World+1","Streamline"],"picked":"Amplify","floor":31},{"not_picked":["Rainbow","Multi-Cast"],"picked":"Reboot","floor":33},{"not_picked":["Leap","Reprogram","Steam"],"picked":"SKIP","floor":35},{"not_picked":["Scrape","Stack"],"picked":"Defragment+1","floor":40},{"not_picked":["Beam Cell","Hyperbeam"],"picked":"Darkness+1","floor":42},{"not_picked":["Barrage","Force Field","Coolheaded"],"picked":"SKIP","floor":44},{"not_picked":["Turbo+1","Gash","Streamline"],"picked":"SKIP","floor":45},{"not_picked":["Cold Snap","Leap+1","Turbo"],"picked":"SKIP","floor":47},{"not_picked":["Sweeping Beam","Gash"],"picked":"Hologram","floor":48},{"not_picked":["Chaos","Compile Driver+1","Amplify"],"picked":"SKIP","floor":55}],"player_experience":1208952,"relics_obtained":[{"floor":9,"key":"Frozen Egg 2"},{"floor":14,"key":"Dodecahedron"},{"floor":24,"key":"Bag of Preparation"},{"floor":26,"key":"Sundial"},{"floor":27,"key":"Ancient Tea Set"},{"floor":28,"key":"Regal Pillow"},{"floor":40,"key":"Bag of Marbles"},{"floor":42,"key":"War Paint"},{"floor":45,"key":"Lantern"},{"floor":48,"key":"Gambling Chip"},{"floor":55,"key":"DataDisk"}],"event_choices":[{"cards_removed":["Strike_B"],"damage_healed":0,"gold_gain":0,"player_choice":"Card Removal","damage_taken":7,"max_hp_gain":0,"max_hp_loss":0,"event_name":"Golden Wing","floor":3,"gold_loss":0},{"damage_healed":0,"gold_gain":0,"player_choice":"Entered Light","damage_taken":21,"max_hp_gain":0,"max_hp_loss":0,"event_name":"Shining Light","floor":5,"gold_loss":0,"cards_upgraded":["Defend_B","Cold Snap"]},{"damage_healed":0,"gold_gain":0,"player_choice":"Take Damage","damage_taken":24,"relics_obtained":["Golden Idol"],"max_hp_gain":0,"max_hp_loss":0,"event_name":"Golden Idol","floor":12,"gold_loss":0},{"damage_healed":0,"gold_gain":0,"player_choice":"Ignored","damage_taken":0,"max_hp_gain":0,"max_hp_loss":0,"event_name":"Liars Game","floor":13,"gold_loss":0},{"damage_healed":0,"gold_gain":0,"cards_transformed":["Strike_B","Strike_B"],"player_choice":"Became Test Subject","damage_taken":0,"max_hp_gain":0,"max_hp_loss":0,"event_name":"Drug Dealer","floor":19,"gold_loss":0,"cards_obtained":["Auto Shields","Seek"]},{"damage_healed":0,"gold_gain":0,"player_choice":"Upgraded Two","damage_taken":0,"max_hp_gain":0,"max_hp_loss":0,"event_name":"Designer","floor":20,"gold_loss":50,"cards_upgraded":["Ball Lightning","Seek"]},{"damage_healed":0,"gold_gain":0,"player_choice":"Embrace Madness","damage_taken":13,"max_hp_gain":0,"max_hp_loss":0,"event_name":"Winding Halls","floor":37,"gold_loss":0,"cards_obtained":["Madness","Madness"]},{"damage_healed":0,"gold_gain":999,"player_choice":"Gold","damage_taken":0,"max_hp_gain":0,"max_hp_loss":0,"event_name":"MindBloom","floor":38,"gold_loss":0,"cards_obtained":["Normality","Normality"]},{"damage_healed":0,"gold_gain":0,"player_choice":"Fight","damage_taken":0,"max_hp_gain":0,"max_hp_loss":0,"event_name":"Mysterious Sphere","floor":48,"gold_loss":0}],"is_beta":false,"boss_relics":[{"not_picked":["Ectoplasm","Lizard Tail"],"picked":"Runic Pyramid"},{"not_picked":["Snecko Eye","Cursed Key"],"picked":"Nuclear Battery"}],"items_purged_floors":[30,39,46,54],"is_endless":false,"potions_floor_spawned":[1,10,16,18,21,22,42,44,47],"killed_by":"The Heart","ascension_level":20}