{"gold_per_floor":[109,109,109,125,125,125,154,164,164,198,216,226,77,94,94,94],"floor_reached":16,"playtime":1309,"items_purged":[],"score":171,"play_id":"4b176c01-a3a3-4e2d-85ca-9bada8e2306f","local_time":"20190605181259","is_ascension_mode":true,"campfire_choices":[{"data":"Catalyst","floor":6,"key":"SMITH"},{"floor":15,"key":"REST"}],"neow_cost":"NONE","seed_source_timestamp":876301730243159,"circlet_count":0,"master_deck":["Defend_G","Defend_G","Defend_G","Defend_G","Defend_G","Strike_G","Strike_G","Strike_G","Strike_G","Strike_G","Survivor","Neutralize","Slice","Catalyst+1","Cloak And Dagger","Leg Sweep","Cloak And Dagger","Blade Dance"],"relics":["Ring of the Snake","NeowsBlessing","Gremlin Horn","Oddly Smooth Stone","Kunai","Calipers","Anchor"],"potions_floor_usage":[16,16],"damage_taken":[{"damage":0,"enemies":"Jaw Worm","floor":1,"turns":1},{"damage":0,"enemies":"Small Slimes","floor":4,"turns":1},{"damage":0,"enemies":"Lagavulin","floor":7,"turns":1},{"damage":0,"enemies":"Cultist","floor":8,"turns":4},{"damage":15,"enemies":"3 Sentries","floor":10,"turns":14},{"damage":4,"enemies":"Large Slime","floor":11,"turns":10},{"damage":0,"enemies":"Lots of Slimes","floor":12,"turns":4},{"damage":0,"enemies":"Exordium Wildlife","floor":14,"turns":5},{"damage":71,"enemies":"Slime Boss","floor":16,"turns":16}],"seed_played":"2849077302971319321","potions_obtained":[{"floor":7,"key":"Fire Potion"},{"floor":8,"key":"Ancient Potion"},{"floor":12,"key":"Weak Potion"},{"floor":14,"key":"SpeedPotion"}],"is_trial":false,"path_per_floor":["M","?","?","M","?","R","E","M","T","E","M","M","$","M","R","B"],"character_chosen":"THE_SILENT","items_purchased":["Anchor"],"campfire_rested":1,"item_purchase_floors":[13],"current_hp_per_floor":[70,70,70,70,70,70,70,70,70,55,51,51,51,51,70,0],"gold":94,"neow_bonus":"THREE_ENEMY_KILL","is_prod":false,"is_daily":false,"chose_seed":false,"campfire_upgraded":1,"win_rate":0,"timestamp":1559747579,"path_taken":["M","?","?","M","?","R","E","M","T","E","M","M","$","?","R","BOSS"],"build_version":"2019-01-23","purchased_purges":0,"victory":false,"max_hp_per_floor":[70,70,70,70,70,70,70,70,70,70,70,70,70,70,70,70],"card_choices":[{"not_picked":["Deflect","Skewer"],"picked":"Slice","floor":1},{"not_picked":["Dodge and Roll","Acrobatics"],"picked":"Catalyst","floor":4},{"not_picked":["Reflex","Acrobatics"],"picked":"Cloak And Dagger","floor":7},{"not_picked":["Caltrops","Dodge and Roll"],"picked":"Leg Sweep","floor":8},{"not_picked":["Deadly Poison","All Out Attack"],"picked":"Cloak And Dagger","floor":10},{"not_picked":["Dagger Throw","Poisoned Stab","PiercingWail"],"picked":"SKIP","floor":11},{"not_picked":["Predator","PiercingWail","Poisoned Stab"],"picked":"SKIP","floor":12},{"not_picked":["Deflect","Blur"],"picked":"Blade Dance","floor":14}],"player_experience":1459129,"relics_obtained":[{"floor":7,"key":"Oddly Smooth Stone"},{"floor":9,"key":"Kunai"},{"floor":10,"key":"Calipers"}],"event_choices":[{"damage_healed":0,"gold_gain":0,"player_choice":"Ignored","damage_taken":0,"max_hp_gain":0,"max_hp_loss":0,"event_name":"Golden Wing","floor":2,"gold_loss":0},{"damage_healed":0,"gold_gain":0,"player_choice":"Box","damage_taken":0,"relics_obtained":["Gremlin Horn"],"max_hp_gain":0,"max_hp_loss":0,"event_name":"Big Fish","floor":3,"gold_loss":0,"cards_obtained":["Regret"]},{"cards_removed":["Regret"],"damage_healed":0,"gold_gain":0,"player_choice":"Removed Curses","damage_taken":0,"max_hp_gain":0,"max_hp_loss":0,"event_name":"Fountain of Cleansing","floor":5,"gold_loss":0}],"is_beta":false,"boss_relics":[],"items_purged_floors":[],"is_endless":false,"potions_floor_spawned":[7,8,12,14],"killed_by":"Slime Boss","ascension_level":5}