{"gold_per_floor":[118,118,135,60,78,111,111,146,146,175,187,187,112,130,130,209,209,226,238,248,263,263,263,290,290,370,381,381,413,123,142,142,220,220,230,230,244,258,258,285,296,306,332,365,365,382,482,516,516,516,516,516,516,57,83,83],"floor_reached":57,"playtime":2402,"items_purged":[],"score":3733,"play_id":"7c28db9e-1c2a-4188-bebe-85b9401e765f","local_time":"20190624141938","is_ascension_mode":true,"campfire_choices":[{"data":"Armaments","floor":15.0,"key":"SMITH"},{"data":"Corruption","floor":23.0,"key":"SMITH"},{"data":"Dark Embrace","floor":25.0,"key":"SMITH"},{"data":"Barricade","floor":32.0,"key":"SMITH"},{"floor":49,"key":"RECALL"},{"data":"Feel No Pain","floor":53,"key":"SMITH"}],"neow_cost":"NONE","seed_source_timestamp":0,"circlet_count":0,"master_deck":["AscendersBane","Armaments+1","True Grit","Body Slam","Shrug It Off+1","Shrug It Off","Battle Trance","Dark Embrace+1","Offering","Power Through","Feel No Pain+1","Corruption+1","Double Tap+1","Feel No Pain","Reaper","Metallicize","Evolve","Second Wind+1","Barricade+1","Flame Barrier+1","Dual Wield+1","Sentinel+1","Offering+1","Shockwave+1","Master of Strategy+1"],"special_seed":0,"relics":["Burning Blood","Peace Pipe","Dodecahedron","Toxic Egg 2","Shuriken","Busted Crown","Sundial","Tiny Chest","Frozen Egg 2","Pantograph","TheAbacus","Runic Cube","Incense Burner","Strawberry","Charon\u0027s Ashes","Bottled Tornado","Self Forming Clay","Vajra"],"potions_floor_usage":[56],"damage_taken":[{"damage":2.0,"enemies":"Jaw Worm","floor":1.0,"turns":4.0},{"damage":0.0,"enemies":"Cultist","floor":3.0,"turns":3.0},{"damage":12.0,"enemies":"Small Slimes","floor":5.0,"turns":4.0},{"damage":6.0,"enemies":"3 Sentries","floor":6.0,"turns":4.0},{"damage":6.0,"enemies":"Gremlin Nob","floor":8.0,"turns":2.0},{"damage":6.0,"enemies":"3 Sentries","floor":10.0,"turns":6.0},{"damage":0.0,"enemies":"Exordium Wildlife","floor":11.0,"turns":3.0},{"damage":7.0,"enemies":"Exordium Thugs","floor":14.0,"turns":3.0},{"damage":6.0,"enemies":"The Guardian","floor":16.0,"turns":6.0},{"damage":12.0,"enemies":"Shell Parasite","floor":18.0,"turns":3.0},{"damage":6.0,"enemies":"3 Byrds","floor":19.0,"turns":4.0},{"damage":6.0,"enemies":"Shelled Parasite and Fungi","floor":20.0,"turns":3.0},{"damage":12.0,"enemies":"Snake Plant","floor":21.0,"turns":4.0},{"damage":6.0,"enemies":"Gremlin Leader","floor":24.0,"turns":2.0},{"damage":6.0,"enemies":"Cultist and Chosen","floor":27.0,"turns":4.0},{"damage":6.0,"enemies":"Book of Stabbing","floor":29.0,"turns":2.0},{"damage":6.0,"enemies":"Shelled Parasite and Fungi","floor":31.0,"turns":3.0},{"damage":6.0,"enemies":"Collector","floor":33.0,"turns":3.0},{"damage":12.0,"enemies":"Orb Walker","floor":35.0,"turns":2.0},{"damage":6.0,"enemies":"3 Shapes","floor":37.0,"turns":3.0},{"damage":8.0,"enemies":"Jaw Worm Horde","floor":38.0,"turns":4.0},{"damage":12.0,"enemies":"Reptomancer","floor":40.0,"turns":2.0},{"damage":12.0,"enemies":"4 Shapes","floor":41.0,"turns":2.0},{"damage":1,"enemies":"Maw","floor":42,"turns":4},{"damage":6,"enemies":"Nemesis","floor":44,"turns":3},{"damage":6,"enemies":"Spire Growth","floor":46,"turns":2},{"damage":12,"enemies":"Mind Bloom Boss Battle","floor":47,"turns":2},{"damage":6,"enemies":"Reptomancer","floor":48,"turns":2},{"damage":12,"enemies":"Awakened One","floor":50,"turns":3},{"damage":12,"enemies":"Time Eater","floor":51,"turns":3},{"damage":6,"enemies":"Shield and Spear","floor":55,"turns":4},{"damage":27,"enemies":"The Heart","floor":56,"turns":8}],"seed_played":"-5211742006731699339","potions_obtained":[{"floor":3.0,"key":"Fire Potion"},{"floor":6.0,"key":"Strength Potion"},{"floor":18.0,"key":"GamblersBrew"},{"floor":24.0,"key":"PowerPotion"},{"floor":38.0,"key":"GamblersBrew"}],"is_trial":false,"path_per_floor":["M","?","M","$","M","E","?","E","T","E","M","?","$","M","R","B",null,"M","M","M","M","?","R","E","R","T","M","T","E","$","M","R","B",null,"M","?","M","M","?","E","M","M","T","E","?","M","?","E","R","B","B",null,"R","$","E","B",null],"character_chosen":"IRONCLAD","items_purchased":["Corruption","Evolve","Dual Wield+1","TheAbacus","Master of Strategy+1","Self Forming Clay"],"campfire_rested":0,"item_purchase_floors":[4,13,30,30,54,54],"current_hp_per_floor":[72,75,75,75,69,69,46,46,46,46,56,56,56,60,60,65,73,75,75,75,75,75,75,75,75,75,75,75,75,75,75,75,75,75,75,75,75,75,65,75,75,75,75,82,82,82,82,82,82,82,76,81,81,81,82,82],"gold":83,"neow_bonus":"TRANSFORM_CARD","is_prod":false,"is_daily":false,"chose_seed":false,"campfire_upgraded":5,"win_rate":0,"timestamp":1561353578,"path_taken":["M","?","M","$","?","E","?","E","T","E","M","?","$","M","R","BOSS","M","?","?","M","?","R","E","R","T","M","?","E","?","?","R","BOSS","M","?","M","?","?","E","M","M","T","E","?","M","?","E","R","BOSS","BOSS","R","$","E","BOSS"],"build_version":"2019-01-23","purchased_purges":0,"victory":true,"max_hp_per_floor":[75,75,75,75,75,75,75,75,75,75,75,75,75,75,75,75,75,75,75,75,75,75,75,75,75,75,75,75,75,75,75,75,75,75,75,75,75,75,75,75,75,75,75,82,82,82,82,82,82,82,82,82,82,82,82,82],"card_choices":[{"not_picked":["Body Slam","Heavy Blade"],"picked":"Feel No Pain","floor":1.0},{"not_picked":["Pummel","Rupture","Inflame"],"picked":"SKIP","floor":3.0},{"not_picked":["Clothesline","Body Slam"],"picked":"Seeing Red","floor":5.0},{"not_picked":["Flex","Cleave","Double Tap"],"picked":"SKIP","floor":6.0},{"not_picked":["Flex","Cleave"],"picked":"Double Tap","floor":6.0},{"not_picked":["Anger","Entrench"],"picked":"Feel No Pain","floor":8.0},{"not_picked":["Headbutt","Shockwave+1"],"picked":"Reaper","floor":10.0},{"not_picked":["Blood for Blood","Headbutt"],"picked":"Flex+1","floor":11.0},{"not_picked":["Body Slam","Sword Boomerang"],"picked":"Second Wind+1","floor":14.0},{"not_picked":["Impervious+1","Bludgeon"],"picked":"Barricade","floor":16.0},{"not_picked":["Corruption+1"],"picked":"SKIP","floor":18.0},{"not_picked":["Fire Breathing"],"picked":"SKIP","floor":19.0},{"not_picked":["Whirlwind+1"],"picked":"SKIP","floor":20.0},{"not_picked":["Whirlwind+1"],"picked":"SKIP","floor":20.0},{"not_picked":["Cleave"],"picked":"SKIP","floor":21.0},{"not_picked":[],"picked":"Flame Barrier+1","floor":24.0},{"not_picked":["Flex+1"],"picked":"SKIP","floor":27.0},{"not_picked":["Uppercut"],"picked":"SKIP","floor":29.0},{"not_picked":[],"picked":"Sentinel+1","floor":31.0},{"not_picked":[],"picked":"Offering+1","floor":33.0},{"not_picked":["Sword Boomerang"],"picked":"SKIP","floor":35.0},{"not_picked":["Dropkick"],"picked":"SKIP","floor":37.0},{"not_picked":["Flex+1"],"picked":"SKIP","floor":38.0},{"not_picked":["Flex+1"],"picked":"SKIP","floor":38.0},{"not_picked":[],"picked":"Shockwave+1","floor":40.0},{"not_picked":["Thunderclap"],"picked":"SKIP","floor":41.0},{"not_picked":["Anger"],"picked":"SKIP","floor":42},{"not_picked":["Berserk+1"],"picked":"SKIP","floor":44},{"not_picked":["Battle Trance+1"],"picked":"SKIP","floor":46},{"not_picked":["Sword Boomerang"],"picked":"SKIP","floor":48},{"not_picked":["Flex+1"],"picked":"SKIP","floor":55}],"player_experience":780414,"relics_obtained":[{"floor":6.0,"key":"Peace Pipe"},{"floor":8.0,"key":"Dodecahedron"},{"floor":9.0,"key":"Toxic Egg 2"},{"floor":10.0,"key":"Shuriken"},{"floor":24.0,"key":"Sundial"},{"floor":26.0,"key":"Tiny Chest"},{"floor":28.0,"key":"Frozen Egg 2"},{"floor":29.0,"key":"Pantograph"},{"floor":40.0,"key":"Incense Burner"},{"floor":44,"key":"Strawberry"},{"floor":47,"key":"Charon\u0027s Ashes"},{"floor":48,"key":"Bottled Tornado"},{"floor":55,"key":"Vajra"}],"event_choices":[{"damage_healed":3.0,"max_hp_gain":0.0,"max_hp_loss":0.0,"gold_gain":0.0,"event_name":"Wheel of Change","player_choice":"Full Heal","floor":2.0,"gold_loss":0.0,"damage_taken":0.0},{"damage_healed":0.0,"max_hp_gain":0.0,"max_hp_loss":0.0,"gold_gain":0.0,"event_name":"Shining Light","player_choice":"Entered Light","floor":7.0,"gold_loss":0.0,"damage_taken":23.0,"cards_upgraded":["Double Tap","Shrug It Off"]},{"damage_healed":0.0,"max_hp_gain":0.0,"max_hp_loss":0.0,"gold_gain":0.0,"cards_transformed":["Flex"],"event_name":"Transmorgrifier","player_choice":"Transformed","floor":12.0,"gold_loss":0.0,"damage_taken":0.0,"cards_obtained":["Metallicize"]},{"cards_removed":["Rampage"],"damage_healed":0.0,"max_hp_gain":0.0,"max_hp_loss":0.0,"gold_gain":0.0,"event_name":"Back to Basics","player_choice":"Elegance","floor":22.0,"gold_loss":0.0,"damage_taken":0.0},{"damage_healed":0.0,"max_hp_gain":0.0,"max_hp_loss":0.0,"gold_gain":0.0,"event_name":"SecretPortal","player_choice":"Ignored","floor":36.0,"gold_loss":0.0,"damage_taken":0.0},{"damage_healed":0.0,"max_hp_gain":0.0,"max_hp_loss":0.0,"gold_gain":0.0,"event_name":"SensoryStone","player_choice":"Memory 3","floor":39.0,"gold_loss":0.0,"damage_taken":10.0},{"cards_removed":["Seeing Red"],"damage_healed":0,"gold_gain":0,"player_choice":"Removed Skill","damage_taken":0,"max_hp_gain":0,"max_hp_loss":0,"event_name":"Falling","floor":45,"gold_loss":0},{"damage_healed":0,"gold_gain":0,"player_choice":"Fight","damage_taken":0,"max_hp_gain":0,"max_hp_loss":0,"event_name":"MindBloom","floor":47,"gold_loss":0}],"is_beta":false,"boss_relics":[{"not_picked":["Black Star","Runic Pyramid"],"picked":"Busted Crown"},{"not_picked":["Velvet Choker","Eternal Feather"],"picked":"Runic Cube"}],"items_purged_floors":[],"is_endless":false,"potions_floor_spawned":[3,6,8,11,18,20,24,31,35,38,41,46],"ascension_level":20}