{"gold_per_floor":[111,21,36,36,49,75,75,101,101,136,136,61,61,87,87,163,163,183,183,183],"floor_reached":20,"playtime":459,"items_purged":[],"score":496,"play_id":"dc188ef1-6131-4efa-ac39-af30571fb0a1","local_time":"20190626123802","is_ascension_mode":true,"campfire_choices":[{"data":"Demon Form","floor":7.0,"key":"SMITH"},{"floor":11.0,"key":"REST"},{"data":"Uppercut","floor":13.0,"key":"SMITH"},{"data":"Sword Boomerang","floor":15.0,"key":"SMITH"}],"neow_cost":"NONE","seed_source_timestamp":342214653168500,"circlet_count":0,"master_deck":["AscendersBane","Strike_R","Strike_R","Defend_R","Defend_R","Defend_R","Defend_R","Bash","Uppercut+1","Demon Form+1","Evolve","Shrug It Off","Sword Boomerang+1","Immolate","Body Slam+1","Fire Breathing+1","Rupture+1"],"special_seed":0,"relics":["Burning Blood","NeowsBlessing","Happy Flower","WingedGreaves","Pocketwatch","Matryoshka","Bottled Tornado","Sundial","Astrolabe","Enchiridion"],"potions_floor_usage":[],"damage_taken":[{"damage":0.0,"enemies":"Cultist","floor":1.0,"turns":1.0},{"damage":0.0,"enemies":"Jaw Worm","floor":3.0,"turns":1.0},{"damage":0.0,"enemies":"2 Louse","floor":5.0,"turns":1.0},{"damage":20.0,"enemies":"Lagavulin","floor":6.0,"turns":6.0},{"damage":35.0,"enemies":"3 Sentries","floor":8.0,"turns":7.0},{"damage":24.0,"enemies":"Gremlin Nob","floor":10.0,"turns":4.0},{"damage":7.0,"enemies":"Lagavulin","floor":14.0,"turns":5.0},{"damage":0.0,"enemies":"Hexaghost","floor":16.0,"turns":6.0},{"damage":19.0,"enemies":"Spheric Guardian","floor":18.0,"turns":4.0},{"damage":0,"enemies":"2 Thieves","floor":20,"turns":1}],"seed_played":"6823691874827164309","potions_obtained":[{"floor":3.0,"key":"Strength Potion"},{"floor":5.0,"key":"SkillPotion"},{"floor":8.0,"key":"GamblersBrew"},{"floor":14.0,"key":"AttackPotion"}],"is_trial":false,"path_per_floor":["M","?","M","$","M","E","R","E","T","E","R","?","R","E","R","B",null,"M","?","M"],"character_chosen":"IRONCLAD","items_purchased":[],"campfire_rested":1,"item_purchase_floors":[],"current_hp_per_floor":[74,74,75,75,75,61,61,32,32,14,36,36,36,35,35,41,67,54,33,33],"gold":183,"neow_bonus":"THREE_ENEMY_KILL","is_prod":false,"is_daily":false,"chose_seed":false,"campfire_upgraded":3,"win_rate":0,"timestamp":1561520282,"path_taken":["M","?","?","?","M","E","R","E","T","E","R","?","R","E","R","BOSS","M","?","M"],"build_version":"2019-01-23","purchased_purges":0,"victory":false,"max_hp_per_floor":[75,75,75,75,75,75,75,75,75,75,75,75,75,75,75,75,75,75,75,75],"card_choices":[{"not_picked":["Havoc","Hemokinesis","Wild Strike"],"picked":"SKIP","floor":1.0},{"not_picked":["Perfected Strike","Clash"],"picked":"Uppercut","floor":3.0},{"not_picked":["Bloodletting","Cleave"],"picked":"Inflame","floor":5.0},{"not_picked":["Evolve","Iron Wave"],"picked":"Demon Form","floor":6.0},{"not_picked":["Metallicize","Shrug It Off"],"picked":"Evolve","floor":8.0},{"not_picked":["Perfected Strike","Iron Wave"],"picked":"Shrug It Off","floor":10.0},{"not_picked":["Dropkick","Uppercut"],"picked":"Sword Boomerang","floor":14.0},{"not_picked":["Bludgeon","Exhume"],"picked":"Immolate","floor":16.0},{"not_picked":["Reckless Charge","Cleave","Body Slam+1"],"picked":"SKIP","floor":18.0}],"player_experience":802395,"relics_obtained":[{"floor":6.0,"key":"WingedGreaves"},{"floor":8.0,"key":"Pocketwatch"},{"floor":9.0,"key":"Matryoshka"},{"floor":10.0,"key":"Bottled Tornado"},{"floor":14.0,"key":"Sundial"},{"floor":19.0,"key":"Enchiridion"}],"event_choices":[{"damage_healed":0.0,"max_hp_gain":0.0,"max_hp_loss":0.0,"gold_gain":0.0,"event_name":"WeMeetAgain","player_choice":"Paid Gold","floor":2.0,"gold_loss":90.0,"damage_taken":0.0,"relics_obtained":["Happy Flower"]},{"cards_removed":["Strike_R"],"damage_healed":0.0,"max_hp_gain":0.0,"max_hp_loss":0.0,"gold_gain":0.0,"event_name":"The Cleric","player_choice":"Card Removal","floor":12.0,"gold_loss":75.0,"damage_taken":0.0},{"damage_healed":0.0,"max_hp_gain":0.0,"max_hp_loss":0.0,"gold_gain":0.0,"event_name":"Cursed Tome","player_choice":"Obtained Book","floor":19.0,"gold_loss":0.0,"damage_taken":21.0}],"is_beta":false,"boss_relics":[{"not_picked":["Busted Crown","Tiny House"],"picked":"Astrolabe"}],"items_purged_floors":[],"is_endless":false,"potions_floor_spawned":[3,5,8,14],"killed_by":"2 Thieves","ascension_level":20}