{"gold_per_floor":[109,121,121,141,151,181,181,192,192,221,247,237,252,284,284,284],"floor_reached":16,"playtime":1173,"items_purged":[],"score":223,"play_id":"7f7e51d4-5566-4ba6-ab54-191d05c410bc","local_time":"20190515135817","is_ascension_mode":true,"campfire_choices":[{"floor":7,"key":"REST"},{"floor":15,"key":"REST"}],"neow_cost":"NONE","seed_source_timestamp":269954945272550,"circlet_count":0,"master_deck":["AscendersBane","Defend_G","Defend_G","Defend_G","Defend_G","Defend_G","Strike_G","Strike_G","Strike_G","Strike_G","Strike_G","Survivor","Neutralize+1","Poisoned Stab","Quick Slash","Quick Slash","PiercingWail","Unload","Underhanded Strike","Wraith Form v2","PiercingWail+1","Poisoned Stab"],"relics":["Ring of the Snake","NeowsBlessing","Art of War","Toxic Egg 2","Ornamental Fan","Strawberry","The Courier"],"potions_floor_usage":[6,6,10,14,16],"damage_taken":[{"damage":0,"enemies":"Cultist","floor":1,"turns":1},{"damage":0,"enemies":"Small Slimes","floor":2,"turns":1},{"damage":0,"enemies":"2 Louse","floor":4,"turns":1},{"damage":12,"enemies":"Large Slime","floor":5,"turns":9},{"damage":20,"enemies":"Lagavulin","floor":6,"turns":6},{"damage":1,"enemies":"3 Louse","floor":8,"turns":4},{"damage":19,"enemies":"3 Sentries","floor":10,"turns":7},{"damage":1,"enemies":"Exordium Thugs","floor":12,"turns":4},{"damage":11,"enemies":"Large Slime","floor":13,"turns":5},{"damage":12,"enemies":"Gremlin Nob","floor":14,"turns":5},{"damage":21,"enemies":"The Guardian","floor":16,"turns":9}],"seed_played":"643172655496489198","potions_obtained":[{"floor":2,"key":"Weak Potion"},{"floor":5,"key":"AttackPotion"},{"floor":8,"key":"PowerPotion"},{"floor":12,"key":"SpeedPotion"},{"floor":14,"key":"Poison Potion"}],"is_trial":false,"path_per_floor":["M","M","?","M","M","E","R","M","T","E","T","M","M","E","R","B"],"character_chosen":"THE_SILENT","items_purchased":[],"campfire_rested":2,"item_purchase_floors":[],"current_hp_per_floor":[59,59,59,59,47,27,46,45,45,26,33,32,21,9,30,9],"gold":284,"neow_bonus":"THREE_ENEMY_KILL","is_prod":false,"is_daily":false,"chose_seed":false,"campfire_upgraded":0,"win_rate":0,"timestamp":1557921497,"path_taken":["M","M","?","?","M","E","R","M","T","E","?","M","M","E","R","BOSS"],"build_version":"2019-01-23","purchased_purges":0,"victory":false,"max_hp_per_floor":[66,66,66,66,66,66,66,66,66,66,73,73,73,73,73,73],"card_choices":[{"not_picked":["Underhanded Strike","Skewer"],"picked":"Poisoned Stab","floor":1},{"not_picked":["Eviscerate","Blur"],"picked":"Quick Slash","floor":2},{"not_picked":["Cloak And Dagger","Underhanded Strike"],"picked":"Quick Slash","floor":4},{"not_picked":["Accuracy","Prepared"],"picked":"PiercingWail","floor":5},{"not_picked":["Acrobatics","PiercingWail"],"picked":"Unload","floor":6},{"not_picked":["Distraction","Outmaneuver"],"picked":"Underhanded Strike","floor":8},{"not_picked":["Calculated Gamble+1","Cloak And Dagger+1"],"picked":"Wraith Form v2","floor":10},{"not_picked":["All Out Attack","Quick Slash"],"picked":"PiercingWail+1","floor":13},{"not_picked":["Endless Agony","Bane"],"picked":"Poisoned Stab","floor":14}],"player_experience":894297,"relics_obtained":[{"floor":6,"key":"Art of War"},{"floor":9,"key":"Toxic Egg 2"},{"floor":10,"key":"Ornamental Fan"},{"floor":11,"key":"Strawberry"},{"floor":14,"key":"The Courier"}],"event_choices":[{"damage_healed":0,"gold_gain":0,"player_choice":"Forge","damage_taken":0,"max_hp_gain":0,"max_hp_loss":0,"event_name":"Accursed Blacksmith","floor":3,"gold_loss":0,"cards_upgraded":["Neutralize"]}],"is_beta":false,"boss_relics":[],"items_purged_floors":[],"is_endless":false,"potions_floor_spawned":[2,5,8,12,14],"killed_by":"The Guardian","ascension_level":16}