{"gold_per_floor":[115,85,103,123,123,167,167,210,210,210],"floor_reached":10,"playtime":490,"items_purged":[],"score":152,"play_id":"cc83bb6a-844a-4896-bd98-c43d2bb6d402","local_time":"20190620132833","is_ascension_mode":true,"campfire_choices":[{"data":"Juggernaut","floor":7,"key":"SMITH"}],"neow_cost":"PERCENT_DAMAGE","seed_source_timestamp":57992436514200,"circlet_count":0,"master_deck":["AscendersBane","Strike_R","Strike_R","Strike_R","Strike_R","Strike_R","Defend_R","Defend_R","Defend_R","Defend_R","Bash","Juggernaut+1","Second Wind","Power Through","Ghostly Armor","Perfected Strike","Bludgeon"],"relics":["Burning Blood","Golden Idol","FossilizedHelix","Meat on the Bone"],"potions_floor_usage":[3,6],"damage_taken":[{"damage":10,"enemies":"Small Slimes","floor":1,"turns":4},{"damage":1,"enemies":"Cultist","floor":3,"turns":4},{"damage":6,"enemies":"2 Louse","floor":4,"turns":4},{"damage":27,"enemies":"Lagavulin","floor":6,"turns":10},{"damage":35,"enemies":"3 Sentries","floor":8,"turns":8},{"damage":0,"enemies":"Gremlin Nob","floor":10,"turns":3}],"seed_played":"-7382240710047859974","potions_obtained":[{"floor":1,"key":"SkillPotion"},{"floor":2,"key":"SteroidPotion"},{"floor":2,"key":"BloodPotion"}],"is_trial":false,"path_per_floor":["M","?","M","M","?","E","R","E","T","E"],"character_chosen":"IRONCLAD","items_purchased":[],"campfire_rested":0,"item_purchase_floors":[],"current_hp_per_floor":[46,46,58,58,58,37,37,8,8,8],"gold":210,"neow_bonus":"THREE_RARE_CARDS","is_prod":false,"is_daily":false,"chose_seed":false,"campfire_upgraded":1,"win_rate":0,"timestamp":1561004913,"path_taken":["M","?","?","M","?","E","R","E","T","E"],"build_version":"2019-01-23","purchased_purges":0,"victory":false,"max_hp_per_floor":[75,75,75,75,68,68,68,68,68,68],"card_choices":[{"not_picked":["Fiend Fire","Demon Form"],"picked":"Juggernaut","floor":0},{"not_picked":["Fire Breathing","Searing Blow"],"picked":"Second Wind","floor":1},{"not_picked":["Flex","True Grit"],"picked":"Power Through","floor":3},{"not_picked":["Iron Wave","Pummel"],"picked":"Ghostly Armor","floor":4},{"not_picked":["Cleave","Clothesline","Perfected Strike"],"picked":"SKIP","floor":6},{"not_picked":["Cleave","Clothesline"],"picked":"Perfected Strike","floor":6},{"not_picked":["Havoc","Armaments"],"picked":"Bludgeon","floor":8}],"player_experience":696810,"relics_obtained":[{"floor":6,"key":"FossilizedHelix"},{"floor":8,"key":"Meat on the Bone"}],"event_choices":[{"damage_healed":0,"gold_gain":0,"player_choice":"Bought 2 Potions","damage_taken":0,"max_hp_gain":0,"max_hp_loss":0,"event_name":"The Woman in Blue","floor":2,"gold_loss":0},{"damage_healed":0,"gold_gain":0,"player_choice":"Lose Max HP","damage_taken":0,"relics_obtained":["Golden Idol"],"max_hp_gain":0,"max_hp_loss":7,"event_name":"Golden Idol","floor":5,"gold_loss":0}],"is_beta":false,"boss_relics":[],"items_purged_floors":[],"is_endless":false,"potions_floor_spawned":[1],"killed_by":"Gremlin Nob","ascension_level":20}