{"gold_per_floor":[112,162,174,188,67,101,101,111,180,209,209,244,257,267,267,339,339,350,400,445,459,45,71,71,101,128,128,140,151,151,171,171,248,248,266,318,318,338,338,364,364,378,459,459,487,503,521,521,521,521,521,521,521,49,79,79],"floor_reached":57,"playtime":2607,"items_purged":["Strike_B","Strike_B"],"score":2994,"play_id":"d0efce37-96b5-4686-a97e-36f715625aea","local_time":"20190625155914","is_ascension_mode":true,"campfire_choices":[{"data":"Sunder","floor":7.0,"key":"SMITH"},{"data":"Biased Cognition","floor":11.0,"key":"SMITH"},{"data":"Capacitor","floor":15.0,"key":"SMITH"},{"data":"Rainbow","floor":24.0,"key":"SMITH"},{"floor":27.0,"key":"REST"},{"data":"Buffer","floor":30.0,"key":"SMITH"},{"data":"Fission","floor":32.0,"key":"SMITH"},{"data":"Defragment","floor":44,"key":"SMITH"},{"floor":49,"key":"RECALL"},{"data":"Panacea","floor":53,"key":"SMITH"}],"neow_cost":"TEN_PERCENT_HP_LOSS","seed_source_timestamp":265627944860400,"circlet_count":0,"master_deck":["AscendersBane","Strike_B","Defend_B","Defend_B","Defend_B","Defend_B","Zap","Dualcast","Biased Cognition+1","Coolheaded","Ball Lightning","Sunder+1","Capacitor+1","Coolheaded","Buffer+1","Coolheaded","Fission+1","Sunder","Rainbow+1","Reboot","All For One","Defragment+1","Biased Cognition","Heatsinks","Defragment+1","Glacier+1","Coolheaded","Panacea+1","Discovery","Defragment","Skim","Compile Driver+1"],"special_seed":0,"relics":["Cracked Core","Incense Burner","Letter Opener","Blood Vial","Ornamental Fan","Snecko Eye","Anchor","Omamori","Orichalcum","Sundial","Turnip","Art of War","Philosopher\u0027s Stone","Pocketwatch","Dream Catcher","Blue Candle","Bottled Lightning","Bag of Preparation","Mummified Hand"],"potions_floor_usage":[33,33,56],"damage_taken":[{"damage":5.0,"enemies":"Small Slimes","floor":1.0,"turns":3.0},{"damage":0.0,"enemies":"Cultist","floor":3.0,"turns":3.0},{"damage":3.0,"enemies":"Jaw Worm","floor":4.0,"turns":3.0},{"damage":7.0,"enemies":"3 Sentries","floor":6.0,"turns":4.0},{"damage":0.0,"enemies":"Red Slaver","floor":8.0,"turns":1.0},{"damage":3.0,"enemies":"Lagavulin","floor":10.0,"turns":7.0},{"damage":8.0,"enemies":"3 Sentries","floor":12.0,"turns":7.0},{"damage":16.0,"enemies":"Exordium Thugs","floor":13.0,"turns":4.0},{"damage":11.0,"enemies":"Looter","floor":14.0,"turns":2.0},{"damage":1.0,"enemies":"Hexaghost","floor":16.0,"turns":11.0},{"damage":0.0,"enemies":"Spheric Guardian","floor":18.0,"turns":3.0},{"damage":7.0,"enemies":"Chosen","floor":21.0,"turns":4.0},{"damage":22.0,"enemies":"Book of Stabbing","floor":23.0,"turns":5.0},{"damage":13.0,"enemies":"Gremlin Leader","floor":25.0,"turns":6.0},{"damage":0.0,"enemies":"Shelled Parasite and Fungi","floor":28.0,"turns":4.0},{"damage":10.0,"enemies":"Snake Plant","floor":29.0,"turns":4.0},{"damage":0.0,"enemies":"3 Cultists","floor":31.0,"turns":5.0},{"damage":16,"enemies":"Champ","floor":33,"turns":16},{"damage":15,"enemies":"3 Darklings","floor":35,"turns":4},{"damage":0,"enemies":"2 Orb Walkers","floor":36,"turns":3},{"damage":0,"enemies":"3 Shapes","floor":38,"turns":3},{"damage":0,"enemies":"Giant Head","floor":40,"turns":8},{"damage":0,"enemies":"Spire Growth","floor":42,"turns":3},{"damage":0,"enemies":"Reptomancer","floor":45,"turns":8},{"damage":0,"enemies":"Transient","floor":46,"turns":6},{"damage":0,"enemies":"Maw","floor":47,"turns":6},{"damage":0,"enemies":"Donu and Deca","floor":50,"turns":10},{"damage":11,"enemies":"Time Eater","floor":51,"turns":24},{"damage":10,"enemies":"Shield and Spear","floor":55,"turns":8},{"damage":9,"enemies":"The Heart","floor":56,"turns":11}],"seed_played":"-1353774739975126617","potions_obtained":[{"floor":3.0,"key":"AttackPotion"},{"floor":4.0,"key":"Block Potion"},{"floor":6.0,"key":"Fire Potion"},{"floor":12.0,"key":"Fire Potion"},{"floor":13.0,"key":"Poison Potion"},{"floor":25.0,"key":"Swift Potion"},{"floor":28.0,"key":"Regen Potion"},{"floor":29.0,"key":"EssenceOfSteel"},{"floor":31.0,"key":"SkillPotion"},{"floor":35,"key":"SteroidPotion"},{"floor":36,"key":"SkillPotion"},{"floor":55,"key":"Block Potion"}],"is_trial":false,"path_per_floor":["M","?","M","M","$","E","R","M","T","E","R","E","M","M","R","B",null,"M","?","T","M","$","E","R","E","T","R","M","M","R","M","R","B",null,"M","?","?","M","?","E","?","M","T","R","E","M","M","?","R","B","B",null,"R","$","E","B",null],"character_chosen":"DEFECT","items_purchased":["Sunder","Capacitor","Omamori","Orichalcum","Bag of Preparation","FocusPotion","Defragment","Skim"],"campfire_rested":1,"item_purchase_floors":[5,5,22,22,54,54,54,54],"current_hp_per_floor":[59,53,53,50,50,43,43,43,43,40,40,34,20,11,11,12,51,53,53,53,48,48,28,28,17,17,36,38,42,42,44,44,30,56,43,45,45,47,47,49,49,51,51,51,53,55,57,47,47,49,40,58,58,58,50,43],"gold":79,"neow_bonus":"THREE_RARE_CARDS","is_prod":false,"is_daily":false,"chose_seed":false,"campfire_upgraded":8,"win_rate":0,"timestamp":1561445954,"path_taken":["M","?","?","M","$","E","R","M","T","E","R","E","M","M","R","BOSS","M","?","?","M","$","E","R","E","T","R","M","M","R","?","R","BOSS","M","?","?","?","?","E","?","M","T","R","E","M","?","?","R","BOSS","BOSS","R","$","E","BOSS"],"build_version":"2019-01-23","purchased_purges":2,"victory":true,"max_hp_per_floor":[64,64,64,64,64,64,64,64,64,64,64,64,64,64,64,64,64,64,64,64,64,64,64,64,64,64,64,64,64,64,64,64,64,64,64,64,64,64,64,64,64,64,64,64,64,64,64,64,64,64,64,64,64,64,64,64],"card_choices":[{"not_picked":["Reboot","Creative AI"],"picked":"Biased Cognition","floor":0.0},{"not_picked":["Force Field","Streamline"],"picked":"Coolheaded","floor":1.0},{"not_picked":["Barrage","Leap","Go for the Eyes"],"picked":"SKIP","floor":3.0},{"not_picked":["Blizzard","Skim"],"picked":"Ball Lightning","floor":4.0},{"not_picked":["Auto Shields","Beam Cell","Gash"],"picked":"SKIP","floor":6.0},{"not_picked":["Scrape","Gash"],"picked":"Coolheaded","floor":8.0},{"not_picked":["BootSequence","Stack","Scrape"],"picked":"SKIP","floor":10.0},{"not_picked":["FTL","Ball Lightning"],"picked":"Buffer","floor":12.0},{"not_picked":["Rebound","Hologram","Sunder"],"picked":"SKIP","floor":13.0},{"not_picked":["Auto Shields","Conserve Battery"],"picked":"Coolheaded","floor":14.0},{"not_picked":["Buffer","All For One"],"picked":"Fission","floor":16.0},{"not_picked":["Sweeping Beam+1","BootSequence","Compile Driver"],"picked":"SKIP","floor":18.0},{"not_picked":["Go for the Eyes","Streamline+1"],"picked":"Sunder","floor":21.0},{"not_picked":["Steam","Cold Snap"],"picked":"Rainbow","floor":23.0},{"not_picked":["Chill+1","Doom and Gloom"],"picked":"Reboot","floor":25.0},{"not_picked":["Barrage+1","Rebound","Go for the Eyes"],"picked":"SKIP","floor":28.0},{"not_picked":["Stack","Gash","Sweeping Beam+1"],"picked":"SKIP","floor":29.0},{"not_picked":["Doom and Gloom","Turbo"],"picked":"Sunder","floor":31.0},{"not_picked":["Reboot","Amplify"],"picked":"All For One","floor":33},{"not_picked":["BootSequence","Go for the Eyes"],"picked":"Defragment","floor":35},{"not_picked":["Reinforced Body","Beam Cell"],"picked":"Biased Cognition","floor":38},{"not_picked":["Beam Cell+1","Barrage+1"],"picked":"Heatsinks","floor":40},{"not_picked":["Core Surge","Coolheaded+1"],"picked":"Defragment+1","floor":42},{"not_picked":["All For One","Static Discharge"],"picked":"Glacier+1","floor":45},{"not_picked":["Redo","Ball Lightning"],"picked":"Coolheaded","floor":46},{"not_picked":["Hello World","Rebound","Barrage+1"],"picked":"SKIP","floor":47},{"not_picked":["PanicButton","Mayhem"],"picked":"Panacea","floor":48},{"not_picked":["Jack Of All Trades","Flash of Steel"],"picked":"Discovery","floor":48},{"not_picked":["Go for the Eyes","BootSequence"],"picked":"Compile Driver+1","floor":55}],"player_experience":799580,"relics_obtained":[{"floor":6.0,"key":"Incense Burner"},{"floor":9.0,"key":"Letter Opener"},{"floor":10.0,"key":"Blood Vial"},{"floor":12.0,"key":"Ornamental Fan"},{"floor":20.0,"key":"Anchor"},{"floor":23.0,"key":"Sundial"},{"floor":25.0,"key":"Turnip"},{"floor":26.0,"key":"Art of War"},{"floor":36,"key":"Pocketwatch"},{"floor":40,"key":"Blue Candle"},{"floor":45,"key":"Bottled Lightning"},{"floor":55,"key":"Mummified Hand"}],"event_choices":[{"damage_healed":0.0,"max_hp_gain":0.0,"max_hp_loss":0.0,"gold_gain":50.0,"event_name":"FaceTrader","player_choice":"Touch","floor":2.0,"gold_loss":0.0,"damage_taken":6.0},{"damage_healed":0.0,"max_hp_gain":0.0,"max_hp_loss":0.0,"gold_gain":50.0,"event_name":"Nest","player_choice":"Stole From Cult","floor":19.0,"gold_loss":0.0,"damage_taken":0.0},{"damage_healed":0,"gold_gain":0,"player_choice":"Fight","damage_taken":0,"max_hp_gain":0,"max_hp_loss":0,"event_name":"Mysterious Sphere","floor":36,"gold_loss":0},{"cards_removed":["Sunder"],"damage_healed":0,"gold_gain":0,"player_choice":"Gave Card","damage_taken":0,"relics_obtained":["Dream Catcher"],"max_hp_gain":0,"max_hp_loss":0,"event_name":"WeMeetAgain","floor":37,"gold_loss":0},{"damage_healed":0,"gold_gain":0,"player_choice":"Ignored","damage_taken":0,"max_hp_gain":0,"max_hp_loss":0,"event_name":"Tomb of Lord Red Mask","floor":39,"gold_loss":0},{"cards_removed":["Strike_B"],"damage_healed":0,"gold_gain":0,"player_choice":"Purged","damage_taken":0,"max_hp_gain":0,"max_hp_loss":0,"event_name":"Purifier","floor":41,"gold_loss":0},{"damage_healed":0,"gold_gain":0,"player_choice":"Memory 3","damage_taken":10,"max_hp_gain":0,"max_hp_loss":0,"event_name":"SensoryStone","floor":48,"gold_loss":0}],"is_beta":false,"boss_relics":[{"not_picked":["White Beast Statue","FrozenCore"],"picked":"Snecko Eye"},{"not_picked":["Sozu","Runic Pyramid"],"picked":"Philosopher\u0027s Stone"}],"items_purged_floors":[22,54],"is_endless":false,"potions_floor_spawned":[3,4,6,12,13,25,28,29,31,35,36,55],"ascension_level":20}