{"gold_per_floor":[112,129,129,304,74,100,100,134,160,160,175,21,31,43,43,144,144,157,157,157,94,114,147,147,177,177,61,81,81,95,95,95,195,195,209,227,1226,1226,1243,1243,1278,764,787,787,787,787,331,366,366,366],"floor_reached":51,"playtime":1286,"items_purged":["Doubt","Strike_R","Strike_R","Normality","Strike_R"],"score":849,"play_id":"e88055ea-6e86-4744-b12c-13a538b7e89c","local_time":"20190701023442","is_ascension_mode":false,"campfire_choices":[{"data":"Whirlwind","floor":7.0,"key":"SMITH"},{"data":"Carnage","floor":10.0,"key":"SMITH"},{"data":"Armaments","floor":15.0,"key":"SMITH"},{"data":"Corruption","floor":24.0,"key":"SMITH"},{"data":"Inflame","floor":29.0,"key":"SMITH"},{"data":"True Grit","floor":32.0,"key":"SMITH"},{"data":"Bash","floor":40.0,"key":"SMITH"},{"data":"Evolve","floor":44.0,"key":"SMITH"},{"data":"Impervious","floor":46.0,"key":"SMITH"},{"data":"Shrug It Off","floor":49.0,"key":"SMITH"}],"neow_cost":"CURSE","seed_source_timestamp":150404099417900,"circlet_count":0,"master_deck":["Strike_R","Strike_R","Defend_R","Defend_R","Defend_R","Defend_R","Bash+1","Carnage+1","Whirlwind+1","Corruption+1","Inflame+1","Armaments+1","Shrug It Off+1","Evolve+1","Impervious+1","Ghostly Armor","True Grit+1","Limit Break+1","Dual Wield+1","Shrug It Off+1","Limit Break+1","Entrench+1","Limit Break+1","Normality","Whirlwind+1","Shrug It Off+1","Limit Break+1","Impervious+1","Offering+1","Limit Break+1","Reaper+1","Chrysalis+1"],"special_seed":0,"relics":["Burning Blood","Incense Burner","Membership Card","Potion Belt","Champion Belt","Lantern","PreservedInsect","Coffee Dripper","Anchor","Juzu Bracelet","Toxic Egg 2","Molten Egg 2","Mark of Pain","Paper Frog","Omamori","Oddly Smooth Stone","Sling","Orichalcum","Sundial","Du-Vu Doll"],"potions_floor_usage":[],"damage_taken":[{"damage":4.0,"enemies":"2 Louse","floor":1.0,"turns":4.0},{"damage":6.0,"enemies":"Jaw Worm","floor":2.0,"turns":2.0},{"damage":57.0,"enemies":"Gremlin Nob","floor":6.0,"turns":6.0},{"damage":16.0,"enemies":"Lagavulin","floor":8.0,"turns":6.0},{"damage":0.0,"enemies":"Small Slimes","floor":11.0,"turns":3.0},{"damage":0.0,"enemies":"3 Louse","floor":13.0,"turns":3.0},{"damage":3.0,"enemies":"Red Slaver","floor":14.0,"turns":3.0},{"damage":16.0,"enemies":"The Guardian","floor":16.0,"turns":15.0},{"damage":2.0,"enemies":"3 Byrds","floor":18.0,"turns":2.0},{"damage":7.0,"enemies":"Spheric Guardian","floor":22.0,"turns":4.0},{"damage":0.0,"enemies":"Gremlin Leader","floor":23.0,"turns":6.0},{"damage":2.0,"enemies":"Book of Stabbing","floor":25.0,"turns":4.0},{"damage":0.0,"enemies":"Centurion and Healer","floor":28.0,"turns":6.0},{"damage":13.0,"enemies":"3 Cultists","floor":30.0,"turns":7.0},{"damage":2.0,"enemies":"Champ","floor":33.0,"turns":9.0},{"damage":2.0,"enemies":"Orb Walker","floor":35.0,"turns":4.0},{"damage":28.0,"enemies":"3 Darklings","floor":36.0,"turns":4.0},{"damage":11.0,"enemies":"Maw","floor":39.0,"turns":7.0},{"damage":25.0,"enemies":"Nemesis","floor":41.0,"turns":5.0},{"damage":51.0,"enemies":"Reptomancer","floor":48.0,"turns":5.0},{"damage":34,"enemies":"Time Eater","floor":50,"turns":11}],"seed_played":"7044252828475910632","potions_obtained":[{"floor":2.0,"key":"LiquidBronze"},{"floor":6.0,"key":"Poison Potion"},{"floor":13.0,"key":"Poison Potion"},{"floor":16.0,"key":"Explosive Potion"},{"floor":18.0,"key":"PowerPotion"},{"floor":22.0,"key":"Swift Potion"},{"floor":25.0,"key":"LiquidBronze"},{"floor":33.0,"key":"PowerPotion"},{"floor":35.0,"key":"Poison Potion"},{"floor":38.0,"key":"LiquidBronze"},{"floor":38.0,"key":"Energy Potion"},{"floor":38.0,"key":"SteroidPotion"}],"is_trial":false,"path_per_floor":["M","M","?","?","$","E","R","E","T","R","M","$","M","M","R","B",null,"M","?","?","$","M","E","R","E","T","$","M","R","M","?","R","B",null,"M","M","?","?","M","R","E","$","T","R","?","R","$","E","R","B",null],"character_chosen":"IRONCLAD","items_purchased":["Membership Card","PreservedInsect","Shrug It Off","Limit Break+1","Dual Wield+1","Limit Break+1","Omamori","Oddly Smooth Stone","Impervious+1","Sling","EntropicBrew","Sundial","Limit Break+1","Reaper+1","Chrysalis+1"],"campfire_rested":0,"item_purchase_floors":[5,12,12,27,27,42,42,42,42,42,42,47,47,47,47],"current_hp_per_floor":[80,80,73,73,73,22,22,12,12,12,18,18,24,27,27,17,80,80,80,72,72,71,77,77,80,80,80,80,80,73,73,73,77,80,80,58,58,58,53,53,34,34,34,34,34,34,34,15,15,62],"gold":366,"neow_bonus":"ONE_RARE_RELIC","is_prod":false,"is_daily":false,"chose_seed":false,"campfire_upgraded":10,"win_rate":0,"timestamp":1561916082,"path_taken":["M","M","?","?","$","E","R","E","T","R","M","$","M","M","R","BOSS","M","?","?","$","?","E","R","E","T","?","M","R","M","?","R","BOSS","M","M","?","?","M","R","E","$","T","R","?","R","$","E","R","BOSS"],"build_version":"2019-01-23","purchased_purges":5,"victory":true,"max_hp_per_floor":[80,80,80,80,80,80,80,80,80,80,80,80,80,80,80,80,80,80,80,80,80,80,80,80,80,80,80,80,80,80,80,80,80,80,80,80,80,80,80,80,80,80,80,80,80,80,80,80,80,80],"card_choices":[{"not_picked":["Twin Strike","Clash"],"picked":"Carnage","floor":1.0},{"not_picked":["Clothesline","Flex"],"picked":"Whirlwind","floor":2.0},{"not_picked":["Disarm","Reckless Charge"],"picked":"Corruption","floor":6.0},{"not_picked":["Pummel","Body Slam"],"picked":"Inflame","floor":8.0},{"not_picked":["Burning Pact","Carnage"],"picked":"Armaments","floor":11.0},{"not_picked":["Inflame","Headbutt"],"picked":"Evolve","floor":13.0},{"not_picked":["Whirlwind","Warcry","Sever Soul"],"picked":"SKIP","floor":14.0},{"not_picked":["Fiend Fire","Bludgeon"],"picked":"Impervious","floor":16.0},{"not_picked":["Rampage","Reckless Charge"],"picked":"Ghostly Armor","floor":18.0},{"not_picked":["Heavy Blade","Cleave"],"picked":"True Grit","floor":22.0},{"not_picked":["Evolve","Clothesline","Anger"],"picked":"SKIP","floor":23.0},{"not_picked":["Bludgeon","Thunderclap","Combust+1"],"picked":"SKIP","floor":25.0},{"not_picked":["Anger+1","Iron Wave+1"],"picked":"Shrug It Off+1","floor":28.0},{"not_picked":["Power Through+1","Armaments+1"],"picked":"Limit Break+1","floor":30.0},{"not_picked":["Juggernaut","Brutality"],"picked":"Limit Break+1","floor":33.0},{"not_picked":["Warcry+1","Clash+1","Iron Wave+1"],"picked":"SKIP","floor":35.0},{"not_picked":["Clash+1","Perfected Strike+1","Rampage+1"],"picked":"SKIP","floor":36.0},{"not_picked":["Perfected Strike+1","Dual Wield+1"],"picked":"Whirlwind+1","floor":39.0},{"not_picked":["Wild Strike+1","Uppercut+1"],"picked":"Shrug It Off+1","floor":41.0},{"not_picked":["Uppercut+1","Wild Strike+1","Twin Strike+1"],"picked":"SKIP","floor":48.0}],"player_experience":880917,"relics_obtained":[{"floor":6.0,"key":"Potion Belt"},{"floor":8.0,"key":"Champion Belt"},{"floor":9.0,"key":"Lantern"},{"floor":23.0,"key":"Juzu Bracelet"},{"floor":25.0,"key":"Toxic Egg 2"},{"floor":26.0,"key":"Molten Egg 2"},{"floor":41.0,"key":"Paper Frog"},{"floor":43.0,"key":"Orichalcum"},{"floor":48.0,"key":"Du-Vu Doll"}],"event_choices":[{"cards_removed":["Regret"],"damage_healed":0.0,"max_hp_gain":0.0,"max_hp_loss":0.0,"gold_gain":0.0,"event_name":"Golden Wing","player_choice":"Card Removal","floor":3.0,"gold_loss":0.0,"damage_taken":7.0},{"damage_healed":0.0,"max_hp_gain":0.0,"max_hp_loss":0.0,"gold_gain":175.0,"event_name":"Liars Game","player_choice":"AGREE","floor":4.0,"gold_loss":0.0,"damage_taken":0.0,"cards_obtained":["Doubt"]},{"damage_healed":0.0,"max_hp_gain":0.0,"max_hp_loss":0.0,"gold_gain":0.0,"event_name":"The Mausoleum","player_choice":"Opened","floor":19.0,"gold_loss":0.0,"damage_taken":0.0,"relics_obtained":["Anchor"]},{"damage_healed":0.0,"max_hp_gain":0.0,"max_hp_loss":0.0,"gold_gain":0.0,"event_name":"Wheel of Change","player_choice":"Damaged","floor":20.0,"gold_loss":0.0,"damage_taken":8.0},{"damage_healed":0.0,"max_hp_gain":0.0,"max_hp_loss":0.0,"gold_gain":0.0,"event_name":"The Library","player_choice":"Read","floor":31.0,"gold_loss":0.0,"damage_taken":0.0,"cards_obtained":["Entrench"]},{"damage_healed":0.0,"max_hp_gain":0.0,"max_hp_loss":0.0,"gold_gain":999.0,"event_name":"MindBloom","player_choice":"Gold","floor":37.0,"gold_loss":0.0,"damage_taken":0.0,"cards_obtained":["Normality","Normality"]},{"damage_healed":0.0,"max_hp_gain":0.0,"max_hp_loss":0.0,"gold_gain":0.0,"event_name":"Lab","player_choice":"Got Potions","floor":38.0,"gold_loss":0.0,"damage_taken":0.0},{"damage_healed":0.0,"max_hp_gain":0.0,"max_hp_loss":0.0,"gold_gain":0.0,"event_name":"Match and Keep!","player_choice":"1 cards matched","floor":45.0,"gold_loss":0.0,"damage_taken":0.0,"cards_obtained":["Offering"]}],"is_beta":false,"boss_relics":[{"not_picked":["Pandora\u0027s Box","Black Star"],"picked":"Coffee Dripper"},{"not_picked":["Tiny House","Velvet Choker"],"picked":"Mark of Pain"}],"items_purged_floors":[5,12,21,42,47],"is_endless":false,"potions_floor_spawned":[2,6,13,16,18,22,25,33,35],"ascension_level":0}