{"gold_per_floor":[109,123,136,156,156,156,191,131],"floor_reached":8,"playtime":266,"items_purged":[],"score":116,"play_id":"943174de-4e79-4157-929e-c44c6ec89c48","local_time":"20190612213756","is_ascension_mode":true,"campfire_choices":[{"data":"Armaments","floor":6,"key":"SMITH"}],"neow_cost":"PERCENT_DAMAGE","seed_source_timestamp":373835576311800,"circlet_count":0,"master_deck":["AscendersBane","Strike_R","Strike_R","Strike_R","Strike_R","Strike_R","Defend_R","Defend_R","Defend_R","Defend_R","Bash","Shrug It Off","Body Slam","Barricade","True Grit","Armaments+1","Sentinel"],"relics":["Burning Blood","Prayer Wheel","Dodecahedron"],"potions_floor_usage":[3,4,7],"damage_taken":[{"damage":2,"enemies":"Cultist","floor":1,"turns":4},{"damage":6,"enemies":"Jaw Worm","floor":2,"turns":5},{"damage":0,"enemies":"Small Slimes","floor":3,"turns":5},{"damage":5,"enemies":"2 Fungi Beasts","floor":4,"turns":4},{"damage":40,"enemies":"Gremlin Nob","floor":7,"turns":6},{"damage":29,"enemies":"Exordium Thugs","floor":8,"turns":3}],"seed_played":"-4467902907175134884","potions_obtained":[{"floor":1,"key":"Ancient Potion"},{"floor":2,"key":"Energy Potion"},{"floor":3,"key":"Poison Potion"}],"is_trial":false,"path_per_floor":["M","M","M","M","?","R","E","M"],"character_chosen":"IRONCLAD","items_purchased":[],"campfire_rested":0,"item_purchase_floors":[],"current_hp_per_floor":[54,54,60,61,61,61,27,0],"gold":131,"neow_bonus":"ONE_RARE_RELIC","is_prod":false,"is_daily":false,"chose_seed":false,"campfire_upgraded":1,"win_rate":0,"timestamp":1560343076,"path_taken":["M","?","M","M","?","R","E","M"],"build_version":"2019-01-23","purchased_purges":0,"victory":false,"max_hp_per_floor":[75,75,75,75,75,75,75,75],"card_choices":[{"not_picked":["Reckless Charge","Clothesline"],"picked":"Shrug It Off","floor":1},{"not_picked":["Reckless Charge","Havoc"],"picked":"Body Slam","floor":1},{"not_picked":["Dropkick","Fire Breathing"],"picked":"Barricade","floor":2},{"not_picked":["Metallicize","Pommel Strike"],"picked":"True Grit","floor":2},{"not_picked":["Perfected Strike","Shockwave"],"picked":"Armaments","floor":3},{"not_picked":["Shockwave","Warcry"],"picked":"Sentinel","floor":3},{"not_picked":["Thunderclap","Flex","Cleave"],"picked":"SKIP","floor":4},{"not_picked":["Fire Breathing","Anger","Clash"],"picked":"SKIP","floor":4},{"not_picked":["Reckless Charge","Twin Strike","Rampage"],"picked":"SKIP","floor":7}],"player_experience":621506,"relics_obtained":[{"floor":7,"key":"Dodecahedron"}],"event_choices":[{"damage_healed":0,"gold_gain":0,"player_choice":"Ignored","damage_taken":0,"max_hp_gain":0,"max_hp_loss":0,"event_name":"Liars Game","floor":5,"gold_loss":0}],"is_beta":false,"boss_relics":[],"items_purged_floors":[],"is_endless":false,"potions_floor_spawned":[1,2,3],"killed_by":"Exordium Thugs","ascension_level":20}