{"gold_per_floor":[20,34,34,44,57,57,87,87,112,112,142,142],"floor_reached":12,"playtime":397,"items_purged":[],"score":176,"play_id":"a12a0a3d-ff00-498b-b84b-35796126426b","local_time":"20190614235053","is_ascension_mode":true,"campfire_choices":[{"data":"Recycle","floor":6,"key":"SMITH"},{"floor":8,"key":"REST"},{"data":"Hologram","floor":10,"key":"SMITH"}],"neow_cost":"NO_GOLD","seed_source_timestamp":33513783518999,"circlet_count":0,"master_deck":["AscendersBane","Strike_B","Strike_B","Strike_B","Defend_B","Defend_B+1","Defend_B","Zap","Dualcast+1","Recycle+1","Meteor Strike","Cold Snap","Hologram+1","Coolheaded","Multi-Cast","Seek","Capacitor"],"relics":["Cracked Core","Bag of Marbles","Vajra","War Paint"],"potions_floor_usage":[11],"damage_taken":[{"damage":1,"enemies":"Cultist","floor":1,"turns":3},{"damage":2,"enemies":"Jaw Worm","floor":2,"turns":3},{"damage":7,"enemies":"Small Slimes","floor":4,"turns":3},{"damage":7,"enemies":"Blue Slaver","floor":5,"turns":4},{"damage":30,"enemies":"Lagavulin","floor":7,"turns":7},{"damage":37,"enemies":"3 Sentries","floor":11,"turns":14},{"damage":0,"enemies":"Red Slaver","floor":12,"turns":1}],"seed_played":"-4027541163911431003","potions_obtained":[{"floor":1,"key":"Block Potion"},{"floor":5,"key":"Dexterity Potion"}],"is_trial":false,"path_per_floor":["M","M","?","M","M","R","E","R","T","R","E","M"],"character_chosen":"DEFECT","items_purchased":[],"campfire_rested":1,"item_purchase_floors":[],"current_hp_per_floor":[63,61,61,54,47,47,17,38,38,38,1,1],"gold":142,"neow_bonus":"TRANSFORM_TWO_CARDS","is_prod":false,"is_daily":false,"chose_seed":false,"campfire_upgraded":2,"win_rate":0,"timestamp":1560523853,"path_taken":["M","M","?","?","?","R","E","R","T","R","E","M"],"build_version":"2019-01-23","purchased_purges":0,"victory":false,"max_hp_per_floor":[71,71,71,71,71,71,71,71,71,71,71,71],"card_choices":[{"not_picked":["Fusion","Compile Driver"],"picked":"Cold Snap","floor":1},{"not_picked":["Gash","Compile Driver"],"picked":"Hologram","floor":2},{"not_picked":["Redo","Coolheaded"],"picked":"Multi-Cast","floor":4},{"not_picked":["Steam","Sweeping Beam","Aggregate"],"picked":"SKIP","floor":5},{"not_picked":["Coolheaded","Streamline"],"picked":"Seek","floor":7},{"not_picked":["Force Field","Turbo"],"picked":"Capacitor","floor":11}],"player_experience":660241,"relics_obtained":[{"floor":7,"key":"Bag of Marbles"},{"floor":9,"key":"Vajra"},{"floor":11,"key":"War Paint"}],"event_choices":[{"damage_healed":0,"gold_gain":0,"player_choice":"1 cards matched","damage_taken":0,"max_hp_gain":0,"max_hp_loss":0,"event_name":"Match and Keep!","floor":3,"gold_loss":0,"cards_obtained":["Coolheaded"]}],"is_beta":false,"boss_relics":[],"items_purged_floors":[],"is_endless":false,"potions_floor_spawned":[1,5],"killed_by":"Red Slaver","ascension_level":20}