{"gold_per_floor":[117,117,41,57,74,107,107,133,160,160,177,177,177,234,234,310,310,291,163,173,187,203,203,55,75,99,109,109],"floor_reached":28,"playtime":1906,"items_purged":["Normality","Decay"],"score":420,"play_id":"f63cfb4b-db83-4b69-8e6d-737d462ae7cf","local_time":"20190721201355","is_ascension_mode":true,"campfire_choices":[{"floor":7.0,"key":"REST"},{"floor":10.0,"key":"REST"},{"floor":12.0,"key":"REST"},{"floor":15.0,"key":"REST"},{"floor":23.0,"key":"REST"}],"neow_cost":"NONE","seed_source_timestamp":0,"circlet_count":0,"master_deck":["AscendersBane","Strike_G","Strike_G","Strike_G","Strike_G","Strike_G","Defend_G","Defend_G","Defend_G","Defend_G","Defend_G","Survivor","Neutralize","Panacea","Masterful Stab","Acrobatics","Flying Knee","Prepared","Underhanded Strike","Caltrops","Concentrate","Noxious Fumes","Glass Knife","Shame","Prepared","Adrenaline","Escape Plan","Endless Agony","After Image","Dramatic Entrance","Underhanded Strike","Noxious Fumes"],"special_seed":0,"relics":["Ring of the Snake","Smiling Mask","Potion Belt","Bag of Marbles","Tiny Chest","Calling Bell","Tough Bandages","Bag of Preparation","Dodecahedron","Dream Catcher"],"potions_floor_usage":[27],"damage_taken":[{"damage":0.0,"enemies":"Small Slimes","floor":1.0,"turns":5.0},{"damage":2.0,"enemies":"Cultist","floor":4.0,"turns":4.0},{"damage":4.0,"enemies":"2 Louse","floor":5.0,"turns":3.0},{"damage":15.0,"enemies":"3 Sentries","floor":6.0,"turns":6.0},{"damage":26.0,"enemies":"Lagavulin","floor":8.0,"turns":8.0},{"damage":1.0,"enemies":"2 Fungi Beasts","floor":11.0,"turns":3.0},{"damage":38.0,"enemies":"3 Sentries","floor":14.0,"turns":11.0},{"damage":35.0,"enemies":"Hexaghost","floor":16.0,"turns":10.0},{"damage":3.0,"enemies":"2 Thieves","floor":18.0,"turns":4.0},{"damage":0.0,"enemies":"3 Byrds","floor":20.0,"turns":3.0},{"damage":13.0,"enemies":"Snecko","floor":21.0,"turns":6.0},{"damage":23.0,"enemies":"Centurion and Healer","floor":22.0,"turns":12.0},{"damage":0.0,"enemies":"Cultist and Chosen","floor":25.0,"turns":6.0},{"damage":4,"enemies":"3 Cultists","floor":27,"turns":6},{"damage":36,"enemies":"Chosen and Byrds","floor":28,"turns":5}],"seed_played":"-1060780751398155813","potions_obtained":[{"floor":4.0,"key":"Strength Potion"},{"floor":5.0,"key":"AttackPotion"},{"floor":6.0,"key":"Energy Potion"},{"floor":14.0,"key":"LiquidBronze"},{"floor":22.0,"key":"Explosive Potion"},{"floor":25.0,"key":"SkillPotion"},{"floor":27,"key":"FearPotion"}],"is_trial":false,"path_per_floor":["M","?","$","M","M","E","R","E","T","R","M","R","?","E","R","B",null,"M","$","M","M","M","R","$","M","T","M","M"],"character_chosen":"THE_SILENT","items_purchased":["SkillPotion","Acrobatics","Adrenaline","Dramatic Entrance"],"campfire_rested":5,"item_purchase_floors":[3,3,19,24],"current_hp_per_floor":[59,59,59,57,53,38,57,31,31,50,49,66,66,28,47,12,53,50,50,50,37,14,33,33,33,33,29,0],"gold":109,"neow_bonus":"RANDOM_COLORLESS","is_prod":false,"is_daily":false,"chose_seed":false,"campfire_upgraded":0,"win_rate":0,"timestamp":1563729235,"path_taken":["M","?","$","M","M","E","R","E","T","R","?","R","?","E","R","BOSS","M","$","M","M","M","R","$","M","T","M","M"],"build_version":"2019-07-17","purchased_purges":2,"victory":false,"max_hp_per_floor":[66,66,66,66,66,66,66,66,66,66,66,66,66,66,66,66,66,66,66,66,66,66,66,66,66,66,66,66],"card_choices":[{"not_picked":["Noxious Fumes","Blade Dance"],"picked":"Masterful Stab","floor":1.0},{"not_picked":["Setup","Poisoned Stab"],"picked":"Flying Knee","floor":4.0},{"not_picked":["Endless Agony","Acrobatics"],"picked":"Prepared","floor":5.0},{"not_picked":["Prepared","Dodge and Roll"],"picked":"Underhanded Strike","floor":6.0},{"not_picked":["Deadly Poison","Accuracy"],"picked":"Caltrops","floor":8.0},{"not_picked":["Choke","Crippling Poison"],"picked":"Concentrate","floor":11.0},{"not_picked":["Prepared","Dagger Spray"],"picked":"Noxious Fumes","floor":14.0},{"not_picked":["Night Terror","Corpse Explosion"],"picked":"Glass Knife","floor":16.0},{"not_picked":["Concentrate+1","Sucker Punch"],"picked":"Prepared","floor":18.0},{"not_picked":["Bane","Flying Knee"],"picked":"Escape Plan","floor":20.0},{"not_picked":["Dagger Spray","Dodge and Roll"],"picked":"Endless Agony","floor":21.0},{"not_picked":["Concentrate+1","Cloak And Dagger"],"picked":"After Image","floor":22.0},{"not_picked":["Cloak And Dagger","Deadly Poison+1"],"picked":"Underhanded Strike","floor":25.0},{"not_picked":["Quick Slash","Deflect"],"picked":"Noxious Fumes","floor":27}],"player_experience":1626169,"relics_obtained":[{"floor":6.0,"key":"Smiling Mask"},{"floor":8.0,"key":"Potion Belt"},{"floor":9.0,"key":"Bag of Marbles"},{"floor":14.0,"key":"Tiny Chest"},{"floor":17.0,"key":"Tough Bandages"},{"floor":17.0,"key":"Bag of Preparation"},{"floor":17.0,"key":"Dodecahedron"},{"floor":26.0,"key":"Dream Catcher"}],"event_choices":[{"damage_healed":0.0,"max_hp_gain":0.0,"max_hp_loss":0.0,"gold_gain":0.0,"event_name":"Purifier","player_choice":"Ignored","floor":2.0,"gold_loss":0.0,"damage_taken":0.0},{"damage_healed":0.0,"max_hp_gain":0.0,"max_hp_loss":0.0,"gold_gain":0.0,"event_name":"The Cleric","player_choice":"Leave","floor":13.0,"gold_loss":0.0,"damage_taken":0.0}],"is_beta":false,"boss_relics":[{"not_picked":["WristBlade","Snecko Eye"],"picked":"Calling Bell"}],"items_purged_floors":[19,24],"is_endless":false,"potions_floor_spawned":[4,5,6,14,22,25,27],"killed_by":"Chosen and Byrds","ascension_level":15}