{"gold_per_floor":[119,119,119,38,38,67,67,77,77,77,105,132,145,170,170,242,242,257,257,103,103,122,151,151,170,193,211,244,244,257,272,272,346,346,359,459,485,497,497,528,528,560,639,639,673,693,705,737,737,737,737,737,737,5,36,36],"floor_reached":57,"playtime":2094,"items_purged":["Fire Breathing"],"score":3602,"play_id":"d048f1a7-8dd2-4feb-973c-718f43b75685","local_time":"20190626133351","is_ascension_mode":true,"campfire_choices":[{"data":"Rampage","floor":7.0,"key":"SMITH"},{"data":"Spot Weakness","floor":15.0,"key":"SMITH"},{"data":"Corruption","floor":24.0,"key":"SMITH"},{"data":"Juggernaut","floor":32.0,"key":"SMITH"},{"data":"1","floor":41.0,"key":"LIFT"},{"data":"2","floor":44.0,"key":"LIFT"},{"floor":49.0,"key":"RECALL"},{"data":"Barricade","floor":53,"key":"SMITH"}],"neow_cost":"NONE","seed_source_timestamp":343893146024600,"circlet_count":0,"master_deck":["AscendersBane","Seeing Red","Ghostly Armor","Spot Weakness+1","Shrug It Off+1","Sword Boomerang","Sentinel+1","Offering+1","Juggernaut+1","Flame Barrier+1","Body Slam","Combust","Feel No Pain+1","True Grit+1","Corruption+1","Limit Break+1","Exhume+1","Battle Trance+1","Exhume+1","Whirlwind+1","Corruption+1","Impervious+1","Seeing Red+1","Exhume+1","Shrug It Off+1","Barricade+1","Limit Break+1","True Grit+1","Burning Pact+1","Shrug It Off+1","Heavy Blade+1"],"special_seed":0,"relics":["Burning Blood","NeowsBlessing","Paper Frog","Meat on the Bone","Mummified Hand","Odd Mushroom","Toxic Egg 2","Happy Flower","Pandora\u0027s Box","Magic Flower","Bag of Preparation","Pen Nib","Champion Belt","Astrolabe","Turnip","Lantern","Girya","Du-Vu Doll","Red Skull","Blood Vial","Incense Burner","Calipers","Orichalcum"],"potions_floor_usage":[56,56],"damage_taken":[{"damage":0.0,"enemies":"Jaw Worm","floor":1.0,"turns":1.0},{"damage":0.0,"enemies":"3 Sentries","floor":6.0,"turns":2.0},{"damage":0.0,"enemies":"Small Slimes","floor":8.0,"turns":1.0},{"damage":6.0,"enemies":"The Mushroom Lair","floor":11.0,"turns":3.0},{"damage":35.0,"enemies":"Lagavulin","floor":12.0,"turns":6.0},{"damage":0.0,"enemies":"2 Louse","floor":13.0,"turns":4.0},{"damage":31.0,"enemies":"Gremlin Nob","floor":14.0,"turns":4.0},{"damage":35.0,"enemies":"The Guardian","floor":16.0,"turns":12.0},{"damage":22.0,"enemies":"3 Byrds","floor":18.0,"turns":3.0},{"damage":6.0,"enemies":"Shell Parasite","floor":22.0,"turns":2.0},{"damage":27.0,"enemies":"Book of Stabbing","floor":23.0,"turns":3.0},{"damage":18.0,"enemies":"Centurion and Healer","floor":25.0,"turns":6.0},{"damage":7.0,"enemies":"Chosen and Byrds","floor":27.0,"turns":3.0},{"damage":12.0,"enemies":"Gremlin Leader","floor":28.0,"turns":3.0},{"damage":6.0,"enemies":"Snake Plant","floor":30.0,"turns":2.0},{"damage":6.0,"enemies":"Snecko","floor":31.0,"turns":2.0},{"damage":8.0,"enemies":"Champ","floor":33.0,"turns":6.0},{"damage":0.0,"enemies":"Orb Walker","floor":35.0,"turns":2.0},{"damage":6.0,"enemies":"Mind Bloom Boss Battle","floor":36.0,"turns":3.0},{"damage":0.0,"enemies":"3 Shapes","floor":38.0,"turns":1.0},{"damage":6.0,"enemies":"Giant Head","floor":40.0,"turns":1.0},{"damage":12.0,"enemies":"Reptomancer","floor":42.0,"turns":2.0},{"damage":0.0,"enemies":"Giant Head","floor":45.0,"turns":5.0},{"damage":13.0,"enemies":"3 Darklings","floor":46.0,"turns":5.0},{"damage":0.0,"enemies":"Sphere and 2 Shapes","floor":47.0,"turns":5.0},{"damage":8.0,"enemies":"Nemesis","floor":48.0,"turns":3.0},{"damage":6.0,"enemies":"Awakened One","floor":50.0,"turns":3.0},{"damage":2,"enemies":"Time Eater","floor":51,"turns":3},{"damage":0,"enemies":"Shield and Spear","floor":55,"turns":5},{"damage":11,"enemies":"The Heart","floor":56,"turns":7}],"seed_played":"551987516122010030","potions_obtained":[{"floor":1.0,"key":"AttackPotion"},{"floor":8.0,"key":"Dexterity Potion"},{"floor":12.0,"key":"Weak Potion"},{"floor":18.0,"key":"AttackPotion"},{"floor":25.0,"key":"EntropicBrew"},{"floor":38.0,"key":"Strength Potion"},{"floor":46.0,"key":"Swift Potion"},{"floor":55,"key":"Poison Potion"}],"is_trial":false,"path_per_floor":["M","?","T","$","?","E","R","M","T","?","?","E","M","E","R","B",null,"M","?","$","?","M","E","R","M","T","M","E","?","M","M","R","B",null,"M","?","T","M","?","E","R","E","T","R","E","M","M","E","R","B","B",null,"R","$","E","B",null],"character_chosen":"IRONCLAD","items_purchased":["Rampage","Corruption","Incense Burner","Calipers","Shrug It Off+1"],"campfire_rested":0,"item_purchase_floors":[4,20,54,54,54],"current_hp_per_floor":[74,74,74,74,51,57,57,63,63,68,68,51,57,44,44,27,67,51,51,51,51,51,42,42,51,51,53,50,50,53,56,56,57,74,80,80,80,80,80,80,80,77,77,77,80,76,80,80,80,80,80,80,80,80,80,78],"gold":36,"neow_bonus":"THREE_ENEMY_KILL","is_prod":false,"is_daily":false,"chose_seed":false,"campfire_upgraded":5,"win_rate":0,"timestamp":1561523631,"path_taken":["M","?","?","$","?","E","R","M","T","?","?","E","M","E","R","BOSS","M","?","$","?","M","E","R","?","T","M","E","?","?","M","R","BOSS","M","?","?","M","?","E","R","E","T","R","E","M","?","E","R","BOSS","BOSS","R","$","E","BOSS"],"build_version":"2019-01-23","purchased_purges":1,"victory":true,"max_hp_per_floor":[75,75,75,75,75,75,75,75,75,80,80,80,80,80,80,80,80,80,80,80,80,80,80,80,80,80,80,80,80,80,80,80,80,80,80,80,80,80,80,80,80,80,80,80,80,80,80,80,80,80,80,80,80,80,80,80],"card_choices":[{"not_picked":["Power Through","True Grit"],"picked":"Seeing Red","floor":1.0},{"not_picked":["Intimidate","Bloodletting","Anger"],"picked":"SKIP","floor":6.0},{"not_picked":["Havoc","Sword Boomerang"],"picked":"Spot Weakness","floor":8.0},{"not_picked":["Sword Boomerang","Double Tap"],"picked":"Shrug It Off","floor":12.0},{"not_picked":["Flex+1","Spot Weakness+1"],"picked":"Sword Boomerang","floor":13.0},{"not_picked":["Pummel","Blood for Blood"],"picked":"Sentinel+1","floor":14.0},{"not_picked":["Brutality","Juggernaut"],"picked":"Offering+1","floor":16.0},{"not_picked":["Rage+1","Heavy Blade"],"picked":"Feel No Pain+1","floor":18.0},{"not_picked":["Headbutt","Fire Breathing","Wild Strike"],"picked":"SKIP","floor":22.0},{"not_picked":["Flex+1","Twin Strike+1"],"picked":"Limit Break+1","floor":23.0},{"not_picked":["Headbutt","Body Slam","Combust"],"picked":"SKIP","floor":25.0},{"not_picked":["Rupture","Clash","Combust"],"picked":"SKIP","floor":27.0},{"not_picked":["Rupture","Clash","Combust"],"picked":"SKIP","floor":27.0},{"not_picked":["Rupture","Clash","Combust"],"picked":"SKIP","floor":27.0},{"not_picked":["Twin Strike+1","Blood for Blood","Fire Breathing"],"picked":"SKIP","floor":28.0},{"not_picked":["Armaments+1","Cleave"],"picked":"Exhume+1","floor":30.0},{"not_picked":["Rupture","Thunderclap"],"picked":"Battle Trance+1","floor":31.0},{"not_picked":["Limit Break+1","Reaper"],"picked":"Exhume+1","floor":33.0},{"not_picked":["Warcry+1","Heavy Blade"],"picked":"Seeing Red+1","floor":35.0},{"not_picked":["Perfected Strike","Headbutt"],"picked":"Exhume+1","floor":38.0},{"not_picked":["Anger+1","Combust"],"picked":"Shrug It Off+1","floor":40.0},{"not_picked":["Anger","Sword Boomerang+1"],"picked":"Barricade","floor":42.0},{"not_picked":["Body Slam+1","Anger"],"picked":"Limit Break+1","floor":45.0},{"not_picked":["Pummel+1","Heavy Blade"],"picked":"True Grit+1","floor":46.0},{"not_picked":["Sword Boomerang","Iron Wave"],"picked":"Burning Pact+1","floor":47.0},{"not_picked":["Body Slam","Cleave","Intimidate+1"],"picked":"SKIP","floor":48.0},{"not_picked":["Fiend Fire","Sword Boomerang"],"picked":"Heavy Blade+1","floor":55}],"player_experience":803911,"relics_obtained":[{"floor":3.0,"key":"Paper Frog"},{"floor":6.0,"key":"Meat on the Bone"},{"floor":9.0,"key":"Mummified Hand"},{"floor":11.0,"key":"Odd Mushroom"},{"floor":12.0,"key":"Toxic Egg 2"},{"floor":14.0,"key":"Happy Flower"},{"floor":23.0,"key":"Magic Flower"},{"floor":26.0,"key":"Bag of Preparation"},{"floor":28.0,"key":"Pen Nib"},{"floor":36.0,"key":"Turnip"},{"floor":37.0,"key":"Lantern"},{"floor":40.0,"key":"Girya"},{"floor":42.0,"key":"Du-Vu Doll"},{"floor":45.0,"key":"Red Skull"},{"floor":48.0,"key":"Blood Vial"},{"floor":55,"key":"Orichalcum"}],"event_choices":[{"damage_healed":0.0,"max_hp_gain":0.0,"max_hp_loss":0.0,"gold_gain":0.0,"cards_transformed":["Strike_R"],"event_name":"Living Wall","player_choice":"Change","floor":2.0,"gold_loss":0.0,"damage_taken":0.0,"cards_obtained":["Ghostly Armor"]},{"damage_healed":0.0,"max_hp_gain":0.0,"max_hp_loss":0.0,"gold_gain":0.0,"event_name":"Shining Light","player_choice":"Entered Light","floor":5.0,"gold_loss":0.0,"damage_taken":23.0,"cards_upgraded":["Bash","Defend_R"]},{"damage_healed":0.0,"max_hp_gain":5.0,"max_hp_loss":0.0,"gold_gain":0.0,"event_name":"Big Fish","player_choice":"Donut","floor":10.0,"gold_loss":0.0,"damage_taken":0.0},{"damage_healed":0.0,"max_hp_gain":0.0,"max_hp_loss":0.0,"gold_gain":0.0,"event_name":"Mushrooms","player_choice":"Fought Mushrooms","floor":11.0,"gold_loss":0.0,"damage_taken":0.0},{"damage_healed":0.0,"max_hp_gain":0.0,"max_hp_loss":0.0,"gold_gain":0.0,"event_name":"The Library","player_choice":"Read","floor":19.0,"gold_loss":0.0,"damage_taken":0.0,"cards_obtained":["True Grit"]},{"cards_removed":["Fire Breathing"],"damage_healed":0.0,"max_hp_gain":0.0,"max_hp_loss":0.0,"gold_gain":0.0,"event_name":"Wheel of Change","player_choice":"Card Removal","floor":21.0,"gold_loss":0.0,"damage_taken":0.0},{"cards_removed":["Body Slam"],"damage_healed":0.0,"max_hp_gain":0.0,"max_hp_loss":0.0,"gold_gain":0.0,"event_name":"WeMeetAgain","player_choice":"Gave Card","floor":29.0,"gold_loss":0.0,"damage_taken":0.0,"relics_obtained":["Champion Belt"]},{"damage_healed":0.0,"max_hp_gain":0.0,"max_hp_loss":0.0,"gold_gain":0.0,"event_name":"MindBloom","player_choice":"Fight","floor":36.0,"gold_loss":0.0,"damage_taken":0.0},{"damage_healed":0.0,"max_hp_gain":0.0,"max_hp_loss":0.0,"gold_gain":0.0,"event_name":"Tomb of Lord Red Mask","player_choice":"Ignored","floor":39.0,"gold_loss":0.0,"damage_taken":0.0}],"is_beta":false,"boss_relics":[{"not_picked":["Mark of Pain","Runic Dome"],"picked":"Pandora\u0027s Box"},{"not_picked":["Sozu","Runic Pyramid"],"picked":"Astrolabe"}],"items_purged_floors":[20],"is_endless":false,"potions_floor_spawned":[1,8,12,13,18,25,27,35,38,46,47,55],"ascension_level":20}