{"gold_per_floor":[366,366,384,8,18,18,18,34,34,52,64,64,96,21,21,95,95,111,111,61,81,96,96,111,111,193,193,193,193,35,65,65,142,142,160,208,208,208,208,242,242,275,301,301,316,328,344,344],"floor_reached":48,"playtime":2094,"items_purged":["Pain"],"score":1066,"play_id":"eb27cd43-310f-4010-86e7-e5658e26e4f3","local_time":"20190728215843","is_ascension_mode":true,"campfire_choices":[{"data":"Dagger Spray","floor":6,"key":"SMITH"},{"floor":12,"key":"REST"},{"data":"Neutralize","floor":15,"key":"SMITH"},{"data":"A Thousand Cuts","floor":23,"key":"SMITH"},{"data":"Cloak And Dagger","floor":25,"key":"SMITH"},{"floor":27,"key":"REST"},{"data":"Infinite Blades","floor":29,"key":"SMITH"},{"data":"Accuracy","floor":32,"key":"SMITH"},{"data":"Tools of the Trade","floor":41,"key":"SMITH"},{"data":"Adrenaline","floor":44,"key":"SMITH"}],"neow_cost":"TEN_PERCENT_HP_LOSS","seed_source_timestamp":799494891097700,"circlet_count":0,"master_deck":["AscendersBane","Defend_G","Defend_G+1","Defend_G","Defend_G","Survivor","Neutralize+1","Dagger Spray+1","Backstab","Backflip","PiercingWail","Dagger Throw","Heel Hook","Burst","Infinite Blades+1","Bite","Bite","Bite","Bite","Bite","Cloak And Dagger+1","Heel Hook","A Thousand Cuts+1","Sucker Punch+1","Accuracy+1","Adrenaline+1","Infinite Blades+1","Footwork","Neutralize","Tools of the Trade+1","PiercingWail+1","Finisher+1","Parasite","Dodge and Roll+1","Dodge and Roll"],"relics":["Ring of the Serpent","Medical Kit","Regal Pillow","WarpedTongs","Kunai","Question Card","Gremlin Horn","Omamori","Ornamental Fan","Cursed Key","Nunchaku","Juzu Bracelet","Bronze Scales"],"potions_floor_usage":[16,16,22,47,47,48],"damage_taken":[{"damage":8,"enemies":"2 Louse","floor":1,"turns":4},{"damage":2,"enemies":"Small Slimes","floor":3,"turns":3},{"damage":4,"enemies":"Cultist","floor":5,"turns":4},{"damage":1,"enemies":"Looter","floor":8,"turns":2},{"damage":3,"enemies":"Exordium Wildlife","floor":10,"turns":4},{"damage":4,"enemies":"Blue Slaver","floor":11,"turns":3},{"damage":8,"enemies":"3 Sentries","floor":13,"turns":6},{"damage":11,"enemies":"Slime Boss","floor":16,"turns":10},{"damage":10,"enemies":"Shell Parasite","floor":18,"turns":11},{"damage":2,"enemies":"3 Byrds","floor":21,"turns":7},{"damage":17,"enemies":"3 Cultists","floor":22,"turns":6},{"damage":49,"enemies":"Sentry and Sphere","floor":24,"turns":12},{"damage":19,"enemies":"Colosseum Slavers","floor":28,"turns":5},{"damage":9,"enemies":"Gremlin Leader","floor":31,"turns":6},{"damage":38,"enemies":"Collector","floor":33,"turns":10},{"damage":12,"enemies":"3 Shapes","floor":35,"turns":4},{"damage":28,"enemies":"2 Orb Walkers","floor":36,"turns":5},{"damage":31,"enemies":"Giant Head","floor":40,"turns":9},{"damage":16,"enemies":"Nemesis","floor":42,"turns":7},{"damage":0,"enemies":"Orb Walker","floor":45,"turns":3},{"damage":12,"enemies":"Writhing Mass","floor":46,"turns":5},{"damage":41,"enemies":"Jaw Worm Horde","floor":47,"turns":4},{"damage":11,"enemies":"Transient","floor":48,"turns":1}],"seed_played":"-3134056039939624822","potions_obtained":[{"floor":8,"key":"PowerPotion"},{"floor":11,"key":"Weak Potion"},{"floor":21,"key":"Energy Potion"},{"floor":22,"key":"Energy Potion"},{"floor":24,"key":"Dexterity Potion"},{"floor":47,"key":"PowerPotion"}],"is_trial":false,"path_per_floor":["M","?","M","$","M","R","?","M","T","M","M","R","E","$","R","B",null,"M","?","$","M","M","R","M","R","T","R","?","R","$","E","R","B",null,"M","?","?","?","?","E","R","E","T","R","M","M","M","M"],"character_chosen":"THE_SILENT","items_purchased":["Medical Kit","Regal Pillow","Cloak And Dagger","Omamori"],"campfire_rested":2,"item_purchase_floors":[4,4,20,30],"current_hp_per_floor":[51,33,31,31,27,27,27,26,26,23,19,52,44,44,44,33,53,43,42,42,42,31,31,17,17,17,42,35,35,35,42,42,21,37,38,26,26,34,34,32,32,36,36,36,42,38,5,0],"gold":344,"neow_bonus":"TWO_FIFTY_GOLD","is_prod":false,"is_daily":false,"chose_seed":false,"campfire_upgraded":8,"win_rate":0,"timestamp":1564318723,"path_taken":["M","?","M","$","M","R","?","M","T","?","M","R","E","$","R","BOSS","M","?","$","M","M","R","M","R","T","R","?","R","?","E","R","BOSS","M","?","?","?","?","E","R","E","T","R","M","M","M","M"],"build_version":"2019-07-17","purchased_purges":1,"victory":false,"max_hp_per_floor":[60,60,60,60,60,60,60,60,60,60,60,60,60,60,60,60,60,60,42,42,42,42,42,42,42,42,42,42,42,42,42,42,42,42,42,42,42,42,42,42,42,42,42,42,42,42,42,42],"card_choices":[{"not_picked":["Accuracy","Bane"],"picked":"Dagger Spray","floor":1},{"not_picked":["Outmaneuver","Choke","Bane"],"picked":"SKIP","floor":3},{"not_picked":["Deadly Poison","Blade Dance"],"picked":"Backstab","floor":5},{"not_picked":["Acrobatics","Quick Slash"],"picked":"Backflip","floor":8},{"not_picked":["Reflex","Acrobatics"],"picked":"PiercingWail","floor":10},{"not_picked":["PiercingWail","Sucker Punch"],"picked":"Dagger Throw","floor":11},{"not_picked":["Blade Dance","Backstab"],"picked":"Heel Hook","floor":13},{"not_picked":["Die Die Die","Grand Finale","Envenom"],"picked":"Burst","floor":16},{"not_picked":["Deadly Poison+1","Blade Dance","Flying Knee"],"picked":"Infinite Blades","floor":18},{"not_picked":["Dodge and Roll","Acrobatics+1","Outmaneuver"],"picked":"Heel Hook","floor":21},{"not_picked":["Deadly Poison","Blade Dance","Bane"],"picked":"A Thousand Cuts","floor":22},{"not_picked":["Terror","Quick Slash","Outmaneuver"],"picked":"Sucker Punch+1","floor":24},{"not_picked":["Deadly Poison","Dagger Throw","Poisoned Stab"],"picked":"Accuracy","floor":31},{"not_picked":["Tools of the Trade","Night Terror","Burst"],"picked":"Adrenaline","floor":33},{"not_picked":["Slice","Bouncing Flask","Poisoned Stab+1"],"picked":"Infinite Blades+1","floor":35},{"not_picked":["Slice","Flying Knee","Deadly Poison"],"picked":"Footwork","floor":36},{"not_picked":["Masterful Stab+1","PiercingWail","Heel Hook"],"picked":"Tools of the Trade","floor":40},{"not_picked":["Concentrate","Masterful Stab","Quick Slash"],"picked":"PiercingWail+1","floor":42},{"not_picked":["Outmaneuver","Skewer","Endless Agony"],"picked":"Finisher+1","floor":45},{"not_picked":["Deflect+1","Poisoned Stab","Underhanded Strike"],"picked":"Dodge and Roll+1","floor":46},{"not_picked":["Prepared","Catalyst","Deadly Poison"],"picked":"Dodge and Roll","floor":47}],"player_experience":1267177,"relics_obtained":[{"floor":9,"key":"Kunai"},{"floor":13,"key":"Question Card"},{"floor":26,"key":"Gremlin Horn"},{"floor":31,"key":"Ornamental Fan"},{"floor":36,"key":"Nunchaku"},{"floor":40,"key":"Juzu Bracelet"},{"floor":42,"key":"Bronze Scales"}],"event_choices":[{"damage_healed":0,"gold_gain":0,"player_choice":"Entered Light","damage_taken":18,"max_hp_gain":0,"max_hp_loss":0,"event_name":"Shining Light","floor":2,"gold_loss":0,"cards_upgraded":["Defend_G","Strike_G"]},{"damage_healed":0,"gold_gain":0,"player_choice":"Rummage","damage_taken":0,"relics_obtained":["WarpedTongs"],"max_hp_gain":0,"max_hp_loss":0,"event_name":"Accursed Blacksmith","floor":7,"gold_loss":0,"cards_obtained":["Pain"]},{"damage_healed":0,"gold_gain":0,"player_choice":"Became a vampire","damage_taken":0,"max_hp_gain":0,"max_hp_loss":18,"event_name":"Vampires","floor":19,"gold_loss":0,"cards_obtained":["Bite","Bite","Bite","Bite","Bite"]},{"damage_healed":0,"gold_gain":0,"player_choice":"Fight","damage_taken":0,"max_hp_gain":0,"max_hp_loss":0,"event_name":"Colosseum","floor":28,"gold_loss":0},{"damage_healed":0,"gold_gain":0,"player_choice":"Fled From Nobs","damage_taken":0,"max_hp_gain":0,"max_hp_loss":0,"event_name":"Colosseum","floor":28,"gold_loss":0},{"damage_healed":0,"gold_gain":0,"player_choice":"Fight","damage_taken":0,"max_hp_gain":0,"max_hp_loss":0,"event_name":"Mysterious Sphere","floor":36,"gold_loss":0},{"cards_removed":["Defend_G"],"damage_healed":0,"gold_gain":0,"player_choice":"Removed Skill","damage_taken":0,"max_hp_gain":0,"max_hp_loss":0,"event_name":"Falling","floor":37,"gold_loss":0},{"damage_healed":8,"gold_gain":0,"player_choice":"Writhe","damage_taken":0,"max_hp_gain":0,"max_hp_loss":0,"event_name":"Winding Halls","floor":38,"gold_loss":0,"cards_obtained":["Writhe"]},{"damage_healed":0,"gold_gain":0,"player_choice":"1 cards matched","damage_taken":0,"max_hp_gain":0,"max_hp_loss":0,"event_name":"Match and Keep!","floor":39,"gold_loss":0,"cards_obtained":["Neutralize"]}],"is_beta":false,"boss_relics":[{"not_picked":["Orrery","White Beast Statue"],"picked":"Ring of the Serpent"},{"not_picked":["Velvet Choker","Empty Cage"],"picked":"Cursed Key"}],"items_purged_floors":[14],"is_endless":false,"potions_floor_spawned":[8,11,13,21,22,24,42,45,47],"killed_by":"Transient","ascension_level":20}