{"gold_per_floor":[117,117,23,40,59,88,88,123,209,239,251,278,290,227,239,322,334,360,322,180,199,213,213,242,242,325,336,336,386,21,36,36,113,113,128,128,51,63,83,112,112,112],"floor_reached":42,"playtime":1932,"items_purged":["Defend_B"],"score":962,"play_id":"81fc346b-a989-42ab-acbe-8c8cb70643be","local_time":"20190621142111","is_ascension_mode":true,"campfire_choices":[{"floor":7.0,"key":"REST"},{"data":"Fission","floor":13.0,"key":"SMITH"},{"data":"Zap","floor":15.0,"key":"SMITH"},{"floor":23.0,"key":"REST"},{"floor":25.0,"key":"REST"},{"data":"Defragment","floor":28.0,"key":"SMITH"},{"floor":32.0,"key":"REST"},{"floor":41,"key":"REST"}],"neow_cost":"NONE","seed_source_timestamp":9496774284300,"circlet_count":0,"master_deck":["AscendersBane","Defend_B","Zap+1","Dualcast+1","Fission+1","Ball Lightning","Rip and Tear","Ball Lightning+1","Conserve Battery+1","Core Surge","All For One+1","Fission+1","Sweeping Beam+1","Capacitor","Defragment+1","Echo Form","Redo+1","Glacier+1","Double Energy+1","Consume+1","Capacitor+1","Seek+1","Loop","Capacitor+1","Cold Snap","Redo+1","Hologram+1","Chaos+1","Recycle+1","Self Repair"],"special_seed":0,"relics":["Cracked Core","Shovel","MawBank","Toxic Egg 2","Astrolabe","Bottled Flame","Tiny Chest","Pantograph","Orrery","Shuriken"],"potions_floor_usage":[39,40],"damage_taken":[{"damage":4.0,"enemies":"2 Louse","floor":1.0,"turns":4.0},{"damage":0.0,"enemies":"Cultist","floor":4.0,"turns":3.0},{"damage":12.0,"enemies":"Jaw Worm","floor":5.0,"turns":2.0},{"damage":20.0,"enemies":"3 Sentries","floor":6.0,"turns":6.0},{"damage":8.0,"enemies":"Gremlin Nob","floor":8.0,"turns":3.0},{"damage":8.0,"enemies":"Blue Slaver","floor":10.0,"turns":3.0},{"damage":1.0,"enemies":"Red Slaver","floor":12.0,"turns":3.0},{"damage":10.0,"enemies":"Hexaghost","floor":16.0,"turns":7.0},{"damage":8.0,"enemies":"Shell Parasite","floor":18.0,"turns":2.0},{"damage":9.0,"enemies":"3 Byrds","floor":21.0,"turns":3.0},{"damage":10.0,"enemies":"Snecko","floor":22.0,"turns":4.0},{"damage":29.0,"enemies":"Slavers","floor":24.0,"turns":4.0},{"damage":14.0,"enemies":"Centurion and Healer","floor":27.0,"turns":6.0},{"damage":20.0,"enemies":"Shelled Parasite and Fungi","floor":31.0,"turns":6.0},{"damage":44.0,"enemies":"Collector","floor":33.0,"turns":11.0},{"damage":19.0,"enemies":"Orb Walker","floor":35.0,"turns":5.0},{"damage":15.0,"enemies":"3 Darklings","floor":38.0,"turns":6.0},{"damage":19,"enemies":"Sphere and 2 Shapes","floor":39,"turns":4},{"damage":0,"enemies":"Nemesis","floor":40,"turns":11},{"damage":37,"enemies":"Reptomancer","floor":42,"turns":2}],"seed_played":"-2110831724584603766","potions_obtained":[{"floor":1.0,"key":"Block Potion"},{"floor":6.0,"key":"FocusPotion"},{"floor":16.0,"key":"EssenceOfSteel"},{"floor":18.0,"key":"Energy Potion"},{"floor":22.0,"key":"AttackPotion"},{"floor":31.0,"key":"LiquidBronze"},{"floor":35.0,"key":"Energy Potion"},{"floor":38.0,"key":"PowerPotion"},{"floor":39,"key":"Block Potion"}],"is_trial":false,"path_per_floor":["M","?","$","M","M","E","R","E","T","M","?","M","R","?","R","B",null,"M","?","$","M","M","R","E","R","T","M","R","?","$","M","R","B",null,"M","?","$","M","M","E","R","E"],"character_chosen":"DEFECT","items_purchased":["Rip and Tear","AttackPotion","Defragment","Consume+1","Pantograph","Chaos+1"],"campfire_rested":5,"item_purchase_floors":[3,3,20,30,30,37],"current_hp_per_floor":[60,60,60,60,48,28,49,41,41,33,12,11,11,11,11,1,54,46,46,46,37,27,48,19,40,40,26,26,26,26,6,27,8,55,36,36,36,21,2,2,23,0],"gold":112,"neow_bonus":"ONE_RANDOM_RARE_CARD","is_prod":false,"is_daily":false,"chose_seed":false,"campfire_upgraded":3,"win_rate":0,"timestamp":1561094471,"path_taken":["M","?","$","M","?","E","R","E","T","M","?","M","R","?","R","BOSS","M","?","$","M","M","R","E","R","T","?","R","?","$","M","R","BOSS","M","?","$","M","M","E","R","E"],"build_version":"2019-01-23","purchased_purges":1,"victory":false,"max_hp_per_floor":[71,71,71,71,71,71,71,71,71,71,71,71,71,71,71,71,71,71,71,71,71,71,71,71,71,71,71,71,71,71,71,71,71,71,71,71,71,71,71,71,71,71],"card_choices":[{"not_picked":["White Noise","Stack"],"picked":"Ball Lightning","floor":1.0},{"not_picked":["Beam Cell","Steam"],"picked":"Ball Lightning","floor":4.0},{"not_picked":["Turbo","Gash","Streamline"],"picked":"SKIP","floor":5.0},{"not_picked":["Tempest","Chaos","Leap"],"picked":"SKIP","floor":6.0},{"not_picked":["Blizzard","Conserve Battery","Steam"],"picked":"SKIP","floor":8.0},{"not_picked":["Leap+1","Rebound"],"picked":"Conserve Battery+1","floor":10.0},{"not_picked":["Streamline","Leap+1","Melter"],"picked":"SKIP","floor":12.0},{"not_picked":["Meteor Strike","Reboot+1"],"picked":"Core Surge","floor":16.0},{"not_picked":["Leap+1","Compile Driver"],"picked":"Capacitor","floor":18.0},{"not_picked":["Ball Lightning","Force Field+1"],"picked":"Echo Form","floor":21.0},{"not_picked":["Go for the Eyes","Lockon"],"picked":"Redo+1","floor":22.0},{"not_picked":["Cold Snap","Redo+1"],"picked":"Glacier+1","floor":24.0},{"not_picked":["Rebound+1","Go for the Eyes+1"],"picked":"Double Energy+1","floor":27.0},{"not_picked":["Lockon","Barrage"],"picked":"Capacitor+1","floor":31.0},{"not_picked":["Fission+1","Buffer"],"picked":"Seek+1","floor":33.0},{"not_picked":["Static Discharge","Blizzard+1"],"picked":"Loop","floor":34.0},{"not_picked":["Stack+1","Redo+1"],"picked":"Capacitor+1","floor":34.0},{"not_picked":["Go for the Eyes","Rebound"],"picked":"Cold Snap","floor":34.0},{"not_picked":["Sunder+1","Aggregate+1"],"picked":"Redo+1","floor":34.0},{"not_picked":["Melter","Streamline"],"picked":"Hologram+1","floor":35.0},{"not_picked":["Streamline","Buffer"],"picked":"Recycle+1","floor":38.0},{"not_picked":["Static Discharge","Undo+1","Double Energy+1"],"picked":"SKIP","floor":39},{"not_picked":["Go for the Eyes","Conserve Battery+1"],"picked":"Self Repair","floor":40}],"player_experience":730333,"relics_obtained":[{"floor":6.0,"key":"Shovel"},{"floor":8.0,"key":"MawBank"},{"floor":9.0,"key":"Toxic Egg 2"},{"floor":24.0,"key":"Bottled Flame"},{"floor":26.0,"key":"Tiny Chest"},{"floor":40,"key":"Shuriken"}],"event_choices":[{"cards_removed":["Strike_B"],"damage_healed":0.0,"max_hp_gain":0.0,"max_hp_loss":0.0,"gold_gain":0.0,"event_name":"Purifier","player_choice":"Purged","floor":2.0,"gold_loss":0.0,"damage_taken":0.0},{"damage_healed":0.0,"max_hp_gain":0.0,"max_hp_loss":0.0,"gold_gain":0.0,"event_name":"Shining Light","player_choice":"Entered Light","floor":11.0,"gold_loss":0.0,"damage_taken":21.0,"cards_upgraded":["Ball Lightning","Defend_B"]},{"cards_removed":["Strike_B"],"damage_healed":0.0,"max_hp_gain":0.0,"max_hp_loss":0.0,"gold_gain":0.0,"event_name":"The Cleric","player_choice":"Card Removal","floor":14.0,"gold_loss":75.0,"damage_taken":0.0},{"damage_healed":0.0,"max_hp_gain":0.0,"max_hp_loss":0.0,"gold_gain":0.0,"event_name":"Designer","player_choice":"Upgrade","floor":19.0,"gold_loss":50.0,"damage_taken":0.0,"cards_upgraded":["Dualcast"]},{"damage_healed":0.0,"max_hp_gain":0.0,"max_hp_loss":0.0,"gold_gain":50.0,"event_name":"Nest","player_choice":"Stole From Cult","floor":29.0,"gold_loss":0.0,"damage_taken":0.0},{"cards_removed":["Defend_B"],"damage_healed":0.0,"max_hp_gain":0.0,"max_hp_loss":0.0,"gold_gain":0.0,"event_name":"Falling","player_choice":"Removed Skill","floor":36.0,"gold_loss":0.0,"damage_taken":0.0}],"is_beta":false,"boss_relics":[{"not_picked":["Coffee Dripper","Velvet Choker"],"picked":"Astrolabe"},{"not_picked":["Runic Pyramid","Eternal Feather"],"picked":"Orrery"}],"items_purged_floors":[20],"is_endless":false,"potions_floor_spawned":[1,6,16,18,22,31,35,38,39],"killed_by":"Reptomancer","ascension_level":20}