{"gold_per_floor":[114,114,39,51,64,93,93,106,106,141,216,246],"floor_reached":12,"playtime":276,"items_purged":["Strike_R"],"score":176,"play_id":"e924dd99-1cfa-4d13-bb2c-bf6bd2786713","local_time":"20190722154610","is_ascension_mode":true,"campfire_choices":[{"data":"Juggernaut","floor":7,"key":"SMITH"}],"neow_cost":"NONE","seed_source_timestamp":260556976129800,"circlet_count":0,"master_deck":["AscendersBane","Strike_R","Strike_R","Strike_R","Strike_R","Defend_R","Defend_R","Defend_R","Defend_R","Bash","Combust","Armaments","Juggernaut+1","Carnage","True Grit"],"relics":["Burning Blood","NeowsBlessing","Mummified Hand","Shuriken","Bag of Marbles"],"potions_floor_usage":[6,10,12],"damage_taken":[{"damage":0,"enemies":"Jaw Worm","floor":1,"turns":1},{"damage":0,"enemies":"Cultist","floor":4,"turns":1},{"damage":0,"enemies":"Small Slimes","floor":5,"turns":1},{"damage":27,"enemies":"3 Sentries","floor":6,"turns":8},{"damage":18,"enemies":"Looter","floor":8,"turns":3},{"damage":32,"enemies":"Gremlin Nob","floor":10,"turns":4},{"damage":5,"enemies":"Gremlin Nob","floor":12,"turns":3}],"seed_played":"-5626838678733369577","potions_obtained":[{"floor":1,"key":"FearPotion"},{"floor":4,"key":"Swift Potion"},{"floor":5,"key":"SkillPotion"},{"floor":10,"key":"EssenceOfSteel"}],"is_trial":false,"path_per_floor":["M","?","$","M","M","E","R","M","T","E","?","?"],"character_chosen":"IRONCLAD","items_purchased":[],"campfire_rested":0,"item_purchase_floors":[],"current_hp_per_floor":[74,74,74,75,75,54,54,42,42,16,5,0],"gold":246,"neow_bonus":"THREE_ENEMY_KILL","is_prod":false,"is_daily":false,"chose_seed":false,"campfire_upgraded":1,"win_rate":0,"timestamp":1563777970,"path_taken":["M","?","?","M","?","E","R","M","T","E","?","?"],"build_version":"2019-07-17","purchased_purges":1,"victory":false,"max_hp_per_floor":[75,75,75,75,75,75,75,75,75,75,75,75],"card_choices":[{"not_picked":["Reckless Charge","Cleave"],"picked":"Armaments","floor":1},{"not_picked":["Fire Breathing","Iron Wave"],"picked":"Combust","floor":4},{"not_picked":["Clothesline","Dual Wield"],"picked":"Armaments","floor":5},{"not_picked":["Corruption","Burning Pact"],"picked":"Juggernaut","floor":6},{"not_picked":["Wild Strike","Clothesline"],"picked":"Carnage","floor":8},{"not_picked":["Thunderclap","Body Slam"],"picked":"True Grit","floor":10}],"player_experience":1125545,"relics_obtained":[{"floor":6,"key":"Shuriken"},{"floor":10,"key":"Bag of Marbles"}],"event_choices":[{"cards_removed":["Armaments"],"damage_healed":0,"gold_gain":0,"player_choice":"Gave Card","damage_taken":0,"relics_obtained":["Mummified Hand"],"max_hp_gain":0,"max_hp_loss":0,"event_name":"WeMeetAgain","floor":2,"gold_loss":0},{"damage_healed":0,"gold_gain":75,"player_choice":"Gather Gold","damage_taken":11,"max_hp_gain":0,"max_hp_loss":0,"event_name":"World of Goop","floor":11,"gold_loss":0},{"damage_healed":0,"gold_gain":30,"player_choice":"Searched \u00273\u0027 times","damage_taken":0,"max_hp_gain":0,"max_hp_loss":0,"event_name":"Dead Adventurer","floor":12,"gold_loss":0}],"is_beta":false,"boss_relics":[],"items_purged_floors":[3],"is_endless":false,"potions_floor_spawned":[1,4,5,10],"killed_by":"Gremlin Nob","ascension_level":20}