{"gold_per_floor":[114,127,127,92,1,31,50,50,50,67,67,80,106,117,117,194,194,214,214,214],"floor_reached":20,"playtime":484,"items_purged":[],"score":418,"play_id":"3524d752-dfa5-436a-818d-b3d7b805e7ae","local_time":"20190610134645","is_ascension_mode":true,"campfire_choices":[{"data":"Blizzard","floor":8,"key":"SMITH"},{"data":"Recycle","floor":11,"key":"SMITH"},{"data":"Capacitor","floor":15,"key":"SMITH"}],"neow_cost":"NONE","seed_source_timestamp":172540171511000,"circlet_count":0,"master_deck":["AscendersBane","Strike_B","Strike_B","Defend_B","Defend_B","Defend_B","Zap","Dualcast","Glacier","Self Repair","Ball Lightning","Blizzard+1","Recycle+1","Capacitor+1","Biased Cognition","Capacitor","Echo Form","Self Repair","Amplify","Skim"],"relics":["Cracked Core","NeowsBlessing","Matryoshka","DataDisk","Pantograph","PreservedInsect","Coffee Dripper"],"potions_floor_usage":[14,16],"damage_taken":[{"damage":0,"enemies":"Cultist","floor":1,"turns":1},{"damage":0,"enemies":"Jaw Worm","floor":2,"turns":1},{"damage":0,"enemies":"Gremlin Nob","floor":6,"turns":1},{"damage":7,"enemies":"2 Louse","floor":7,"turns":3},{"damage":9,"enemies":"Lots of Slimes","floor":10,"turns":4},{"damage":7,"enemies":"Looter","floor":12,"turns":3},{"damage":16,"enemies":"3 Sentries","floor":13,"turns":8},{"damage":15,"enemies":"Exordium Thugs","floor":14,"turns":4},{"damage":38,"enemies":"Slime Boss","floor":16,"turns":4},{"damage":26,"enemies":"Chosen","floor":18,"turns":6},{"damage":45,"enemies":"Masked Bandits","floor":20,"turns":2}],"seed_played":"-3397726767311819425","potions_obtained":[{"floor":2,"key":"PowerPotion"},{"floor":7,"key":"Poison Potion"},{"floor":13,"key":"SkillPotion"}],"is_trial":false,"path_per_floor":["M","M","?","?","$","E","M","R","T","M","R","M","E","M","R","B",null,"M","?","?"],"character_chosen":"DEFECT","items_purchased":["Self Repair","Ball Lightning"],"campfire_rested":0,"item_purchase_floors":[5,5],"current_hp_per_floor":[64,64,57,71,71,71,71,71,71,69,69,69,60,52,52,40,63,44,44,0],"gold":214,"neow_bonus":"THREE_ENEMY_KILL","is_prod":false,"is_daily":false,"chose_seed":false,"campfire_upgraded":3,"win_rate":0,"timestamp":1560142005,"path_taken":["M","M","?","?","$","E","M","R","T","?","R","M","E","M","R","BOSS","M","?","?"],"build_version":"2019-01-23","purchased_purges":0,"victory":false,"max_hp_per_floor":[71,71,71,71,71,71,71,71,71,71,71,71,71,71,71,71,71,71,71,71],"card_choices":[{"not_picked":["Sweeping Beam","Steam","Leap"],"picked":"SKIP","floor":1},{"not_picked":["Compile Driver","Steam Power"],"picked":"Glacier","floor":2},{"not_picked":["Streamline","Tempest"],"picked":"Blizzard","floor":6},{"not_picked":["Rip and Tear","Sweeping Beam"],"picked":"Recycle","floor":7},{"not_picked":["Leap","Compile Driver","Go for the Eyes"],"picked":"SKIP","floor":10},{"not_picked":["Cold Snap","Redo"],"picked":"Capacitor","floor":12},{"not_picked":["Rebound","Go for the Eyes"],"picked":"Biased Cognition","floor":13},{"not_picked":["Melter","Heatsinks"],"picked":"Capacitor","floor":14},{"not_picked":["Machine Learning","Creative AI"],"picked":"Echo Form","floor":16},{"not_picked":["Compile Driver","Stack"],"picked":"Self Repair","floor":18}],"player_experience":544626,"relics_obtained":[{"floor":6,"key":"Matryoshka"},{"floor":9,"key":"DataDisk"},{"floor":9,"key":"Pantograph"},{"floor":13,"key":"PreservedInsect"}],"event_choices":[{"cards_removed":["Defend_B"],"damage_healed":0,"gold_gain":0,"player_choice":"Card Removal","damage_taken":7,"max_hp_gain":0,"max_hp_loss":0,"event_name":"Golden Wing","floor":3,"gold_loss":0},{"damage_healed":17,"gold_gain":0,"player_choice":"Healed","damage_taken":0,"max_hp_gain":0,"max_hp_loss":0,"event_name":"The Cleric","floor":4,"gold_loss":35},{"damage_healed":0,"gold_gain":0,"cards_transformed":["Strike_B","Strike_B"],"player_choice":"Became Test Subject","damage_taken":0,"max_hp_gain":0,"max_hp_loss":0,"event_name":"Drug Dealer","floor":19,"gold_loss":0,"cards_obtained":["Amplify","Skim"]},{"damage_healed":0,"gold_gain":0,"player_choice":"Fought Bandits","damage_taken":0,"max_hp_gain":0,"max_hp_loss":0,"event_name":"Masked Bandits","floor":20,"gold_loss":0}],"is_beta":false,"boss_relics":[{"not_picked":["Black Star","Sozu"],"picked":"Coffee Dripper"}],"items_purged_floors":[],"is_endless":false,"potions_floor_spawned":[2,7,13],"killed_by":"Masked Bandits","ascension_level":20}