{"gold_per_floor":[110,125,142,160,172,172,202,222,222,232,232,507,518,17,17,95,95,106,6,6,6,20,47,47,47],"floor_reached":25,"playtime":1681,"items_purged":["Regret","Strike_G"],"score":475,"play_id":"cf80a728-d7b9-4baf-a2e5-e75d4a608911","local_time":"20190726012733","is_ascension_mode":true,"campfire_choices":[{"data":"Crippling Poison","floor":6,"key":"SMITH"},{"floor":11,"key":"REST"},{"data":"Deadly Poison","floor":15,"key":"SMITH"},{"floor":24,"key":"REST"}],"neow_cost":"NONE","seed_source_timestamp":1295314485784140,"circlet_count":0,"master_deck":["AscendersBane","Defend_G","Defend_G","Defend_G","Defend_G","Defend_G","Survivor","Neutralize","Masterful Stab","Crippling Poison+1","Deadly Poison+1","Quick Slash","Bouncing Flask","Quick Slash","PiercingWail","Well Laid Plans","Master of Strategy","Tools of the Trade","Backflip","Bite","Bite","Bite","Bite","Bite","Calculated Gamble+1"],"special_seed":0,"relics":["Ring of the Snake","Potion Belt","Ornamental Fan","PreservedInsect","Snecko Eye","Mummified Hand"],"potions_floor_usage":[5,7,16,23],"damage_taken":[{"damage":0.0,"enemies":"Cultist","floor":1.0,"turns":4.0},{"damage":0,"enemies":"2 Louse","floor":2,"turns":3},{"damage":1,"enemies":"Jaw Worm","floor":3,"turns":3},{"damage":14,"enemies":"Large Slime","floor":4,"turns":6},{"damage":0,"enemies":"Exordium Wildlife","floor":5,"turns":2},{"damage":40,"enemies":"Gremlin Nob","floor":7,"turns":5},{"damage":4,"enemies":"Blue Slaver","floor":8,"turns":3},{"damage":0,"enemies":"Gremlin Gang","floor":10,"turns":4},{"damage":6,"enemies":"3 Louse","floor":13,"turns":3},{"damage":19,"enemies":"Slime Boss","floor":16,"turns":7},{"damage":26,"enemies":"Chosen","floor":18,"turns":6},{"damage":2,"enemies":"3 Byrds","floor":22,"turns":4},{"damage":41,"enemies":"Book of Stabbing","floor":23,"turns":5},{"damage":29,"enemies":"Slavers","floor":25,"turns":2}],"seed_played":"-2517188193232863308","potions_obtained":[{"floor":1.0,"key":"Energy Potion"},{"floor":4,"key":"GhostInAJar"},{"floor":5,"key":"Fire Potion"},{"floor":7,"key":"Fire Potion"},{"floor":10,"key":"FairyPotion"},{"floor":22,"key":"SkillPotion"}],"is_trial":false,"path_per_floor":["M","M","M","M","M","R","E","M","T","M","R","?","M","$","R","B",null,"M","$","?","?","M","E","R","E"],"character_chosen":"THE_SILENT","items_purchased":["Well Laid Plans","Master of Strategy","PreservedInsect"],"campfire_rested":2,"item_purchase_floors":[14,14,14],"current_hp_per_floor":[65,65,64,50,50,50,10,6,6,6,27,27,21,21,21,2,55,29,29,29,29,39,6,21,0],"gold":47,"neow_bonus":"TEN_PERCENT_HP_BONUS","is_prod":false,"is_daily":false,"chose_seed":false,"campfire_upgraded":2,"win_rate":0,"timestamp":1564097253,"path_taken":["M","M","M","M","M","R","E","M","T","?","R","?","?","$","R","BOSS","M","?","?","?","M","E","R","E"],"build_version":"2019-07-17","purchased_purges":2,"victory":false,"max_hp_per_floor":[72,72,72,72,72,72,72,72,72,72,72,72,72,72,72,72,72,72,72,50,50,50,50,50,50],"card_choices":[{"not_picked":["Infinite Blades","Cloak And Dagger"],"picked":"Masterful Stab","floor":1.0},{"not_picked":["Leg Sweep","Expertise"],"picked":"Crippling Poison","floor":2},{"not_picked":["Blade Dance","Dodge and Roll"],"picked":"Deadly Poison","floor":3},{"not_picked":["Outmaneuver","Escape Plan"],"picked":"Quick Slash","floor":4},{"not_picked":["Backstab","Doppelganger"],"picked":"Bouncing Flask","floor":7},{"not_picked":["All Out Attack","Deflect"],"picked":"Quick Slash","floor":8},{"not_picked":["Heel Hook","Skewer"],"picked":"PiercingWail","floor":10},{"not_picked":["Unload","Doppelganger"],"picked":"Tools of the Trade","floor":16},{"not_picked":["Deadly Poison+1","Deflect"],"picked":"Backflip","floor":18},{"not_picked":["Outmaneuver","All Out Attack"],"picked":"Calculated Gamble+1","floor":22}],"player_experience":1325568,"relics_obtained":[{"floor":7,"key":"Potion Belt"},{"floor":9,"key":"Ornamental Fan"},{"floor":23,"key":"Mummified Hand"}],"event_choices":[{"damage_healed":0,"gold_gain":275,"player_choice":"Desecrate","damage_taken":0,"max_hp_gain":0,"max_hp_loss":0,"event_name":"Golden Shrine","floor":12,"gold_loss":0,"cards_obtained":["Regret"]},{"damage_healed":0,"gold_gain":0,"player_choice":"Became a vampire","damage_taken":0,"max_hp_gain":0,"max_hp_loss":22,"event_name":"Vampires","floor":20,"gold_loss":0,"cards_obtained":["Bite","Bite","Bite","Bite","Bite"]}],"is_beta":false,"boss_relics":[{"not_picked":["Busted Crown","Black Star"],"picked":"Snecko Eye"}],"items_purged_floors":[14,19],"is_endless":false,"potions_floor_spawned":[1,4,5,7,10,22],"killed_by":"Slavers","ascension_level":20}