{"gold_per_floor":[113,131,143,159,234,234,246,273,319,319,333,349,384,396,396,470,470,481,481,751,770,785,785,818,818,818,847,847,876,130,143,143,222,222,238,238,1237,778,1053,1086,1099,502,502,517,548,567,593,610,610,610,610,610,610,43,73,73],"floor_reached":57,"playtime":2850,"items_purged":["Strike_R","Strike_R","Regret"],"score":3378,"play_id":"04b60ae8-13f7-4d57-9d6e-13b329074310","local_time":"20190710185419","is_ascension_mode":true,"campfire_choices":[{"data":"Shockwave","floor":6.0,"key":"SMITH"},{"data":"Juggernaut","floor":10.0,"key":"SMITH"},{"data":"Metallicize","floor":15.0,"key":"SMITH"},{"floor":23.0,"key":"REST"},{"floor":25.0,"key":"REST"},{"floor":28,"key":"REST"},{"data":"Seeing Red","floor":32,"key":"SMITH"},{"floor":49,"key":"RECALL"},{"data":"Dual Wield","floor":53,"key":"SMITH"}],"neow_cost":"TEN_PERCENT_HP_LOSS","seed_source_timestamp":221886878198800,"circlet_count":0,"master_deck":["AscendersBane","Strike_R","Strike_R","Strike_R","Defend_R","Defend_R","Defend_R","Defend_R","Bash","Shockwave+1","Shrug It Off","Seeing Red+1","Pommel Strike","Juggernaut+1","Metallicize+1","Rage","Dark Embrace","Offering","Shrug It Off","Havoc+1","Shrug It Off","Sentinel","Dual Wield+1","Rage","Barricade","Ghostly Armor","Feel No Pain","Offering","Madness","Warcry","Reaper","True Grit","Inflame","Sentinel+1","Battle Trance","Body Slam","Impervious","Warcry","Havoc"],"special_seed":0,"relics":["Burning Blood","Thread and Needle","Vajra","Omamori","Sundial","Sozu","Potion Belt","Dead Branch","Mummified Hand","Pantograph","Ice Cream","Coffee Dripper","Mango","Oddly Smooth Stone","Blood Vial","Nunchaku","ClockworkSouvenir","Calipers","Blue Candle"],"potions_floor_usage":[56],"damage_taken":[{"damage":2.0,"enemies":"Cultist","floor":1.0,"turns":4.0},{"damage":4.0,"enemies":"2 Louse","floor":2.0,"turns":4.0},{"damage":3.0,"enemies":"Small Slimes","floor":3.0,"turns":4.0},{"damage":0.0,"enemies":"2 Fungi Beasts","floor":4.0,"turns":4.0},{"damage":10.0,"enemies":"Exordium Thugs","floor":7.0,"turns":6.0},{"damage":41.0,"enemies":"Gremlin Nob","floor":8.0,"turns":5.0},{"damage":2.0,"enemies":"Gremlin Gang","floor":11.0,"turns":3.0},{"damage":0.0,"enemies":"Looter","floor":12.0,"turns":4.0},{"damage":3.0,"enemies":"Lagavulin","floor":13.0,"turns":6.0},{"damage":7.0,"enemies":"Red Slaver","floor":14.0,"turns":3.0},{"damage":0.0,"enemies":"Hexaghost","floor":16.0,"turns":9.0},{"damage":6.0,"enemies":"Chosen","floor":18.0,"turns":3.0},{"damage":8.0,"enemies":"Spheric Guardian","floor":21.0,"turns":4.0},{"damage":18.0,"enemies":"Cultist and Chosen","floor":22.0,"turns":6.0},{"damage":32.0,"enemies":"Gremlin Leader","floor":24.0,"turns":8.0},{"damage":10.0,"enemies":"Slavers","floor":27.0,"turns":3.0},{"damage":9,"enemies":"Book of Stabbing","floor":29,"turns":4},{"damage":0,"enemies":"Snecko","floor":31,"turns":5},{"damage":19,"enemies":"Collector","floor":33,"turns":8},{"damage":22,"enemies":"3 Darklings","floor":35,"turns":3},{"damage":14,"enemies":"Reptomancer","floor":40,"turns":5},{"damage":10,"enemies":"Orb Walker","floor":41,"turns":4},{"damage":12,"enemies":"Sphere and 2 Shapes","floor":44,"turns":4},{"damage":17,"enemies":"Giant Head","floor":45,"turns":6},{"damage":15,"enemies":"Transient","floor":46,"turns":6},{"damage":12,"enemies":"Nemesis","floor":47,"turns":3},{"damage":0,"enemies":"Jaw Worm Horde","floor":48,"turns":5},{"damage":12,"enemies":"Awakened One","floor":50,"turns":7},{"damage":32,"enemies":"Donu and Deca","floor":51,"turns":6},{"damage":12,"enemies":"Shield and Spear","floor":55,"turns":5},{"damage":78,"enemies":"The Heart","floor":56,"turns":8}],"seed_played":"-8378633868974169787","potions_obtained":[{"floor":3.0,"key":"SpeedPotion"},{"floor":4.0,"key":"PowerPotion"},{"floor":7.0,"key":"EssenceOfSteel"},{"floor":14.0,"key":"Strength Potion"}],"is_trial":false,"path_per_floor":["M","M","M","M","?","R","M","E","T","R","M","M","E","M","R","B",null,"M","?","?","M","M","R","E","R","T","E","R","E","$","M","R","B",null,"M","$","?","$","?","E","M","$","T","M","E","M","E","M","R","B","B",null,"R","$","E","B",null],"character_chosen":"IRONCLAD","items_purchased":["Pantograph","Ice Cream","Dual Wield","Feel No Pain","Offering","Madness","Reaper","Oddly Smooth Stone","True Grit","Inflame","ClockworkSouvenir","Calipers"],"campfire_rested":3,"item_purchase_floors":[30,30,30,38,38,38,42,42,42,42,54,54],"current_hp_per_floor":[68,68,68,68,57,57,53,18,18,18,22,28,31,30,30,36,60,60,60,36,34,22,42,16,36,36,32,52,49,49,55,55,55,65,49,49,49,49,49,55,51,51,51,82,82,79,75,82,82,76,74,80,80,80,82,42],"gold":73,"neow_bonus":"ONE_RARE_RELIC","is_prod":false,"is_daily":false,"chose_seed":false,"campfire_upgraded":5,"win_rate":0,"timestamp":1562752459,"path_taken":["M","?","M","M","?","R","M","E","T","R","M","M","E","M","R","BOSS","M","?","?","?","M","R","E","R","T","E","R","E","$","?","R","BOSS","M","$","?","$","?","E","?","$","T","M","E","M","E","M","R","BOSS","BOSS","R","$","E","BOSS"],"build_version":"2019-07-05","purchased_purges":3,"victory":true,"max_hp_per_floor":[68,68,68,68,68,68,68,68,68,68,68,68,68,68,68,68,68,68,68,68,68,68,68,68,68,68,68,68,68,68,68,68,68,68,68,68,68,68,68,82,82,82,82,82,82,82,82,82,82,82,82,82,82,82,82,82],"card_choices":[{"not_picked":["Armaments","Sentinel"],"picked":"Shockwave","floor":1.0},{"not_picked":["Armaments","Heavy Blade"],"picked":"Shrug It Off","floor":2.0},{"not_picked":["Shrug It Off","Hemokinesis"],"picked":"Seeing Red","floor":3.0},{"not_picked":["Thunderclap","Warcry"],"picked":"Pommel Strike","floor":4.0},{"not_picked":["Flex","Headbutt","Thunderclap"],"picked":"SKIP","floor":7.0},{"not_picked":["Headbutt","Perfected Strike"],"picked":"Juggernaut","floor":8.0},{"not_picked":["Headbutt","Sentinel"],"picked":"Metallicize","floor":11.0},{"not_picked":["Pummel","Thunderclap"],"picked":"Rage","floor":12.0},{"not_picked":["Exhume","Twin Strike"],"picked":"Dark Embrace","floor":13.0},{"not_picked":["Wild Strike","Rampage","Entrench"],"picked":"SKIP","floor":14.0},{"not_picked":["Impervious","Bludgeon"],"picked":"Offering","floor":16.0},{"not_picked":["Body Slam","Warcry","Sword Boomerang"],"picked":"SKIP","floor":18.0},{"not_picked":["Twin Strike","Shockwave","Intimidate"],"picked":"SKIP","floor":21.0},{"not_picked":["Blood for Blood","Perfected Strike"],"picked":"Shrug It Off","floor":22.0},{"not_picked":["Bloodletting","Cleave"],"picked":"Havoc+1","floor":24.0},{"not_picked":["Blood for Blood","Clash"],"picked":"Shrug It Off","floor":27},{"not_picked":["Pummel","Sever Soul"],"picked":"Sentinel","floor":29},{"not_picked":["Rage","Blood for Blood","Heavy Blade+1"],"picked":"SKIP","floor":31},{"not_picked":["Blood for Blood","Heavy Blade+1"],"picked":"Rage","floor":31},{"not_picked":["Limit Break","Reaper"],"picked":"Barricade","floor":33},{"not_picked":["Headbutt","Twin Strike"],"picked":"Ghostly Armor","floor":35},{"not_picked":["Hemokinesis+1","Shrug It Off"],"picked":"Warcry","floor":40},{"not_picked":["Sever Soul","Twin Strike","Anger+1"],"picked":"SKIP","floor":41},{"not_picked":["Shockwave+1","Warcry+1"],"picked":"Sentinel+1","floor":44},{"not_picked":["Sword Boomerang","Thunderclap"],"picked":"Battle Trance","floor":45},{"not_picked":["Carnage","Battle Trance+1"],"picked":"Body Slam","floor":46},{"not_picked":["Pummel+1","Rampage"],"picked":"Impervious","floor":47},{"not_picked":["Iron Wave","Sword Boomerang"],"picked":"Warcry","floor":48},{"not_picked":["Clothesline","Whirlwind+1"],"picked":"Havoc","floor":55}],"player_experience":964430,"relics_obtained":[{"floor":8.0,"key":"Vajra"},{"floor":9.0,"key":"Omamori"},{"floor":13.0,"key":"Sundial"},{"floor":24.0,"key":"Potion Belt"},{"floor":26.0,"key":"Dead Branch"},{"floor":29,"key":"Mummified Hand"},{"floor":40,"key":"Mango"},{"floor":45,"key":"Blood Vial"},{"floor":47,"key":"Nunchaku"},{"floor":55,"key":"Blue Candle"}],"event_choices":[{"damage_healed":0.0,"max_hp_gain":0.0,"max_hp_loss":0.0,"gold_gain":75.0,"event_name":"World of Goop","player_choice":"Gather Gold","floor":5.0,"gold_loss":0.0,"damage_taken":11.0},{"damage_healed":0.0,"max_hp_gain":0.0,"max_hp_loss":0.0,"gold_gain":0.0,"event_name":"Vampires","player_choice":"Ignored","floor":19.0,"gold_loss":0.0,"damage_taken":0.0},{"damage_healed":0.0,"max_hp_gain":0.0,"max_hp_loss":0.0,"gold_gain":270.0,"event_name":"Knowing Skull","player_choice":"GOLD GOLD GOLD ","floor":20.0,"potions_obtained":[],"gold_loss":0.0,"damage_taken":24.0,"cards_obtained":[]},{"damage_healed":0,"gold_gain":999,"player_choice":"Gold","damage_taken":0,"max_hp_gain":0,"max_hp_loss":0,"event_name":"MindBloom","floor":37,"gold_loss":0,"cards_obtained":["Normality","Normality"]},{"damage_healed":0,"gold_gain":275,"player_choice":"Desecrate","damage_taken":0,"max_hp_gain":0,"max_hp_loss":0,"event_name":"Golden Shrine","floor":39,"gold_loss":0,"cards_obtained":["Regret"]}],"is_beta":false,"boss_relics":[{"not_picked":["Busted Crown","Ectoplasm"],"picked":"Sozu"},{"not_picked":["Calling Bell","Runic Pyramid"],"picked":"Coffee Dripper"}],"items_purged_floors":[30,38,42],"is_endless":false,"potions_floor_spawned":[3,4,7,14,22,31,33,35,45,47,48,55],"ascension_level":20}