{"gold_per_floor":[109,159,172,12,12,12,29,56,56,83,100,100,125,141,141,217,217,228,228,153,68,86,86,86,36,36,53,81,81,81,108,108,108],"floor_reached":33,"playtime":2349,"items_purged":["Defend_G"],"score":652,"play_id":"3aa52303-ee3b-43a4-8ab0-3ee62d05f9bf","local_time":"20190715164125","is_ascension_mode":true,"campfire_choices":[{"data":"Deadly Poison","floor":6.0,"key":"SMITH"},{"data":"Choke","floor":12.0,"key":"SMITH"},{"data":"Neutralize","floor":15.0,"key":"SMITH"},{"data":"Calculated Gamble","floor":23.0,"key":"SMITH"},{"data":"Tactician","floor":30.0,"key":"SMITH"},{"floor":32,"key":"REST"}],"neow_cost":"NONE","seed_source_timestamp":224753742168900,"circlet_count":0,"master_deck":["AscendersBane","Strike_G","Strike_G","Defend_G","Defend_G","Defend_G","Defend_G","Survivor","Neutralize+1","Deadly Poison+1","Leg Sweep","Choke+1","Grand Finale","Deflect","Backflip","After Image","Calculated Gamble+1","Caltrops+1","Heel Hook","Well Laid Plans","Catalyst","Tactician+1","Prepared"],"special_seed":0,"relics":["Runic Pyramid","Art of War","Anchor","Blue Candle","Question Card","Gambling Chip","Runic Dome","Smiling Mask","Blood Vial","Lantern","The Specimen"],"potions_floor_usage":[31,31],"damage_taken":[{"damage":0.0,"enemies":"Small Slimes","floor":1.0,"turns":5.0},{"damage":0.0,"enemies":"Cultist","floor":3.0,"turns":4.0},{"damage":0.0,"enemies":"Jaw Worm","floor":7.0,"turns":4.0},{"damage":18.0,"enemies":"3 Sentries","floor":8.0,"turns":12.0},{"damage":0.0,"enemies":"Lagavulin","floor":10.0,"turns":8.0},{"damage":0.0,"enemies":"Exordium Wildlife","floor":11.0,"turns":4.0},{"damage":1.0,"enemies":"Gremlin Nob","floor":13.0,"turns":3.0},{"damage":0.0,"enemies":"Large Slime","floor":14.0,"turns":7.0},{"damage":6.0,"enemies":"Hexaghost","floor":16.0,"turns":10.0},{"damage":0.0,"enemies":"2 Thieves","floor":18.0,"turns":5.0},{"damage":0.0,"enemies":"Shell Parasite","floor":22.0,"turns":5.0},{"damage":8.0,"enemies":"Centurion and Healer","floor":27.0,"turns":4.0},{"damage":8.0,"enemies":"Book of Stabbing","floor":28.0,"turns":4.0},{"damage":27,"enemies":"Gremlin Leader","floor":31,"turns":6},{"damage":53,"enemies":"Collector","floor":33,"turns":7}],"seed_played":"4768843550309829817","potions_obtained":[{"floor":1.0,"key":"EssenceOfSteel"},{"floor":10.0,"key":"GamblersBrew"},{"floor":11.0,"key":"GhostInAJar"},{"floor":14.0,"key":"SteroidPotion"},{"floor":22.0,"key":"GamblersBrew"},{"floor":28.0,"key":"Weak Potion"},{"floor":31,"key":"Ancient Potion"}],"is_trial":false,"path_per_floor":["M","?","M","$","?","R","M","E","T","E","M","R","E","M","R","B",null,"M","?","?","?","M","R","?","$","T","M","E","?","R","E","R","B"],"character_chosen":"THE_SILENT","items_purchased":["Art of War"],"campfire_rested":1,"item_purchase_floors":[4],"current_hp_per_floor":[59,53,53,53,53,53,53,35,35,35,35,35,34,34,34,28,57,57,57,57,57,57,57,57,57,57,49,41,41,41,16,35,0],"gold":108,"neow_bonus":"BOSS_RELIC","is_prod":false,"is_daily":false,"chose_seed":false,"campfire_upgraded":5,"win_rate":0,"timestamp":1563176485,"path_taken":["M","?","?","$","?","R","M","E","T","E","M","R","E","M","R","BOSS","M","?","?","?","M","R","?","?","T","M","E","?","R","E","R","BOSS"],"build_version":"2019-07-05","purchased_purges":1,"victory":false,"max_hp_per_floor":[66,66,66,66,66,66,66,66,66,66,66,66,66,66,66,66,66,66,66,66,66,66,66,66,66,66,66,66,66,66,66,66,66],"card_choices":[{"not_picked":["Finisher","Quick Slash"],"picked":"Deadly Poison","floor":1.0},{"not_picked":["Sucker Punch","Blade Dance"],"picked":"Leg Sweep","floor":3.0},{"not_picked":["Backflip","Blur"],"picked":"Choke","floor":7.0},{"not_picked":["Bane","Quick Slash","Flying Knee"],"picked":"SKIP","floor":8.0},{"not_picked":["All Out Attack","Deflect"],"picked":"Grand Finale","floor":10.0},{"not_picked":["Crippling Poison","Cloak And Dagger","Backflip"],"picked":"Deflect","floor":11.0},{"not_picked":["Dodge and Roll","Caltrops","Choke"],"picked":"Backflip","floor":13.0},{"not_picked":["Deflect","Deadly Poison","Finisher","Dodge and Roll"],"picked":"SKIP","floor":14.0},{"not_picked":["Die Die Die","Grand Finale","Burst"],"picked":"After Image","floor":16.0},{"not_picked":["Slice","Quick Slash","Deadly Poison"],"picked":"Calculated Gamble","floor":18.0},{"not_picked":["Blade Dance","Bouncing Flask","Flying Knee+1"],"picked":"Caltrops+1","floor":22.0},{"not_picked":["PiercingWail","Riddle With Holes","Prepared"],"picked":"Catalyst","floor":27.0},{"not_picked":["Envenom","Flechettes","Escape Plan"],"picked":"Tactician","floor":28.0},{"not_picked":["Predator","Dodge and Roll+1","Quick Slash"],"picked":"Prepared","floor":31}],"player_experience":1039333,"relics_obtained":[{"floor":8.0,"key":"Anchor"},{"floor":9.0,"key":"Blue Candle"},{"floor":10.0,"key":"Question Card"},{"floor":13.0,"key":"Gambling Chip"},{"floor":28.0,"key":"Blood Vial"},{"floor":29.0,"key":"Lantern"},{"floor":31,"key":"The Specimen"}],"event_choices":[{"damage_healed":0.0,"max_hp_gain":0.0,"max_hp_loss":0.0,"gold_gain":50.0,"event_name":"FaceTrader","player_choice":"Touch","floor":2.0,"gold_loss":0.0,"damage_taken":6.0},{"damage_healed":0.0,"max_hp_gain":0.0,"max_hp_loss":0.0,"gold_gain":0.0,"event_name":"Liars Game","player_choice":"Ignored","floor":5.0,"gold_loss":0.0,"damage_taken":0.0},{"damage_healed":0.0,"max_hp_gain":0.0,"max_hp_loss":0.0,"gold_gain":0.0,"event_name":"The Mausoleum","player_choice":"Ignored","floor":19.0,"gold_loss":0.0,"damage_taken":0.0},{"cards_removed":["Strike_G"],"damage_healed":0.0,"max_hp_gain":0.0,"max_hp_loss":0.0,"gold_gain":0.0,"event_name":"Beggar","player_choice":"Gave Gold","floor":20.0,"gold_loss":75.0,"damage_taken":0.0},{"damage_healed":0.0,"max_hp_gain":0.0,"max_hp_loss":0.0,"gold_gain":0.0,"event_name":"Addict","player_choice":"Obtained Relic","floor":21.0,"gold_loss":85.0,"damage_taken":0.0,"relics_obtained":["Smiling Mask"]},{"damage_healed":0.0,"max_hp_gain":0.0,"max_hp_loss":0.0,"gold_gain":0.0,"cards_transformed":["Strike_G","Strike_G"],"event_name":"Drug Dealer","player_choice":"Became Test Subject","floor":24.0,"gold_loss":0.0,"damage_taken":0.0,"cards_obtained":["Heel Hook","Well Laid Plans"]},{"damage_healed":0.0,"max_hp_gain":0.0,"max_hp_loss":0.0,"gold_gain":0.0,"event_name":"Wheel of Change","player_choice":"Relic","floor":29.0,"gold_loss":0.0,"damage_taken":0.0}],"is_beta":false,"boss_relics":[{"not_picked":["Fusion Hammer","Snecko Eye"],"picked":"Runic Dome"}],"items_purged_floors":[25],"is_endless":false,"potions_floor_spawned":[1,10,11,14,22,28,31],"killed_by":"Collector","ascension_level":20}