{"gold_per_floor":[214,224,499,87,114,114,124,124,124,135,166,184,2,18,18,120,120,152,152,152,57,57,57,122,122,171,171,184,194,93,122,122,244,244,259,259,259,17,36,36,65,65,135,10,27,27,60,60,60,60],"floor_reached":50,"playtime":2748,"items_purged":["Regret","Shame","Clumsy"],"score":838,"play_id":"24e64648-c1d6-4132-a952-5cec5be3e387","local_time":"20190608132505","is_ascension_mode":true,"campfire_choices":[{"data":"Magnetism","floor":6.0,"key":"SMITH"},{"data":"Accuracy","floor":8.0,"key":"SMITH"},{"floor":15.0,"key":"REST"},{"floor":23.0,"key":"REST"},{"floor":25.0,"key":"REST"},{"data":"Adrenaline","floor":27.0,"key":"SMITH"},{"floor":32.0,"key":"REST"},{"floor":40,"key":"REST"},{"floor":42,"key":"REST"},{"floor":46,"key":"REST"},{"data":"Adrenaline","floor":49,"key":"SMITH"}],"neow_cost":"NONE","seed_source_timestamp":1116470307861860,"circlet_count":0,"master_deck":["Defend_G","Defend_G","Defend_G","Defend_G","Defend_G","Strike_G","Strike_G","Strike_G","Strike_G","Strike_G","Survivor","Neutralize+1","Dagger Spray","Quick Slash+1","Magnetism+1","Riddle With Holes","Infinite Blades","Accuracy+1","Venomology","Adrenaline+1","Cloak And Dagger","Masterful Stab","Well Laid Plans","Glass Knife","Dagger Spray","Necronomicurse","Discovery","Adrenaline+1","Accuracy","Slice","Blade Dance","Infinite Blades","Riddle With Holes","Envenom","Clumsy","Calculated Gamble","Deflect+1","Die Die Die","Night Terror"],"special_seed":0,"relics":["Ring of the Snake","Ancient Tea Set","Bottled Tornado","Whetstone","Boot","WristBlade","MutagenicStrength","Necronomicon","Tiny Chest","Blood Vial","Bottled Lightning","Calling Bell","Pen Nib","Kunai","Unceasing Top","Mercury Hourglass","Bronze Scales","Darkstone Periapt","Tingsha"],"potions_floor_usage":[47,47,50],"damage_taken":[{"damage":1.0,"enemies":"Jaw Worm","floor":1.0,"turns":7.0},{"damage":0.0,"enemies":"Cultist","floor":2.0,"turns":5.0},{"damage":0.0,"enemies":"Small Slimes","floor":7.0,"turns":1.0},{"damage":0.0,"enemies":"2 Fungi Beasts","floor":10.0,"turns":4.0},{"damage":15.0,"enemies":"Lagavulin","floor":11.0,"turns":5.0},{"damage":1.0,"enemies":"Blue Slaver","floor":12.0,"turns":4.0},{"damage":0.0,"enemies":"Large Slime","floor":14.0,"turns":3.0},{"damage":23.0,"enemies":"Slime Boss","floor":16.0,"turns":8.0},{"damage":0.0,"enemies":"Chosen","floor":18.0,"turns":4.0},{"damage":18.0,"enemies":"Slavers","floor":24.0,"turns":4.0},{"damage":0.0,"enemies":"3 Byrds","floor":28.0,"turns":3.0},{"damage":11.0,"enemies":"Cultist and Chosen","floor":29.0,"turns":4.0},{"damage":32.0,"enemies":"Book of Stabbing","floor":31.0,"turns":5.0},{"damage":6.0,"enemies":"Collector","floor":33.0,"turns":6.0},{"damage":49.0,"enemies":"3 Shapes","floor":35.0,"turns":10.0},{"damage":2,"enemies":"Orb Walker","floor":39,"turns":3},{"damage":0,"enemies":"Nemesis","floor":41,"turns":2},{"damage":3,"enemies":"4 Shapes","floor":45,"turns":4},{"damage":0,"enemies":"Giant Head","floor":47,"turns":7},{"damage":72,"enemies":"Awakened One","floor":50,"turns":3}],"seed_played":"5462182062258826379","potions_obtained":[{"floor":10.0,"key":"SkillPotion"},{"floor":11.0,"key":"SkillPotion"},{"floor":14.0,"key":"SneckoOil"},{"floor":16.0,"key":"SneckoOil"},{"floor":24.0,"key":"Poison Potion"},{"floor":31.0,"key":"Dexterity Potion"},{"floor":33.0,"key":"Weak Potion"}],"is_trial":false,"path_per_floor":["M","M","?","$","T","R","M","R","T","M","E","M","$","M","R","B",null,"M","?","?","$","?","R","E","R","T","R","M","M","$","E","R","B",null,"M","?","T","$","M","R","E","R","T","$","M","R","E","?","R","B"],"character_chosen":"THE_SILENT","items_purchased":["Magnetism","Riddle With Holes","Infinite Blades","Masterful Stab","Boot","Discovery","Blade Dance","Infinite Blades","GhostInAJar","Calculated Gamble"],"campfire_rested":7,"item_purchase_floors":[4,4,4,13,13,21,30,30,38,38],"current_hp_per_floor":[62,62,62,62,62,62,62,62,62,62,47,46,46,46,67,44,64,64,64,48,48,48,69,51,70,70,70,70,59,59,29,50,46,64,17,17,17,17,17,38,40,61,61,61,60,70,70,66,66,0],"gold":60,"neow_bonus":"HUNDRED_GOLD","is_prod":false,"is_daily":false,"chose_seed":false,"campfire_upgraded":4,"win_rate":0,"timestamp":1559989505,"path_taken":["M","M","?","$","?","R","M","R","T","M","E","M","$","M","R","BOSS","M","?","?","$","?","R","E","R","T","R","M","M","?","E","R","BOSS","M","?","?","?","?","R","E","R","T","$","M","R","E","?","R","BOSS"],"build_version":"2019-01-23","purchased_purges":3,"victory":false,"max_hp_per_floor":[70,70,70,70,70,70,70,70,70,70,70,70,70,70,70,70,70,70,70,70,70,70,70,70,70,70,70,70,70,70,70,70,70,70,70,70,70,70,70,70,70,70,70,70,70,70,70,66,66,66],"card_choices":[{"not_picked":["PiercingWail","Cloak And Dagger"],"picked":"Dagger Spray","floor":1.0},{"not_picked":["Blade Dance","Sucker Punch"],"picked":"Quick Slash","floor":2.0},{"not_picked":["Blade Dance","Dagger Spray"],"picked":"Accuracy","floor":7.0},{"not_picked":["Deadly Poison","Caltrops"],"picked":"Venomology","floor":10.0},{"not_picked":["Prepared","Deflect"],"picked":"Adrenaline","floor":11.0},{"not_picked":["Prepared","Deflect"],"picked":"Cloak And Dagger","floor":12.0},{"not_picked":["Deadly Poison","Bane"],"picked":"Well Laid Plans","floor":14.0},{"not_picked":["Tools of the Trade","Grand Finale"],"picked":"Glass Knife","floor":16.0},{"not_picked":["PiercingWail","Flying Knee"],"picked":"Dagger Spray","floor":18.0},{"not_picked":["Poisoned Stab","Acrobatics"],"picked":"Adrenaline","floor":24.0},{"not_picked":["Dagger Spray","Flying Knee"],"picked":"Accuracy","floor":28.0},{"not_picked":["Setup","Quick Slash"],"picked":"Slice","floor":29.0},{"not_picked":["Dodge and Roll+1","Prepared+1"],"picked":"Riddle With Holes","floor":31.0},{"not_picked":["Unload","Wraith Form v2"],"picked":"Envenom","floor":33.0},{"not_picked":["Dodge and Roll+1","Poisoned Stab+1","Flying Knee+1"],"picked":"SKIP","floor":35.0},{"not_picked":["PiercingWail","Acrobatics+1"],"picked":"Deflect+1","floor":39},{"not_picked":["Flying Knee","Prepared"],"picked":"Die Die Die","floor":41},{"not_picked":["Eviscerate","Flechettes","PiercingWail"],"picked":"SKIP","floor":45},{"not_picked":["Catalyst","Cloak And Dagger"],"picked":"Night Terror","floor":47}],"player_experience":1487410,"relics_obtained":[{"floor":5.0,"key":"Ancient Tea Set"},{"floor":9.0,"key":"Bottled Tornado"},{"floor":11.0,"key":"Whetstone"},{"floor":20.0,"key":"Necronomicon"},{"floor":24.0,"key":"Tiny Chest"},{"floor":26.0,"key":"Blood Vial"},{"floor":31.0,"key":"Bottled Lightning"},{"floor":34.0,"key":"Pen Nib"},{"floor":34.0,"key":"Kunai"},{"floor":34.0,"key":"Unceasing Top"},{"floor":37,"key":"Mercury Hourglass"},{"floor":41,"key":"Bronze Scales"},{"floor":43,"key":"Darkstone Periapt"},{"floor":47,"key":"Tingsha"}],"event_choices":[{"damage_healed":0.0,"max_hp_gain":0.0,"max_hp_loss":0.0,"gold_gain":275.0,"event_name":"Golden Shrine","player_choice":"Desecrate","floor":3.0,"gold_loss":0.0,"damage_taken":0.0,"cards_obtained":["Regret"]},{"damage_healed":0.0,"max_hp_gain":0.0,"max_hp_loss":0.0,"gold_gain":0.0,"event_name":"Drug Dealer","player_choice":"Inject Mutagens","floor":19.0,"gold_loss":0.0,"damage_taken":0.0,"relics_obtained":["MutagenicStrength"]},{"damage_healed":0.0,"max_hp_gain":0.0,"max_hp_loss":0.0,"gold_gain":0.0,"event_name":"Cursed Tome","player_choice":"Obtained Book","floor":20.0,"gold_loss":0.0,"damage_taken":16.0},{"damage_healed":0.0,"max_hp_gain":0.0,"max_hp_loss":0.0,"gold_gain":0.0,"event_name":"Beggar","player_choice":"Ignored","floor":22.0,"gold_loss":0.0,"damage_taken":0.0},{"damage_healed":0,"gold_gain":0,"player_choice":"Ignored","damage_taken":0,"max_hp_gain":0,"max_hp_loss":0,"event_name":"Mysterious Sphere","floor":36,"gold_loss":0},{"damage_healed":0,"gold_gain":0,"player_choice":"Max HP","damage_taken":0,"max_hp_gain":0,"max_hp_loss":4,"event_name":"Winding Halls","floor":48,"gold_loss":0}],"is_beta":false,"boss_relics":[{"not_picked":["Black Star","Busted Crown"],"picked":"WristBlade"},{"not_picked":["Coffee Dripper","Runic Dome"],"picked":"Calling Bell"}],"items_purged_floors":[4,38,44],"is_endless":false,"potions_floor_spawned":[10,11,14,16,24,31,33,39,41],"killed_by":"Awakened One","ascension_level":7}