{"gold_per_floor":[119,138,63,83,83,83,122,157,184,0,24,24,42,42,42,137,137,151,171,171,171,191,191,191],"floor_reached":24,"playtime":1165,"items_purged":["Writhe"],"score":392,"play_id":"f25f3240-1a33-443c-b314-85ea16bbf31e","local_time":"20190613194128","is_ascension_mode":true,"campfire_choices":[{"data":"Zap","floor":6.0,"key":"SMITH"},{"data":"Echo Form","floor":12.0,"key":"SMITH"},{"data":"Coolheaded","floor":15.0,"key":"SMITH"},{"data":"White Noise","floor":23.0,"key":"SMITH"}],"neow_cost":"CURSE","seed_source_timestamp":16197319645400,"circlet_count":0,"master_deck":["AscendersBane","Strike_B+1","Strike_B+1","Defend_B+1","Defend_B+1","Defend_B+1","Defend_B+1","Zap+1","Dualcast+1","Echo Form+1","Glacier","Ball Lightning","Chill+1","Coolheaded+1","Reboot","Turbo","Machine Learning","Barrage+1","Rainbow","White Noise+1"],"special_seed":0,"relics":["Cracked Core","Golden Idol","War Paint","Odd Mushroom","Tiny Chest","Inserter"],"potions_floor_usage":[24],"damage_taken":[{"damage":4.0,"enemies":"Jaw Worm","floor":1.0,"turns":6.0},{"damage":9.0,"enemies":"2 Louse","floor":2.0,"turns":2.0},{"damage":0.0,"enemies":"Cultist","floor":4.0,"turns":4.0},{"damage":5.0,"enemies":"Lagavulin","floor":7.0,"turns":6.0},{"damage":18.0,"enemies":"The Mushroom Lair","floor":8.0,"turns":5.0},{"damage":0.0,"enemies":"2 Fungi Beasts","floor":11.0,"turns":4.0},{"damage":2.0,"enemies":"3 Louse","floor":13.0,"turns":3.0},{"damage":15.0,"enemies":"Slime Boss","floor":16.0,"turns":7.0},{"damage":10.0,"enemies":"3 Byrds","floor":18.0,"turns":5.0},{"damage":15.0,"enemies":"Shell Parasite","floor":19.0,"turns":5.0},{"damage":6.0,"enemies":"Snake Plant","floor":22.0,"turns":4.0},{"damage":21,"enemies":"Book of Stabbing","floor":24,"turns":5}],"seed_played":"7800864275952479752","potions_obtained":[{"floor":7.0,"key":"Dexterity Potion"},{"floor":8.0,"key":"SteroidPotion"},{"floor":18.0,"key":"EssenceOfSteel"},{"floor":22.0,"key":"Dexterity Potion"}],"is_trial":false,"path_per_floor":["M","M","$","M","?","R","E","?","T","$","M","R","M","$","R","B",null,"M","M","?","?","M","R","E"],"character_chosen":"DEFECT","items_purchased":["Tiny Chest","PowerPotion"],"campfire_rested":0,"item_purchase_floors":[10,10],"current_hp_per_floor":[60,51,51,51,51,51,46,28,28,28,28,28,26,26,26,11,51,41,26,26,26,20,20,0],"gold":191,"neow_bonus":"THREE_RARE_CARDS","is_prod":false,"is_daily":false,"chose_seed":false,"campfire_upgraded":4,"win_rate":0,"timestamp":1560422488,"path_taken":["M","M","$","M","?","R","E","?","T","?","M","R","?","?","R","BOSS","M","M","?","?","M","R","E"],"build_version":"2019-01-23","purchased_purges":1,"victory":false,"max_hp_per_floor":[71,71,71,71,64,64,64,64,64,64,64,64,64,64,64,64,64,64,64,64,64,64,64,64],"card_choices":[{"not_picked":["Multi-Cast","Core Surge"],"picked":"Echo Form","floor":0.0},{"not_picked":["Streamline","Steam","Go for the Eyes"],"picked":"SKIP","floor":1.0},{"not_picked":["Force Field","Compile Driver"],"picked":"Glacier","floor":2.0},{"not_picked":["Leap","Steam"],"picked":"Ball Lightning","floor":4.0},{"not_picked":["Steam Power","Beam Cell"],"picked":"Chill","floor":7.0},{"not_picked":["Double Energy","Hologram"],"picked":"Coolheaded","floor":8.0},{"not_picked":["Genetic Algorithm","Leap"],"picked":"Reboot","floor":11.0},{"not_picked":["Redo","Coolheaded"],"picked":"Turbo","floor":13.0},{"not_picked":["Hyperbeam","Thunder Strike"],"picked":"Machine Learning","floor":16.0},{"not_picked":["Steam","Gash"],"picked":"Barrage+1","floor":18.0},{"not_picked":["Hologram","Scrape","Gash"],"picked":"SKIP","floor":19.0},{"not_picked":["Leap","Turbo","Beam Cell"],"picked":"SKIP","floor":22.0},{"not_picked":["Leap","Turbo","Beam Cell"],"picked":"SKIP","floor":22.0}],"player_experience":640516,"relics_obtained":[{"floor":7.0,"key":"War Paint"},{"floor":8.0,"key":"Odd Mushroom"}],"event_choices":[{"damage_healed":0.0,"max_hp_gain":0.0,"max_hp_loss":7.0,"gold_gain":0.0,"event_name":"Golden Idol","player_choice":"Lose Max HP","floor":5.0,"gold_loss":0.0,"damage_taken":0.0,"relics_obtained":["Golden Idol"]},{"damage_healed":0.0,"max_hp_gain":0.0,"max_hp_loss":0.0,"gold_gain":0.0,"event_name":"Mushrooms","player_choice":"Fought Mushrooms","floor":8.0,"gold_loss":0.0,"damage_taken":0.0},{"damage_healed":0.0,"max_hp_gain":0.0,"max_hp_loss":0.0,"gold_gain":0.0,"cards_transformed":["Strike_B","Strike_B"],"event_name":"Drug Dealer","player_choice":"Became Test Subject","floor":20.0,"gold_loss":0.0,"damage_taken":0.0,"cards_obtained":["Rainbow","White Noise"]},{"damage_healed":0.0,"max_hp_gain":0.0,"max_hp_loss":0.0,"gold_gain":0.0,"event_name":"Back to Basics","player_choice":"Simplicity","floor":21.0,"gold_loss":0.0,"damage_taken":0.0,"cards_upgraded":["Strike_B","Strike_B","Defend_B","Defend_B","Defend_B","Defend_B"]}],"is_beta":false,"boss_relics":[{"not_picked":["Eternal Feather","Fusion Hammer"],"picked":"Inserter"}],"items_purged_floors":[3],"is_endless":false,"potions_floor_spawned":[7,8,18,22],"killed_by":"Book of Stabbing","ascension_level":20}