{"gold_per_floor":[116,116,133,133,153,153,172,172,195,195,221,231,1,27,27,131,131,145,162,180,25,45,80,80,109,109,128,139,155,155,168,168,168],"floor_reached":33,"playtime":2141,"items_purged":[],"score":447,"play_id":"6062aacb-281c-480f-a886-ad328ed54213","local_time":"20190620181832","is_ascension_mode":true,"campfire_choices":[{"floor":6.0,"key":"REST"},{"floor":8.0,"key":"REST"},{"floor":15.0,"key":"REST"},{"floor":24.0,"key":"REST"},{"data":"Adrenaline","floor":32,"key":"SMITH"}],"neow_cost":"NONE","seed_source_timestamp":601341143342085,"circlet_count":0,"master_deck":["Survivor","Neutralize","Slice","Choke","Reflex","Underhanded Strike","Adrenaline+1","Unload","Poisoned Stab","Flechettes","Doppelganger","Masterful Stab","Die Die Die","Calculated Gamble","Outmaneuver","Skewer","Dagger Spray","Malaise","Heel Hook","Masterful Stab","Concentrate","Reflex","Masterful Stab","Outmaneuver","Predator","Caltrops+1","Underhanded Strike","Dodge and Roll+1","Adrenaline","Masterful Stab+1","RitualDagger","Dagger Spray"],"special_seed":0,"relics":["Ring of the Snake","NeowsBlessing","Centennial Puzzle","WarpedTongs","Blood Vial","Orichalcum","Omamori","Oddly Smooth Stone","Pandora\u0027s Box","Regal Pillow","Pen Nib","Smiling Mask"],"potions_floor_usage":[27,27,33,33],"damage_taken":[{"damage":0.0,"enemies":"Small Slimes","floor":1.0,"turns":1.0},{"damage":0.0,"enemies":"2 Louse","floor":3.0,"turns":1.0},{"damage":1.0,"enemies":"Cultist","floor":5.0,"turns":1.0},{"damage":14.0,"enemies":"Large Slime","floor":7.0,"turns":6.0},{"damage":13.0,"enemies":"3 Sentries","floor":11.0,"turns":11.0},{"damage":9.0,"enemies":"Exordium Thugs","floor":12.0,"turns":4.0},{"damage":46.0,"enemies":"Hexaghost","floor":16.0,"turns":13.0},{"damage":0.0,"enemies":"3 Byrds","floor":18.0,"turns":3.0},{"damage":4.0,"enemies":"2 Thieves","floor":19.0,"turns":3.0},{"damage":18.0,"enemies":"Snake Plant","floor":20.0,"turns":5.0},{"damage":10.0,"enemies":"Snecko","floor":22.0,"turns":4.0},{"damage":3.0,"enemies":"Gremlin Leader","floor":23.0,"turns":4.0},{"damage":9.0,"enemies":"Book of Stabbing","floor":25.0,"turns":5.0},{"damage":0,"enemies":"Shelled Parasite and Fungi","floor":27,"turns":2},{"damage":2,"enemies":"Centurion and Healer","floor":28,"turns":4},{"damage":0,"enemies":"3 Cultists","floor":29,"turns":3},{"damage":0,"enemies":"Snake Plant","floor":31,"turns":4},{"damage":68,"enemies":"Champ","floor":33,"turns":8}],"seed_played":"-208622640773379939","potions_obtained":[{"floor":7.0,"key":"Energy Potion"},{"floor":11.0,"key":"Swift Potion"},{"floor":12.0,"key":"FearPotion"},{"floor":19.0,"key":"Strength Potion"},{"floor":22.0,"key":"Energy Potion"},{"floor":25.0,"key":"GhostInAJar"},{"floor":27,"key":"AttackPotion"},{"floor":29,"key":"SteroidPotion"}],"is_trial":false,"path_per_floor":["M","?","M","?","M","R","M","R","T","?","E","M","$","T","R","B",null,"M","M","M","$","M","E","R","E","T","M","M","M","?","M","R","B"],"character_chosen":"THE_SILENT","items_purchased":["Adrenaline","Omamori","Reflex","Masterful Stab","Outmaneuver"],"campfire_rested":4,"item_purchase_floors":[13,13,21,21,21],"current_hp_per_floor":[63,38,38,38,37,58,44,65,65,65,54,47,47,47,68,24,59,61,59,43,43,35,34,70,61,61,63,63,65,59,61,61,0],"gold":168,"neow_bonus":"THREE_ENEMY_KILL","is_prod":false,"is_daily":false,"chose_seed":false,"campfire_upgraded":1,"win_rate":0,"timestamp":1561043912,"path_taken":["M","?","M","?","?","R","M","R","T","?","E","M","?","?","R","BOSS","M","M","M","$","?","E","R","E","T","M","M","M","?","M","R","BOSS"],"build_version":"2019-01-23","purchased_purges":0,"victory":false,"max_hp_per_floor":[70,70,70,70,70,70,70,70,70,70,70,70,70,70,70,70,70,70,70,70,70,70,70,70,70,70,70,70,70,70,70,70,70],"card_choices":[{"not_picked":["Dodge and Roll","Acrobatics","Blur"],"picked":"SKIP","floor":1.0},{"not_picked":["Flechettes","PiercingWail"],"picked":"Slice","floor":3.0},{"not_picked":["Underhanded Strike","Dodge and Roll"],"picked":"Choke","floor":5.0},{"not_picked":["Calculated Gamble","Underhanded Strike","PiercingWail"],"picked":"SKIP","floor":7.0},{"not_picked":["PiercingWail","Prepared"],"picked":"Reflex","floor":11.0},{"not_picked":["Well Laid Plans","Acrobatics"],"picked":"Underhanded Strike","floor":12.0},{"not_picked":["Venomology","Envenom"],"picked":"Unload","floor":16.0},{"not_picked":["Skewer","Quick Slash"],"picked":"Heel Hook","floor":18.0},{"not_picked":["Outmaneuver","Skewer"],"picked":"Masterful Stab","floor":19.0},{"not_picked":["Slice+1","All Out Attack"],"picked":"Concentrate","floor":20.0},{"not_picked":["Blade Dance","Catalyst+1"],"picked":"Predator","floor":22.0},{"not_picked":["Dodge and Roll","Quick Slash"],"picked":"Caltrops+1","floor":23.0},{"not_picked":["A Thousand Cuts","Dodge and Roll"],"picked":"Underhanded Strike","floor":25.0},{"not_picked":["Bane","Deadly Poison"],"picked":"Dodge and Roll+1","floor":27},{"not_picked":["Dagger Spray","Finisher+1"],"picked":"Adrenaline","floor":28},{"not_picked":["Quick Slash","Dagger Throw"],"picked":"Masterful Stab+1","floor":29},{"not_picked":["Cloak And Dagger","Accuracy"],"picked":"Dagger Spray","floor":31}],"player_experience":1548944,"relics_obtained":[{"floor":9.0,"key":"Blood Vial"},{"floor":11.0,"key":"Orichalcum"},{"floor":14.0,"key":"Oddly Smooth Stone"},{"floor":23.0,"key":"Regal Pillow"},{"floor":25.0,"key":"Pen Nib"},{"floor":26.0,"key":"Smiling Mask"}],"event_choices":[{"damage_healed":0.0,"max_hp_gain":0.0,"max_hp_loss":0.0,"gold_gain":0.0,"event_name":"Scrap Ooze","player_choice":"Success","floor":2.0,"gold_loss":0.0,"damage_taken":25.0,"relics_obtained":["Centennial Puzzle"]},{"damage_healed":0.0,"max_hp_gain":0.0,"max_hp_loss":0.0,"gold_gain":0.0,"event_name":"Accursed Blacksmith","player_choice":"Rummage","floor":4.0,"gold_loss":0.0,"damage_taken":0.0,"relics_obtained":["WarpedTongs"],"cards_obtained":["Pain"]},{"cards_removed":["Pain"],"damage_healed":0.0,"max_hp_gain":0.0,"max_hp_loss":0.0,"gold_gain":0.0,"event_name":"Wheel of Change","player_choice":"Card Removal","floor":10.0,"gold_loss":0.0,"damage_taken":0.0},{"damage_healed":0,"gold_gain":0,"player_choice":"Joined the Cult","damage_taken":6,"max_hp_gain":0,"max_hp_loss":0,"event_name":"Nest","floor":30,"gold_loss":0,"cards_obtained":["RitualDagger"]}],"is_beta":false,"boss_relics":[{"not_picked":["Runic Pyramid","Astrolabe"],"picked":"Pandora\u0027s Box"}],"items_purged_floors":[],"is_endless":false,"potions_floor_spawned":[7,11,12,19,22,25,27,29],"killed_by":"Champ","ascension_level":9}