{"gold_per_floor":[113,388,403,168,168,168,188,219,219,219,254,254,270,44,44,137,137,157,99,99,99],"floor_reached":21,"playtime":467,"items_purged":["Regret"],"score":420,"play_id":"482b497e-19c2-463a-902b-90f4c27df975","local_time":"20190718184810","is_ascension_mode":true,"campfire_choices":[{"data":"Zap","floor":6,"key":"SMITH"},{"data":"Barrage","floor":10,"key":"SMITH"},{"data":"Tempest","floor":12,"key":"SMITH"},{"data":"Dualcast","floor":15,"key":"SMITH"}],"neow_cost":"NONE","seed_source_timestamp":493500010863200,"circlet_count":0,"master_deck":["AscendersBane","Defend_B","Defend_B","Defend_B","Defend_B","Zap+1","Dualcast+1","Tempest+1","Barrage+1","Hologram+1","Undo+1","All For One","Rainbow+1","Rip and Tear+1","Genetic Algorithm+1","Self Repair","Conserve Battery+1"],"relics":["Cracked Core","NeowsBlessing","PreservedInsect","Golden Idol","Turnip","Pear","Toxic Egg 2","ClockworkSouvenir","Astrolabe"],"potions_floor_usage":[8,11,16],"damage_taken":[{"damage":0,"enemies":"Small Slimes","floor":1,"turns":1},{"damage":0,"enemies":"Cultist","floor":3,"turns":1},{"damage":0,"enemies":"2 Louse","floor":7,"turns":1},{"damage":10,"enemies":"Lagavulin","floor":8,"turns":6},{"damage":0,"enemies":"Gremlin Nob","floor":11,"turns":2},{"damage":14,"enemies":"Exordium Thugs","floor":13,"turns":4},{"damage":47,"enemies":"Slime Boss","floor":16,"turns":8},{"damage":28,"enemies":"2 Thieves","floor":18,"turns":4},{"damage":19,"enemies":"Masked Bandits","floor":21,"turns":3}],"seed_played":"-586553908371943017","potions_obtained":[{"floor":1,"key":"Weak Potion"},{"floor":8,"key":"FearPotion"},{"floor":13,"key":"Regen Potion"},{"floor":16,"key":"Ancient Potion"},{"floor":18,"key":"Strength Potion"}],"is_trial":false,"path_per_floor":["M","?","M","$","?","R","M","E","T","R","E","R","M","$","R","B",null,"M","$","?","?"],"character_chosen":"DEFECT","items_purchased":["PreservedInsect","ClockworkSouvenir","Conserve Battery+1"],"campfire_rested":0,"item_purchase_floors":[4,14,19],"current_hp_per_floor":[64,64,64,64,64,64,64,54,64,64,64,64,50,50,50,18,60,32,32,32,13],"gold":99,"neow_bonus":"THREE_ENEMY_KILL","is_prod":false,"is_daily":false,"chose_seed":false,"campfire_upgraded":4,"win_rate":0,"timestamp":1563443290,"path_taken":["M","?","M","?","?","R","?","E","T","R","E","R","M","?","R","BOSS","M","$","?","?"],"build_version":"2019-07-17","purchased_purges":1,"victory":false,"max_hp_per_floor":[71,71,71,71,64,64,64,64,74,74,74,74,74,74,74,74,74,74,74,74,74],"card_choices":[{"not_picked":["Steam Power","Storm","Hello World"],"picked":"SKIP","floor":1},{"not_picked":["Static Discharge","Redo","Beam Cell"],"picked":"SKIP","floor":3},{"not_picked":["Blizzard","Storm"],"picked":"Tempest","floor":7},{"not_picked":["Chill","Reboot"],"picked":"Barrage","floor":8},{"not_picked":["Stack","Rip and Tear"],"picked":"Hologram","floor":11},{"not_picked":["Streamline","Hello World"],"picked":"Undo+1","floor":13},{"not_picked":["Amplify+1","Multi-Cast+1"],"picked":"All For One","floor":16},{"not_picked":["Streamline","Hologram+1"],"picked":"Self Repair","floor":18}],"player_experience":1091745,"relics_obtained":[{"floor":8,"key":"Turnip"},{"floor":9,"key":"Pear"},{"floor":11,"key":"Toxic Egg 2"}],"event_choices":[{"damage_healed":0,"gold_gain":275,"player_choice":"Desecrate","damage_taken":0,"max_hp_gain":0,"max_hp_loss":0,"event_name":"Golden Shrine","floor":2,"gold_loss":0,"cards_obtained":["Regret"]},{"damage_healed":0,"gold_gain":0,"player_choice":"Lose Max HP","damage_taken":0,"relics_obtained":["Golden Idol"],"max_hp_gain":0,"max_hp_loss":7,"event_name":"Golden Idol","floor":5,"gold_loss":0},{"cards_removed":["Strike_B"],"damage_healed":0,"gold_gain":0,"player_choice":"Elegance","damage_taken":0,"max_hp_gain":0,"max_hp_loss":0,"event_name":"Back to Basics","floor":20,"gold_loss":0},{"damage_healed":0,"gold_gain":0,"player_choice":"Fought Bandits","damage_taken":0,"max_hp_gain":0,"max_hp_loss":0,"event_name":"Masked Bandits","floor":21,"gold_loss":0}],"is_beta":false,"boss_relics":[{"not_picked":["Philosopher\u0027s Stone","White Beast Statue"],"picked":"Astrolabe"}],"items_purged_floors":[4],"is_endless":false,"potions_floor_spawned":[1,8,13,16,18],"killed_by":"Masked Bandits","ascension_level":20}