{"gold_per_floor":[114,114,114,114,39,71,71,97,97,115,144,144,94,125,125,202,202,213,5,34,34,44,44,44,77,151,169,197,209,209,226,226,303,303,319,336,336,352,352,387,387,412,439,449,158,158,177,208,208,208,208,208,208,23,50,50],"floor_reached":57,"playtime":2986,"items_purged":["Strike_B","Strike_B","Defend_B","Zap"],"score":3083,"play_id":"97d55d67-962b-41a8-b5eb-a51d06aea47a","local_time":"20190615231316","is_ascension_mode":true,"campfire_choices":[{"data":"Electrodynamics","floor":7.0,"key":"SMITH"},{"floor":12.0,"key":"REST"},{"data":"Fission","floor":15.0,"key":"SMITH"},{"data":"Reboot","floor":23.0,"key":"SMITH"},{"data":"Blizzard","floor":32.0,"key":"SMITH"},{"floor":41.0,"key":"RECALL"},{"data":"Creative AI","floor":46.0,"key":"SMITH"},{"data":"Coolheaded","floor":49.0,"key":"SMITH"},{"data":"Double Energy","floor":53.0,"key":"SMITH"}],"neow_cost":"NONE","seed_source_timestamp":114552778589800,"circlet_count":0,"master_deck":["AscendersBane","Defend_B","Dualcast","Electrodynamics+1","White Noise","Cold Snap+1","Fission+1","Glacier","Echo Form","Double Energy+1","Reboot+1","Coolheaded+1","Multi-Cast+1","Hologram+1","Blizzard+1","Echo Form","Creative AI+1","Purity+1","PanicButton+1","Loop+1","Heatsinks+1","Glacier+1","Coolheaded+1","Core Surge+1","Defragment+1"],"special_seed":0,"relics":["Cracked Core","Orichalcum","Bronze Scales","Du-Vu Doll","Smiling Mask","DataDisk","Coffee Dripper","Art of War","Red Mask","Dodecahedron","Toxic Egg 2","Vajra","Empty Cage","Frozen Egg 2","Meat on the Bone","Anchor","Happy Flower","Turnip","Whetstone"],"potions_floor_usage":[56,56],"damage_taken":[{"damage":7.0,"enemies":"Jaw Worm","floor":1.0,"turns":3.0},{"damage":20.0,"enemies":"3 Sentries","floor":6.0,"turns":3.0},{"damage":22.0,"enemies":"Lagavulin","floor":8.0,"turns":7.0},{"damage":0.0,"enemies":"Small Slimes","floor":10.0,"turns":2.0},{"damage":6.0,"enemies":"Gremlin Nob","floor":11.0,"turns":3.0},{"damage":0.0,"enemies":"Lagavulin","floor":14.0,"turns":6.0},{"damage":32.0,"enemies":"The Guardian","floor":16.0,"turns":9.0},{"damage":0.0,"enemies":"2 Thieves","floor":18.0,"turns":3.0},{"damage":0.0,"enemies":"Masked Bandits","floor":20.0,"turns":2.0},{"damage":0.0,"enemies":"3 Byrds","floor":22.0,"turns":1.0},{"damage":6.0,"enemies":"Book of Stabbing","floor":25.0,"turns":5.0},{"damage":3.0,"enemies":"Cultist and Chosen","floor":27.0,"turns":6.0},{"damage":14.0,"enemies":"Slavers","floor":28.0,"turns":4.0},{"damage":2.0,"enemies":"Centurion and Healer","floor":29.0,"turns":6.0},{"damage":9.0,"enemies":"Shelled Parasite and Fungi","floor":31.0,"turns":4.0},{"damage":0.0,"enemies":"Champ","floor":33.0,"turns":14.0},{"damage":0.0,"enemies":"3 Darklings","floor":35.0,"turns":2.0},{"damage":2.0,"enemies":"3 Shapes","floor":36.0,"turns":3.0},{"damage":4.0,"enemies":"Jaw Worm Horde","floor":38.0,"turns":3.0},{"damage":37.0,"enemies":"Nemesis","floor":40.0,"turns":9.0},{"damage":0.0,"enemies":"Giant Head","floor":42.0,"turns":9.0},{"damage":0.0,"enemies":"Maw","floor":44.0,"turns":7.0},{"damage":25.0,"enemies":"Transient","floor":47.0,"turns":6.0},{"damage":2.0,"enemies":"Nemesis","floor":48.0,"turns":7.0},{"damage":2.0,"enemies":"Donu and Deca","floor":50.0,"turns":5.0},{"damage":0.0,"enemies":"Time Eater","floor":51.0,"turns":11.0},{"damage":53.0,"enemies":"Shield and Spear","floor":55.0,"turns":8.0},{"damage":2,"enemies":"The Heart","floor":56,"turns":10}],"seed_played":"4398425676685502209","potions_obtained":[{"floor":6.0,"key":"AttackPotion"},{"floor":10.0,"key":"Strength Potion"},{"floor":11.0,"key":"Explosive Potion"},{"floor":25.0,"key":"EssenceOfSteel"},{"floor":29.0,"key":"Ancient Potion"},{"floor":31.0,"key":"Swift Potion"},{"floor":33.0,"key":"Poison Potion"},{"floor":42.0,"key":"AttackPotion"},{"floor":48.0,"key":"Swift Potion"}],"is_trial":false,"path_per_floor":["M","?","?","?","?","E","R","E","T","M","E","R","$","E","R","B",null,"M","$","?","T","M","R","?","E","T","M","E","M","?","M","R","B",null,"M","M","?","M","?","E","R","E","T","M","$","R","M","E","R","B","B",null,"R","$","E","B",null],"character_chosen":"DEFECT","items_purchased":["Art of War","FocusPotion","Happy Flower","Defragment+1","PowerPotion"],"campfire_rested":1,"item_purchase_floors":[19,45,45,54,54],"current_hp_per_floor":[57,50,50,71,71,51,51,29,29,29,23,44,44,44,44,12,56,56,56,56,56,56,56,56,50,50,61,54,59,59,64,64,71,71,71,71,71,67,57,20,20,20,20,32,32,32,19,29,29,39,39,63,63,63,22,32],"gold":50,"neow_bonus":"ONE_RANDOM_RARE_CARD","is_prod":false,"is_daily":false,"chose_seed":false,"campfire_upgraded":7,"win_rate":0,"timestamp":1560607996,"path_taken":["M","?","?","?","?","E","R","E","T","M","E","R","$","E","R","BOSS","M","$","?","?","?","R","?","E","T","M","E","M","?","M","R","BOSS","M","?","?","M","?","E","R","E","T","M","?","R","?","E","R","BOSS","BOSS","R","$","E","BOSS"],"build_version":"2019-01-23","purchased_purges":4,"victory":true,"max_hp_per_floor":[71,71,71,71,71,71,71,71,71,71,71,71,71,71,71,71,71,71,71,71,71,71,71,71,71,71,71,71,71,71,71,71,71,71,71,71,71,71,71,71,71,71,71,71,71,71,71,71,71,71,71,71,71,71,71,71],"card_choices":[{"not_picked":["Compile Driver","Stack"],"picked":"White Noise","floor":1.0},{"not_picked":["Go for the Eyes","Redo"],"picked":"Cold Snap","floor":6.0},{"not_picked":["Ball Lightning","Beam Cell"],"picked":"Fission","floor":8.0},{"not_picked":["Darkness","Genetic Algorithm"],"picked":"Glacier","floor":10.0},{"not_picked":["Redo","Self Repair"],"picked":"Echo Form","floor":11.0},{"not_picked":["Go for the Eyes","Reprogram"],"picked":"Double Energy","floor":14.0},{"not_picked":["All For One","Meteor Strike"],"picked":"Reboot","floor":16.0},{"not_picked":["Steam","Barrage","Go for the Eyes"],"picked":"SKIP","floor":18.0},{"not_picked":["Tempest","Streamline"],"picked":"Coolheaded","floor":22.0},{"not_picked":["Turbo","Loop+1"],"picked":"Self Repair","floor":25.0},{"not_picked":["Compile Driver","BootSequence+1"],"picked":"Multi-Cast+1","floor":27.0},{"not_picked":["Gash","Stack+1"],"picked":"Hologram+1","floor":28.0},{"not_picked":["Double Energy+1","Cold Snap"],"picked":"Blizzard","floor":29.0},{"not_picked":["Gash","Sunder","Lockon"],"picked":"SKIP","floor":31.0},{"not_picked":["Electrodynamics","All For One"],"picked":"Creative AI","floor":33.0},{"not_picked":["Go for the Eyes","Sweeping Beam","Rebound+1"],"picked":"SKIP","floor":35.0},{"not_picked":["Leap+1","Streamline+1","Auto Shields+1"],"picked":"SKIP","floor":36.0},{"not_picked":["Gash","Ball Lightning+1","Stack+1"],"picked":"SKIP","floor":38.0},{"not_picked":["Enlightenment+1","Blind+1"],"picked":"Purity+1","floor":39.0},{"not_picked":["Good Instincts+1","Impatience+1"],"picked":"PanicButton+1","floor":39.0},{"not_picked":["Stack+1","Gash+1"],"picked":"Loop+1","floor":40.0},{"not_picked":["Go for the Eyes+1","Hello World+1"],"picked":"Heatsinks+1","floor":42.0},{"not_picked":["Double Energy+1","Undo+1"],"picked":"Glacier+1","floor":44.0},{"not_picked":["Conserve Battery+1","Go for the Eyes+1"],"picked":"Coolheaded+1","floor":47.0},{"not_picked":["FTL+1","Turbo+1"],"picked":"Core Surge","floor":48.0},{"not_picked":["Meteor Strike","Leap+1","Static Discharge+1"],"picked":"SKIP","floor":55.0}],"player_experience":678938,"relics_obtained":[{"floor":6.0,"key":"Orichalcum"},{"floor":8.0,"key":"Bronze Scales"},{"floor":9.0,"key":"Du-Vu Doll"},{"floor":11.0,"key":"Smiling Mask"},{"floor":14.0,"key":"DataDisk"},{"floor":20.0,"key":"Red Mask"},{"floor":25.0,"key":"Dodecahedron"},{"floor":26.0,"key":"Toxic Egg 2"},{"floor":28.0,"key":"Vajra"},{"floor":40.0,"key":"Frozen Egg 2"},{"floor":42.0,"key":"Meat on the Bone"},{"floor":43.0,"key":"Anchor"},{"floor":48.0,"key":"Turnip"},{"floor":55.0,"key":"Whetstone"}],"event_choices":[{"cards_removed":["Strike_B"],"damage_healed":0.0,"max_hp_gain":0.0,"max_hp_loss":0.0,"gold_gain":0.0,"event_name":"Golden Wing","player_choice":"Card Removal","floor":2.0,"gold_loss":0.0,"damage_taken":7.0},{"damage_healed":0.0,"max_hp_gain":0.0,"max_hp_loss":0.0,"gold_gain":0.0,"event_name":"Liars Game","player_choice":"Ignored","floor":3.0,"gold_loss":0.0,"damage_taken":0.0},{"damage_healed":23.0,"max_hp_gain":0.0,"max_hp_loss":0.0,"gold_gain":0.0,"event_name":"Big Fish","player_choice":"Banana","floor":4.0,"gold_loss":0.0,"damage_taken":0.0},{"cards_removed":["Defend_B"],"damage_healed":0.0,"max_hp_gain":0.0,"max_hp_loss":0.0,"gold_gain":0.0,"event_name":"The Cleric","player_choice":"Card Removal","floor":5.0,"gold_loss":75.0,"damage_taken":0.0},{"damage_healed":0.0,"max_hp_gain":0.0,"max_hp_loss":0.0,"gold_gain":0.0,"event_name":"Masked Bandits","player_choice":"Fought Bandits","floor":20.0,"gold_loss":0.0,"damage_taken":0.0},{"damage_healed":0.0,"max_hp_gain":0.0,"max_hp_loss":0.0,"gold_gain":0.0,"event_name":"The Mausoleum","player_choice":"Ignored","floor":24.0,"gold_loss":0.0,"damage_taken":0.0},{"damage_healed":0.0,"max_hp_gain":0.0,"max_hp_loss":0.0,"gold_gain":0.0,"event_name":"Duplicator","player_choice":"Copied","floor":30.0,"gold_loss":0.0,"damage_taken":0.0,"cards_obtained":["Echo Form"]},{"cards_removed":["Self Repair"],"damage_healed":0.0,"max_hp_gain":0.0,"max_hp_loss":0.0,"gold_gain":0.0,"event_name":"Falling","player_choice":"Removed Power","floor":37.0,"gold_loss":0.0,"damage_taken":0.0},{"damage_healed":0.0,"max_hp_gain":0.0,"max_hp_loss":0.0,"gold_gain":0.0,"event_name":"SensoryStone","player_choice":"Memory 3","floor":39.0,"gold_loss":0.0,"damage_taken":10.0}],"is_beta":false,"boss_relics":[{"not_picked":["Eternal Feather","Orrery"],"picked":"Coffee Dripper"},{"not_picked":["Cursed Key","Tiny House"],"picked":"Empty Cage"}],"items_purged_floors":[13,19,45,54],"is_endless":false,"potions_floor_spawned":[6,10,11,14,18,25,29,31,33,35,42,44,48,55],"ascension_level":20}