{"gold_per_floor":[113,113,38,49,49,49,75,75,75,93,93,93,128,78,78,152,152,165,180,14,64,81,95,95],"floor_reached":24,"playtime":718,"items_purged":["Strike_B","Defend_B"],"score":508,"play_id":"c825bfde-1785-4127-8f0d-a7a1f1338097","local_time":"20190724202955","is_ascension_mode":true,"campfire_choices":[{"data":"Recycle","floor":6,"key":"SMITH"},{"data":"Coolheaded","floor":8,"key":"SMITH"},{"floor":12,"key":"REST"},{"data":"Zap","floor":15,"key":"SMITH"}],"neow_cost":"NONE","seed_source_timestamp":449938978311000,"circlet_count":0,"master_deck":["AscendersBane","Defend_B","Defend_B+1","Zap+1","Dualcast","Coolheaded+1","Recycle+1","Ball Lightning","Cold Snap+1","All For One","Fission","Tempest+1","Melter+1","Lockon+1","Glacier","Meteor Strike","Coolheaded","Turbo","Defragment"],"relics":["Cracked Core","NeowsBlessing","PreservedInsect","Ancient Tea Set","Question Card","Singing Bowl","Smiling Mask","Astrolabe"],"potions_floor_usage":[16,18,19,24],"damage_taken":[{"damage":0,"enemies":"Small Slimes","floor":1,"turns":1},{"damage":0,"enemies":"Jaw Worm","floor":4,"turns":1},{"damage":0,"enemies":"3 Sentries","floor":7,"turns":1},{"damage":9,"enemies":"2 Louse","floor":10,"turns":2},{"damage":0,"enemies":"Gremlin Nob","floor":13,"turns":2},{"damage":8,"enemies":"Slime Boss","floor":16,"turns":9},{"damage":22,"enemies":"3 Byrds","floor":18,"turns":4},{"damage":0,"enemies":"Chosen","floor":19,"turns":2},{"damage":16,"enemies":"Snake Plant","floor":22,"turns":3},{"damage":0,"enemies":"Snecko","floor":23,"turns":3},{"damage":32,"enemies":"Slavers","floor":24,"turns":1}],"seed_played":"-1113650426074245485","potions_obtained":[{"floor":1,"key":"FocusPotion"},{"floor":4,"key":"Energy Potion"},{"floor":18,"key":"Ancient Potion"},{"floor":19,"key":"Energy Potion"}],"is_trial":false,"path_per_floor":["M","?","?","M","?","R","E","R","T","M","?","R","E","$","R","B",null,"M","M","$","?","M","M","E"],"character_chosen":"DEFECT","items_purchased":["Coolheaded","Turbo"],"campfire_rested":1,"item_purchase_floors":[20,20],"current_hp_per_floor":[64,46,46,46,46,46,46,46,46,37,16,37,37,37,37,29,61,39,39,39,39,23,25,0],"gold":95,"neow_bonus":"THREE_ENEMY_KILL","is_prod":false,"is_daily":false,"chose_seed":false,"campfire_upgraded":3,"win_rate":0,"timestamp":1563967795,"path_taken":["M","?","?","M","?","R","E","R","T","?","?","R","E","?","R","BOSS","M","M","$","?","M","?","E"],"build_version":"2019-07-17","purchased_purges":2,"victory":false,"max_hp_per_floor":[71,71,71,71,71,71,71,71,71,71,71,71,71,71,71,71,71,71,71,71,71,71,73,73],"card_choices":[{"not_picked":["Conserve Battery","Leap"],"picked":"Coolheaded","floor":1},{"not_picked":["Hologram","Streamline"],"picked":"Recycle","floor":4},{"not_picked":["Melter","Genetic Algorithm"],"picked":"Ball Lightning","floor":7},{"not_picked":["Beam Cell","BootSequence","Leap"],"picked":"Cold Snap","floor":10},{"not_picked":["Rebound","Reprogram","Redo"],"picked":"All For One","floor":13},{"not_picked":["Creative AI","Thunder Strike","Core Surge"],"picked":"Fission","floor":16},{"not_picked":["Sunder","Streamline+1","Compile Driver"],"picked":"Glacier","floor":18},{"not_picked":["Coolheaded","Cold Snap","Undo+1"],"picked":"Meteor Strike","floor":19},{"not_picked":["Coolheaded","Leap","Streamline+1"],"picked":"Defragment","floor":22},{"not_picked":["Rip and Tear","Compile Driver","Steam","Ball Lightning"],"picked":"Singing Bowl","floor":23}],"player_experience":1186602,"relics_obtained":[{"floor":5,"key":"Ancient Tea Set"},{"floor":7,"key":"Question Card"},{"floor":9,"key":"Singing Bowl"},{"floor":13,"key":"Smiling Mask"}],"event_choices":[{"damage_healed":0,"gold_gain":0,"player_choice":"Success","damage_taken":18,"relics_obtained":["PreservedInsect"],"max_hp_gain":0,"max_hp_loss":0,"event_name":"Scrap Ooze","floor":2,"gold_loss":0},{"cards_removed":["Defend_B"],"damage_healed":0,"gold_gain":0,"player_choice":"Card Removal","damage_taken":0,"max_hp_gain":0,"max_hp_loss":0,"event_name":"The Cleric","floor":3,"gold_loss":75},{"damage_healed":0,"gold_gain":0,"player_choice":"Relic","damage_taken":0,"max_hp_gain":0,"max_hp_loss":0,"event_name":"Wheel of Change","floor":5,"gold_loss":0},{"damage_healed":0,"gold_gain":0,"player_choice":"Entered Light","damage_taken":21,"max_hp_gain":0,"max_hp_loss":0,"event_name":"Shining Light","floor":11,"gold_loss":0,"cards_upgraded":["Cold Snap","Defend_B"]},{"damage_healed":0,"gold_gain":50,"player_choice":"Pray","damage_taken":0,"max_hp_gain":0,"max_hp_loss":0,"event_name":"Golden Shrine","floor":21,"gold_loss":0}],"is_beta":false,"boss_relics":[{"not_picked":["Inserter","Pandora\u0027s Box"],"picked":"Astrolabe"}],"items_purged_floors":[14,20],"is_endless":false,"potions_floor_spawned":[1,4,18,19],"killed_by":"Slavers","ascension_level":20}