{"gold_per_floor":[119,130,130,95,6,6,40,40,94,94,112,112,112],"floor_reached":13,"playtime":252,"items_purged":[],"score":142,"play_id":"4ef37603-6b31-40a8-9132-60ac975c19c9","local_time":"20190726193518","is_ascension_mode":true,"campfire_choices":[{"data":"Catalyst","floor":6,"key":"SMITH"},{"data":"Footwork","floor":8,"key":"SMITH"},{"floor":10,"key":"REST"},{"data":"Deadly Poison","floor":12,"key":"SMITH"}],"neow_cost":"TEN_PERCENT_HP_LOSS","seed_source_timestamp":619931509220100,"circlet_count":0,"master_deck":["AscendersBane","Strike_G","Strike_G","Strike_G","Defend_G","Defend_G","Defend_G","Defend_G","Defend_G","Survivor","Neutralize","Eviscerate","Skewer","Calculated Gamble","Deadly Poison+1","Catalyst+1","Footwork+1"],"relics":["Ring of the Snake","Golden Idol","Odd Mushroom","Centennial Puzzle"],"potions_floor_usage":[7],"damage_taken":[{"damage":0,"enemies":"2 Louse","floor":1,"turns":4},{"damage":4,"enemies":"Small Slimes","floor":2,"turns":4},{"damage":40,"enemies":"The Mushroom Lair","floor":7,"turns":5},{"damage":0,"enemies":"Cultist","floor":11,"turns":3},{"damage":10,"enemies":"Gremlin Nob","floor":13,"turns":3}],"seed_played":"-7914265574554825225","potions_obtained":[{"floor":1,"key":"SkillPotion"},{"floor":11,"key":"LiquidBronze"}],"is_trial":false,"path_per_floor":["M","M","?","?","$","R","?","R","T","R","M","R","E"],"character_chosen":"THE_SILENT","items_purchased":["Catalyst"],"campfire_rested":1,"item_purchase_floors":[5],"current_hp_per_floor":[59,55,34,49,49,49,9,9,9,27,27,27,17],"gold":112,"neow_bonus":"TRANSFORM_TWO_CARDS","is_prod":false,"is_daily":false,"chose_seed":false,"campfire_upgraded":3,"win_rate":0,"timestamp":1564137318,"path_taken":["M","M","?","?","$","R","?","R","T","R","M","R","E"],"build_version":"2019-07-17","purchased_purges":0,"victory":false,"max_hp_per_floor":[60,60,60,60,60,60,60,60,60,60,60,60,60],"card_choices":[{"not_picked":["Dodge and Roll","Sucker Punch"],"picked":"Calculated Gamble","floor":1},{"not_picked":["Poisoned Stab","Prepared"],"picked":"Deadly Poison","floor":2},{"not_picked":["Blur","Choke"],"picked":"Footwork","floor":7},{"not_picked":["Underhanded Strike","Eviscerate","Phantasmal Killer"],"picked":"SKIP","floor":11}],"player_experience":1230002,"relics_obtained":[{"floor":7,"key":"Odd Mushroom"},{"floor":9,"key":"Centennial Puzzle"}],"event_choices":[{"damage_healed":0,"gold_gain":0,"player_choice":"Take Damage","damage_taken":21,"relics_obtained":["Golden Idol"],"max_hp_gain":0,"max_hp_loss":0,"event_name":"Golden Idol","floor":3,"gold_loss":0},{"damage_healed":15,"gold_gain":0,"player_choice":"Healed","damage_taken":0,"max_hp_gain":0,"max_hp_loss":0,"event_name":"The Cleric","floor":4,"gold_loss":35},{"damage_healed":0,"gold_gain":0,"player_choice":"Fought Mushrooms","damage_taken":0,"max_hp_gain":0,"max_hp_loss":0,"event_name":"Mushrooms","floor":7,"gold_loss":0}],"is_beta":false,"boss_relics":[],"items_purged_floors":[],"is_endless":false,"potions_floor_spawned":[1,11],"killed_by":"Gremlin Nob","ascension_level":20}