{"gold_per_floor":[118,68,87,87,100,100,128,32,32,63,63,82,82,97,97,202,202,212,212,212,226,30,30,57,57,130,2,2,30,50,70,70,172,172,184,15,25,37,54,54,68,102,184,199,224,224,224,0,0,0],"floor_reached":51,"playtime":2538,"items_purged":[],"score":1384,"play_id":"07db43b8-4238-4dfd-8906-f73a4c500f09","local_time":"20190628175601","is_ascension_mode":true,"campfire_choices":[{"floor":6.0,"key":"REST"},{"data":"Prepared","floor":13.0,"key":"SMITH"},{"floor":15.0,"key":"REST"},{"floor":23.0,"key":"REST"},{"floor":25.0,"key":"REST"},{"floor":32.0,"key":"REST"},{"floor":40.0,"key":"REST"},{"data":"Prepared","floor":46,"key":"SMITH"},{"floor":49,"key":"REST"}],"neow_cost":"PERCENT_DAMAGE","seed_source_timestamp":1290819537164759,"circlet_count":0,"master_deck":["AscendersBane","Defend_G","Defend_G","Defend_G","Defend_G","Defend_G","Strike_G","Strike_G","Strike_G","Strike_G","Strike_G","Survivor","Neutralize","Glass Knife+1","Underhanded Strike","Prepared+1","Terror","Prepared","Dagger Throw","Underhanded Strike","Predator","Flying Knee","Riddle With Holes","Prepared","Backstab","Storm of Steel","Prepared+1","Blade Dance","Necronomicurse","Escape Plan","Underhanded Strike","Backstab","Finesse","Slice","Prepared","Glass Knife","Acrobatics","Wraith Form v2","Dagger Throw","Cloak And Dagger+1","Escape Plan","Flying Knee+1","Flying Knee+1","Acrobatics","Bandage Up","Unload","Heel Hook+1","Dagger Throw","Storm of Steel","Eviscerate+1","Choke+1","Cloak And Dagger+1","Flying Knee+1","Blade Dance","Reflex+1","Dagger Spray","Acrobatics+1","Unload","Dramatic Entrance","Flash of Steel","Panache","Slice"],"special_seed":0,"relics":["Ring of the Snake","Mango","Prayer Wheel","Shuriken","The Courier","Sozu","Necronomicon","Regal Pillow","Matryoshka","Anchor","WristBlade","Dream Catcher","Pear","Unceasing Top","Red Mask"],"potions_floor_usage":[],"damage_taken":[{"damage":0.0,"enemies":"Small Slimes","floor":1.0,"turns":3.0},{"damage":0.0,"enemies":"Jaw Worm","floor":3.0,"turns":3.0},{"damage":0.0,"enemies":"2 Louse","floor":5.0,"turns":2.0},{"damage":10.0,"enemies":"Lagavulin","floor":7.0,"turns":5.0},{"damage":0.0,"enemies":"Gremlin Nob","floor":10.0,"turns":2.0},{"damage":3.0,"enemies":"Large Slime","floor":12.0,"turns":3.0},{"damage":1.0,"enemies":"Red Slaver","floor":14.0,"turns":2.0},{"damage":52.0,"enemies":"Hexaghost","floor":16.0,"turns":6.0},{"damage":6.0,"enemies":"Spheric Guardian","floor":18.0,"turns":3.0},{"damage":2.0,"enemies":"Chosen","floor":21.0,"turns":2.0},{"damage":23.0,"enemies":"Gremlin Leader","floor":24.0,"turns":4.0},{"damage":22.0,"enemies":"Book of Stabbing","floor":29.0,"turns":3.0},{"damage":0.0,"enemies":"Sentry and Sphere","floor":30.0,"turns":2.0},{"damage":4.0,"enemies":"Centurion and Healer","floor":31.0,"turns":3.0},{"damage":32.0,"enemies":"Automaton","floor":33.0,"turns":6.0},{"damage":0.0,"enemies":"Orb Walker","floor":35.0,"turns":1.0},{"damage":23.0,"enemies":"3 Darklings","floor":37.0,"turns":4.0},{"damage":0.0,"enemies":"Transient","floor":38.0,"turns":5.0},{"damage":0.0,"enemies":"Spire Growth","floor":39.0,"turns":2.0},{"damage":0.0,"enemies":"Jaw Worm Horde","floor":41.0,"turns":3.0},{"damage":0.0,"enemies":"Reptomancer","floor":42.0,"turns":3.0},{"damage":0,"enemies":"4 Shapes","floor":44,"turns":2},{"damage":11,"enemies":"Nemesis","floor":45,"turns":3},{"damage":82,"enemies":"Awakened One","floor":50,"turns":7}],"seed_played":"1753641730990361946","potions_obtained":[{"floor":5.0,"key":"Weak Potion"},{"floor":10.0,"key":"Poison Potion"},{"floor":14.0,"key":"Energy Potion"}],"is_trial":false,"path_per_floor":["M","$","M","?","M","R","E","$","T","E","?","M","R","M","R","B",null,"M","?","?","M","$","R","E","R","T","$","?","E","M","M","R","B",null,"M","$","M","M","M","R","M","E","T","M","E","R","?","?","R","B",null],"character_chosen":"THE_SILENT","items_purchased":["AttackPotion","Dagger Throw","Underhanded Strike","Underhanded Strike","Backstab","Finesse","Slice","Glass Knife","Acrobatics","Bandage Up","Unload"],"campfire_rested":7,"item_purchase_floors":[2,8,8,22,22,22,22,27,36,36,36],"current_hp_per_floor":[45,45,45,45,45,66,70,70,70,70,63,60,60,59,84,32,71,65,65,49,47,47,72,49,84,84,84,84,62,62,58,84,52,76,76,76,57,57,57,84,84,84,94,94,83,83,73,73,94,12],"gold":0,"neow_bonus":"THREE_RARE_CARDS","is_prod":false,"is_daily":false,"chose_seed":false,"campfire_upgraded":2,"win_rate":0,"timestamp":1561733761,"path_taken":["M","$","M","?","M","R","E","$","T","E","?","M","R","M","R","BOSS","M","?","?","M","$","R","E","R","T","$","?","E","M","?","R","BOSS","M","$","M","M","M","R","M","E","T","M","E","R","?","?","R","BOSS"],"build_version":"2019-01-23","purchased_purges":0,"victory":true,"max_hp_per_floor":[70,70,70,70,70,70,84,84,84,84,84,84,84,84,84,84,84,84,84,84,84,84,84,84,84,84,84,84,84,84,84,84,84,84,84,84,84,84,84,84,84,84,94,94,94,94,94,94,94,94],"card_choices":[{"not_picked":["Wraith Form v2","Venomology"],"picked":"Glass Knife","floor":0.0},{"not_picked":["Backflip","Outmaneuver"],"picked":"Underhanded Strike","floor":1.0},{"not_picked":["Blade Dance","Riddle With Holes"],"picked":"Prepared","floor":3.0},{"not_picked":["Distraction","Flying Knee"],"picked":"Terror","floor":5.0},{"not_picked":["Well Laid Plans","Eviscerate"],"picked":"Prepared","floor":7.0},{"not_picked":["Unload","Deadly Poison"],"picked":"Predator","floor":10.0},{"not_picked":["Terror","Deflect"],"picked":"Flying Knee","floor":12.0},{"not_picked":["Crippling Poison","Masterful Stab"],"picked":"Riddle With Holes","floor":12.0},{"not_picked":["Heel Hook","Outmaneuver"],"picked":"Prepared","floor":14.0},{"not_picked":["Prepared","Deflect"],"picked":"Backstab","floor":14.0},{"not_picked":["A Thousand Cuts","Unload"],"picked":"Storm of Steel","floor":16.0},{"not_picked":["Sucker Punch","Flechettes"],"picked":"Prepared","floor":18.0},{"not_picked":["Blur+1","Outmaneuver+1"],"picked":"Blade Dance","floor":18.0},{"not_picked":["PiercingWail","Blade Dance"],"picked":"Escape Plan","floor":21.0},{"not_picked":["Noxious Fumes","Bouncing Flask","Poisoned Stab"],"picked":"SKIP","floor":21.0},{"not_picked":["Endless Agony","Terror"],"picked":"Prepared","floor":24.0},{"not_picked":["Underhanded Strike","Slice"],"picked":"Acrobatics","floor":29.0},{"not_picked":["Sucker Punch","Noxious Fumes"],"picked":"Wraith Form v2","floor":30.0},{"not_picked":["Backflip","Choke"],"picked":"Dagger Throw","floor":30.0},{"not_picked":["Infinite Blades","Leg Sweep+1"],"picked":"Cloak And Dagger+1","floor":31.0},{"not_picked":["Sucker Punch","Eviscerate+1"],"picked":"Escape Plan","floor":31.0},{"not_picked":["Blade Dance","Choke+1"],"picked":"Flying Knee+1","floor":35.0},{"not_picked":["Skewer","Noxious Fumes+1"],"picked":"Flying Knee+1","floor":35.0},{"not_picked":["Sucker Punch","Deflect"],"picked":"Heel Hook+1","floor":37.0},{"not_picked":["Crippling Poison","Flying Knee"],"picked":"Dagger Throw","floor":37.0},{"not_picked":["Dodge and Roll+1","PiercingWail+1"],"picked":"Storm of Steel","floor":38.0},{"not_picked":["Reflex+1","Slice"],"picked":"Eviscerate+1","floor":38.0},{"not_picked":["PiercingWail+1","Outmaneuver+1"],"picked":"Choke+1","floor":39.0},{"not_picked":["Leg Sweep","Deflect+1"],"picked":"Cloak And Dagger+1","floor":39.0},{"not_picked":["Infinite Blades","Deadly Poison"],"picked":"Flying Knee+1","floor":41.0},{"not_picked":["Poisoned Stab","Slice+1"],"picked":"Blade Dance","floor":41.0},{"not_picked":["Heel Hook","Poisoned Stab+1"],"picked":"Reflex+1","floor":42},{"not_picked":["Envenom","Heel Hook+1"],"picked":"Dagger Spray","floor":44},{"not_picked":["Concentrate","Choke"],"picked":"Acrobatics+1","floor":44},{"not_picked":["Dodge and Roll","Acrobatics+1"],"picked":"Unload","floor":45},{"not_picked":["Secret Weapon","Bandage Up"],"picked":"Dramatic Entrance","floor":47},{"not_picked":["Thinking Ahead","HandOfGreed"],"picked":"Flash of Steel","floor":47},{"not_picked":["Panacea","Bandage Up"],"picked":"Panache","floor":47},{"not_picked":["Catalyst+1","Deflect"],"picked":"Slice","floor":49}],"player_experience":1594092,"relics_obtained":[{"floor":7.0,"key":"Mango"},{"floor":9.0,"key":"Prayer Wheel"},{"floor":10.0,"key":"Shuriken"},{"floor":20.0,"key":"Necronomicon"},{"floor":24.0,"key":"Regal Pillow"},{"floor":26.0,"key":"Matryoshka"},{"floor":29.0,"key":"Anchor"},{"floor":43,"key":"Dream Catcher"},{"floor":43,"key":"Pear"},{"floor":45,"key":"Unceasing Top"}],"event_choices":[{"damage_healed":0.0,"max_hp_gain":0.0,"max_hp_loss":0.0,"gold_gain":0.0,"event_name":"Living Wall","player_choice":"Grow","floor":4.0,"gold_loss":0.0,"damage_taken":0.0,"cards_upgraded":["Glass Knife"]},{"damage_healed":0.0,"max_hp_gain":0.0,"max_hp_loss":0.0,"gold_gain":0.0,"event_name":"Scrap Ooze","player_choice":"Success","floor":11.0,"gold_loss":0.0,"damage_taken":7.0,"relics_obtained":["The Courier"]},{"damage_healed":0.0,"max_hp_gain":0.0,"max_hp_loss":0.0,"gold_gain":0.0,"event_name":"Ghosts","player_choice":"Ignored","floor":19.0,"gold_loss":0.0,"damage_taken":0.0},{"damage_healed":0.0,"max_hp_gain":0.0,"max_hp_loss":0.0,"gold_gain":0.0,"event_name":"Cursed Tome","player_choice":"Obtained Book","floor":20.0,"gold_loss":0.0,"damage_taken":16.0},{"damage_healed":0.0,"max_hp_gain":0.0,"max_hp_loss":0.0,"gold_gain":0.0,"event_name":"Purifier","player_choice":"Ignored","floor":28.0,"gold_loss":0.0,"damage_taken":0.0},{"damage_healed":0,"gold_gain":0,"player_choice":"Memory 3","damage_taken":10,"max_hp_gain":0,"max_hp_loss":0,"event_name":"SensoryStone","floor":47,"gold_loss":0},{"damage_healed":0,"gold_gain":0,"player_choice":"Paid","damage_taken":0,"relics_obtained":["Red Mask"],"max_hp_gain":0,"max_hp_loss":0,"event_name":"Tomb of Lord Red Mask","floor":48,"gold_loss":224}],"is_beta":false,"boss_relics":[{"not_picked":["Pandora\u0027s Box","Cursed Key"],"picked":"Sozu"},{"not_picked":["Empty Cage","Busted Crown"],"picked":"WristBlade"}],"items_purged_floors":[],"is_endless":false,"potions_floor_spawned":[5,10,14,18,29,33,37,38,41,45],"ascension_level":11}