{"path_per_floor":["M","M","M","M","M","E","M","M","T","$","E","?","R","?","R","B",null,"M","$","?","M"],"character_chosen":"THE_SILENT","items_purchased":["Acrobatics","Regal Pillow","Dagger Spray","Energy Potion"],"gold_per_floor":[113,130,140,159,173,203,219,238,238,42,72,72,72,72,72,191,229,242,145,145,170],"floor_reached":22,"campfire_rested":2,"playtime":2216,"current_hp_per_floor":[66,66,66,61,55,25,16,16,16,16,2,2,38,38,70,39,75,50,50,50,32],"items_purged":[],"gold":170,"play_id":"882bf275-6a53-4787-aef5-ea00aed0affc","is_prod":false,"is_daily":false,"is_ascension_mode":false,"campfire_upgraded":0,"path_taken":["M","M","M","M","M","E","M","M","T","$","E","?","R","?","R","BOSS","M","$","?","M","M"],"build_version":"2018-02-01-PROD3","purchased_purges":0,"victory":false,"master_deck":["Defend_G","Defend_G","Defend_G","Defend_G","Defend_G","Strike_G","Strike_G","Strike_G","Strike_G","Strike_G","Survivor","Neutralize","Tools of the Trade","All Out Attack","Underhanded Strike","Underhanded Strike","Dagger Throw","Outmaneuver","Dagger Spray","Prepared","Acrobatics","Eviscerate","Injury","Envenom","PiercingWail","Quick Slash","Dagger Spray","Acrobatics","Poisoned Stab"],"max_hp_per_floor":[70,70,70,70,70,70,70,70,70,70,70,70,70,70,70,70,75,75,75,75,75],"relics":["Ring of the Snake","Bag of Marbles","Ice Cream","Regal Pillow","Matryoshka","Golden Idol","Tiny House"],"card_choices":[{"not_picked":["Noxious Fumes","Heel Hook"],"picked":"All Out Attack"},{"not_picked":["Quick Slash","All Out Attack"],"picked":"Underhanded Strike"},{"not_picked":["Well Laid Plans","Heel Hook"],"picked":"Underhanded Strike"},{"not_picked":["Infinite Blades","Phantasmal Killer"],"picked":"Dagger Throw"},{"not_picked":["Skewer","Malaise"],"picked":"Outmaneuver"},{"not_picked":["Catalyst","Heel Hook"],"picked":"Dagger Spray"},{"not_picked":["Terror","Outmaneuver"],"picked":"Prepared"},{"not_picked":["Tools of the Trade","Flying Knee"],"picked":"Eviscerate"},{"not_picked":["Doppelganger","Bullet Time"],"picked":"Envenom"},{"not_picked":["Bane","Poisoned Stab"],"picked":"PiercingWail"},{"not_picked":["Noxious Fumes","Footwork"],"picked":"Quick Slash"},{"not_picked":["Sucker Punch","Flechettes"],"picked":"Poisoned Stab"}],"player_experience":72024,"potions_floor_usage":[3,5,5,16,16,16,18,21,21,22],"damage_taken":[{"damage":4,"enemies":"Cultist","floor":1,"turns":5},{"damage":0,"enemies":"Blue Slaver","floor":2,"turns":6},{"damage":0,"enemies":"Small Slimes","floor":3,"turns":2},{"damage":5,"enemies":"Looter","floor":4,"turns":4},{"damage":6,"enemies":"3 Louse","floor":5,"turns":4},{"damage":30,"enemies":"Lagavulin","floor":6,"turns":7},{"damage":9,"enemies":"Exordium Thugs","floor":7,"turns":3},{"damage":0,"enemies":"Lots of Slimes","floor":8,"turns":1},{"damage":14,"enemies":"3 Sentries","floor":11,"turns":5},{"damage":31,"enemies":"The Guardian","floor":16,"turns":9},{"damage":25,"enemies":"Shell Parasite","floor":18,"turns":5},{"damage":18,"enemies":"Chosen","floor":21,"turns":5},{"damage":33,"enemies":"Centurion and Healer","floor":22,"turns":6}],"event_choices":[{"event_name":"The Lab","player_choice":"Got Potions","floor":12,"damage_taken":0},{"event_name":"Golden Idol","player_choice":"Take Wound","floor":14,"damage_taken":0},{"event_name":"Duplicator","player_choice":"One dupe","floor":20,"damage_taken":0}],"boss_relics":[{"not_picked":["Snecko Eye","Calling Bell"],"picked":"Tiny House"}],"potions_floor_spawned":[1,2,3,16,18],"seed_played":"-7108462995170510403","killed_by":"Centurion and Healer","ascension_level":0,"is_trial":false}