{"gold_per_floor":[117,117,127,18,37,37,57,92,92,102,121,121,121,139,139,210,210,225,235,235,285,198,198,211,230,230,230,230,242,4,34,34,34],"floor_reached":33,"playtime":1767,"items_purged":[],"score":484,"play_id":"2f7b8814-8542-40a8-a0b7-f18635973326","local_time":"20190722214712","is_ascension_mode":true,"campfire_choices":[{"data":"Terror","floor":6.0,"key":"SMITH"},{"floor":13,"key":"REST"},{"floor":15,"key":"REST"},{"floor":23,"key":"REST"},{"floor":28,"key":"REST"},{"floor":32,"key":"REST"}],"neow_cost":"NONE","seed_source_timestamp":270976797056826,"circlet_count":0,"master_deck":["AscendersBane","Strike_G","Strike_G","Strike_G","Strike_G","Strike_G","Defend_G","Defend_G","Defend_G","Defend_G","Defend_G","Survivor","Neutralize","Skewer","Terror+1","All Out Attack","Prepared","Concentrate","Underhanded Strike","Acrobatics","Adrenaline","Dash","Flying Knee","Burst","Calculated Gamble+1","Reflex","Backstab","Predator","Calculated Gamble","Escape Plan","Flying Knee","Dodge and Roll"],"special_seed":0,"relics":["Ring of the Snake","Happy Flower","Gremlin Horn","Letter Opener","Fusion Hammer","Matryoshka","Lee\u0027s Waffle","Unceasing Top"],"potions_floor_usage":[10,14,18,25,31],"damage_taken":[{"damage":3.0,"enemies":"Small Slimes","floor":1.0,"turns":4.0},{"damage":0.0,"enemies":"2 Louse","floor":3.0,"turns":3.0},{"damage":0.0,"enemies":"Cultist","floor":5.0,"turns":2.0},{"damage":14.0,"enemies":"Lots of Slimes","floor":7.0,"turns":4.0},{"damage":20.0,"enemies":"Lagavulin","floor":8.0,"turns":6.0},{"damage":0,"enemies":"Large Slime","floor":10,"turns":4},{"damage":1,"enemies":"2 Fungi Beasts","floor":11,"turns":3},{"damage":0,"enemies":"Blue Slaver","floor":14,"turns":3},{"damage":45,"enemies":"The Guardian","floor":16,"turns":12},{"damage":12,"enemies":"Shell Parasite","floor":18,"turns":3},{"damage":2,"enemies":"Chosen","floor":19,"turns":3},{"damage":9,"enemies":"Centurion and Healer","floor":24,"turns":5},{"damage":24,"enemies":"Cultist and Chosen","floor":25,"turns":5},{"damage":12,"enemies":"Snake Plant","floor":29,"turns":3},{"damage":37,"enemies":"Book of Stabbing","floor":31,"turns":5},{"damage":61,"enemies":"Collector","floor":33,"turns":6}],"seed_played":"8070911992174697501","potions_obtained":[{"floor":1.0,"key":"Fire Potion"},{"floor":5.0,"key":"Swift Potion"},{"floor":7.0,"key":"SkillPotion"},{"floor":8.0,"key":"Block Potion"},{"floor":12,"key":"Regen Potion"},{"floor":12,"key":"Ancient Potion"},{"floor":16,"key":"Strength Potion"},{"floor":24,"key":"Dexterity Potion"},{"floor":29,"key":"SpeedPotion"},{"floor":31,"key":"LiquidBronze"}],"is_trial":false,"path_per_floor":["M","?","M","$","M","R","M","E","T","M","M","?","R","M","R","B",null,"M","M","$","?","$","R","M","M","T","?","R","M","$","E","R","B"],"character_chosen":"THE_SILENT","items_purchased":["All Out Attack","Prepared","Backstab","Lee\u0027s Waffle","Flying Knee"],"campfire_rested":5,"item_purchase_floors":[4,4,22,30,30],"current_hp_per_floor":[56,56,56,56,56,56,42,22,22,22,21,21,40,49,66,21,55,43,41,41,41,41,60,51,27,27,27,46,34,73,36,57,0],"gold":34,"neow_bonus":"RANDOM_COMMON_RELIC","is_prod":false,"is_daily":false,"chose_seed":false,"campfire_upgraded":1,"win_rate":0,"timestamp":1563821232,"path_taken":["M","?","M","$","M","R","M","E","T","M","M","?","R","?","R","BOSS","M","M","?","?","$","R","M","M","T","?","R","M","?","E","R","BOSS"],"build_version":"2019-07-17","purchased_purges":0,"victory":false,"max_hp_per_floor":[66,66,66,66,66,66,66,66,66,66,66,66,66,66,66,66,66,66,66,66,66,66,66,66,66,66,66,66,66,73,73,73,73],"card_choices":[{"not_picked":["Dagger Spray","Blade Dance"],"picked":"Skewer","floor":1.0},{"not_picked":["Dagger Throw","Outmaneuver"],"picked":"Terror","floor":3.0},{"not_picked":["Backflip","Prepared"],"picked":"Concentrate","floor":5.0},{"not_picked":["Endless Agony","Reflex"],"picked":"Underhanded Strike","floor":7.0},{"not_picked":["Cloak And Dagger","Prepared"],"picked":"Acrobatics","floor":8.0},{"not_picked":["Prepared","Flechettes"],"picked":"Adrenaline","floor":10},{"not_picked":["PiercingWail","Blade Dance"],"picked":"Dash","floor":11},{"not_picked":["Dagger Spray","Outmaneuver"],"picked":"Flying Knee","floor":14},{"not_picked":["Phantasmal Killer","Die Die Die"],"picked":"Burst","floor":16},{"not_picked":["Leg Sweep","Acrobatics"],"picked":"Calculated Gamble+1","floor":18},{"not_picked":["Choke","Noxious Fumes"],"picked":"Reflex","floor":19},{"not_picked":["Footwork","Riddle With Holes"],"picked":"Predator","floor":24},{"not_picked":["Well Laid Plans","Expertise"],"picked":"Calculated Gamble","floor":25},{"not_picked":["Poisoned Stab","Acrobatics"],"picked":"Escape Plan","floor":29},{"not_picked":["Blade Dance","Heel Hook"],"picked":"Dodge and Roll","floor":31}],"player_experience":1634924,"relics_obtained":[{"floor":8.0,"key":"Gremlin Horn"},{"floor":9.0,"key":"Letter Opener"},{"floor":26,"key":"Matryoshka"},{"floor":31,"key":"Unceasing Top"}],"event_choices":[{"damage_healed":0.0,"max_hp_gain":0.0,"max_hp_loss":0.0,"gold_gain":0.0,"event_name":"Shining Light","player_choice":"Ignored","floor":2.0,"gold_loss":0.0,"damage_taken":0.0},{"damage_healed":0,"gold_gain":0,"player_choice":"Got Potions","damage_taken":0,"max_hp_gain":0,"max_hp_loss":0,"event_name":"Lab","floor":12,"gold_loss":0},{"damage_healed":0,"gold_gain":50,"player_choice":"Stole From Cult","damage_taken":0,"max_hp_gain":0,"max_hp_loss":0,"event_name":"Nest","floor":21,"gold_loss":0},{"damage_healed":0,"gold_gain":0,"player_choice":"Ignored","damage_taken":0,"max_hp_gain":0,"max_hp_loss":0,"event_name":"Cursed Tome","floor":27,"gold_loss":0}],"is_beta":false,"boss_relics":[{"not_picked":["Snecko Eye","HoveringKite"],"picked":"Fusion Hammer"}],"items_purged_floors":[],"is_endless":false,"potions_floor_spawned":[1,5,7,8,16,24,29,31],"killed_by":"Collector","ascension_level":16}