{"gold_per_floor":[117,130,37,57,57,88,101,101,126,126,151,151,162,194,194,273,273,283,283,296,296,21,21,47,47,71,71,86,86],"floor_reached":29,"playtime":1608,"items_purged":[],"score":572,"play_id":"f4ae3664-354d-41c2-85ce-d6144b3f7542","local_time":"20190712012343","is_ascension_mode":true,"campfire_choices":[{"floor":8,"key":"REST"},{"data":"Footwork","floor":10,"key":"SMITH"},{"floor":12,"key":"REST"},{"data":"Blade Dance","floor":15,"key":"SMITH"},{"floor":23,"key":"REST"},{"floor":27,"key":"REST"}],"neow_cost":"NONE","seed_source_timestamp":85517587049183,"circlet_count":0,"master_deck":["AscendersBane","Strike_G","Strike_G","Strike_G","Defend_G","Defend_G","Defend_G","Defend_G","Defend_G","Survivor","Neutralize","Blade Dance+1","Flying Knee","Footwork+1","Cloak And Dagger","Masterful Stab","Dodge and Roll","Blade Dance","Corpse Explosion","All Out Attack","Blur","Backflip","Quick Slash","Wraith Form v2","Caltrops","Bane+1","Finisher+1","Infinite Blades+1","Necronomicurse","Crippling Poison","Escape Plan"],"relics":["Ring of the Serpent","Dream Catcher","Bag of Preparation","Regal Pillow","Peace Pipe","Necronomicon","Mercury Hourglass","Pen Nib","Whetstone"],"potions_floor_usage":[6,6,16,28],"damage_taken":[{"damage":1,"enemies":"2 Louse","floor":1,"turns":4},{"damage":7,"enemies":"Jaw Worm","floor":2,"turns":5},{"damage":6,"enemies":"Small Slimes","floor":4,"turns":4},{"damage":23,"enemies":"Gremlin Nob","floor":6,"turns":4},{"damage":7,"enemies":"Exordium Wildlife","floor":7,"turns":5},{"damage":12,"enemies":"Lagavulin","floor":11,"turns":8},{"damage":11,"enemies":"Exordium Thugs","floor":13,"turns":6},{"damage":0,"enemies":"3 Sentries","floor":14,"turns":4},{"damage":47,"enemies":"Slime Boss","floor":16,"turns":7},{"damage":19,"enemies":"2 Thieves","floor":18,"turns":4},{"damage":2,"enemies":"Chosen","floor":20,"turns":5},{"damage":56,"enemies":"Slavers","floor":24,"turns":5},{"damage":37,"enemies":"Sentry and Sphere","floor":28,"turns":6},{"damage":6,"enemies":"Cultist and Chosen","floor":29,"turns":2}],"seed_played":"-3052794453690955402","potions_obtained":[{"floor":1,"key":"Strength Potion"},{"floor":4,"key":"AttackPotion"},{"floor":11,"key":"Strength Potion"},{"floor":14,"key":"Explosive Potion"},{"floor":20,"key":"SteroidPotion"},{"floor":28,"key":"AttackPotion"}],"is_trial":false,"path_per_floor":["M","M","$","M","?","E","M","R","T","R","E","R","M","E","R","B",null,"M","?","M","?","$","R","E","$","T","R","M","M"],"character_chosen":"THE_SILENT","items_purchased":["Footwork","Cloak And Dagger","Mercury Hourglass"],"campfire_rested":4,"item_purchase_floors":[3,3,22],"current_hp_per_floor":[64,57,57,51,56,33,26,49,49,49,37,75,64,64,64,17,62,43,43,41,20,20,58,2,2,2,40,3,0],"gold":86,"neow_bonus":"TEN_PERCENT_HP_BONUS","is_prod":false,"is_daily":false,"chose_seed":false,"campfire_upgraded":2,"win_rate":0,"timestamp":1562887423,"path_taken":["M","M","$","M","?","E","M","R","T","R","E","R","M","E","R","BOSS","M","?","M","?","?","R","E","$","T","R","M","?"],"build_version":"2019-07-05","purchased_purges":0,"victory":false,"max_hp_per_floor":[72,72,72,72,77,77,77,77,77,77,77,77,77,77,77,77,77,77,77,77,77,77,77,77,77,77,77,77,77],"card_choices":[{"not_picked":["Tactician","Underhanded Strike"],"picked":"Blade Dance","floor":1},{"not_picked":["Deflect","PiercingWail"],"picked":"Flying Knee","floor":2},{"not_picked":["Backflip","Blade Dance"],"picked":"Masterful Stab","floor":4},{"not_picked":["Deadly Poison","Distraction"],"picked":"Dodge and Roll","floor":6},{"not_picked":["Dagger Throw","Quick Slash"],"picked":"Blade Dance","floor":7},{"not_picked":["Calculated Gamble","Acrobatics"],"picked":"Corpse Explosion","floor":8},{"not_picked":["Underhanded Strike","Unload"],"picked":"All Out Attack","floor":11},{"not_picked":["Flying Knee","Dodge and Roll"],"picked":"Blur","floor":12},{"not_picked":["Footwork","Acrobatics","Backflip"],"picked":"SKIP","floor":13},{"not_picked":["Footwork","Acrobatics"],"picked":"Backflip","floor":13},{"not_picked":["Grand Finale","Underhanded Strike"],"picked":"Quick Slash","floor":14},{"not_picked":["Doppelganger","Glass Knife"],"picked":"Wraith Form v2","floor":16},{"not_picked":["Finisher","Cloak And Dagger"],"picked":"Caltrops","floor":18},{"not_picked":["Dagger Throw","Slice"],"picked":"Infinite Blades+1","floor":20},{"not_picked":["Cloak And Dagger+1","Poisoned Stab"],"picked":"Crippling Poison","floor":23},{"not_picked":["Bane","Doppelganger"],"picked":"Escape Plan","floor":24},{"not_picked":["Tactician","Deflect","Prepared"],"picked":"SKIP","floor":28}],"player_experience":1217037,"relics_obtained":[{"floor":6,"key":"Dream Catcher"},{"floor":9,"key":"Bag of Preparation"},{"floor":11,"key":"Regal Pillow"},{"floor":14,"key":"Peace Pipe"},{"floor":21,"key":"Necronomicon"},{"floor":24,"key":"Pen Nib"},{"floor":26,"key":"Whetstone"}],"event_choices":[{"damage_healed":0,"gold_gain":0,"player_choice":"Donut","damage_taken":0,"max_hp_gain":5,"max_hp_loss":0,"event_name":"Big Fish","floor":5,"gold_loss":0},{"damage_healed":0,"gold_gain":0,"cards_transformed":["Strike_G","Strike_G"],"player_choice":"Became Test Subject","damage_taken":0,"max_hp_gain":0,"max_hp_loss":0,"event_name":"Drug Dealer","floor":19,"gold_loss":0,"cards_obtained":["Bane","Finisher"]},{"damage_healed":0,"gold_gain":0,"player_choice":"Obtained Book","damage_taken":21,"max_hp_gain":0,"max_hp_loss":0,"event_name":"Cursed Tome","floor":21,"gold_loss":0}],"is_beta":false,"boss_relics":[{"not_picked":["White Beast Statue","Black Star"],"picked":"Ring of the Serpent"}],"items_purged_floors":[],"is_endless":false,"potions_floor_spawned":[1,4,11,14,20,28],"killed_by":"Cultist and Chosen","ascension_level":20}