{"gold_per_floor":[114,189,189,90,115,115,178,178,202,202,230,3,3,18,18,96,96,112,112,19,36,36,36,55,68,68,84,34,34],"floor_reached":29,"playtime":1331,"items_purged":[],"score":401,"play_id":"02ec3c17-d445-4b65-b4d6-bb90462a7960","local_time":"20190712203621","is_ascension_mode":true,"campfire_choices":[{"floor":6.0,"key":"REST"},{"floor":8.0,"key":"REST"},{"data":"Predator","floor":10.0,"key":"SMITH"},{"floor":15.0,"key":"REST"},{"floor":23.0,"key":"REST"}],"neow_cost":"NONE","seed_source_timestamp":180298056385537,"circlet_count":0,"master_deck":["AscendersBane","Strike_G","Strike_G","Strike_G","Strike_G","Strike_G","Defend_G","Defend_G","Defend_G","Defend_G","Defend_G","Survivor","Neutralize","Blade Dance","Slice","Predator+1","Acrobatics","Panache","Masterful Stab","Cloak And Dagger","Glass Knife+1","Cloak And Dagger+1","Slice+1","Infinite Blades","Writhe","Slice","Prepared"],"special_seed":0,"relics":["Ring of the Snake","Oddly Smooth Stone","Tiny Chest","PreservedInsect","Pen Nib","Eternal Feather","Nilry\u0027s Codex","Nunchaku","Kunai"],"potions_floor_usage":[25,27],"damage_taken":[{"damage":0.0,"enemies":"2 Louse","floor":1.0,"turns":3.0},{"damage":25.0,"enemies":"Lagavulin","floor":7.0,"turns":11.0},{"damage":10.0,"enemies":"3 Sentries","floor":11.0,"turns":7.0},{"damage":12.0,"enemies":"Small Slimes","floor":14.0,"turns":3.0},{"damage":49.0,"enemies":"Hexaghost","floor":16.0,"turns":13.0},{"damage":0.0,"enemies":"Spheric Guardian","floor":18.0,"turns":2.0},{"damage":0.0,"enemies":"3 Byrds","floor":21.0,"turns":3.0},{"damage":19,"enemies":"Centurion and Healer","floor":24,"turns":5},{"damage":9,"enemies":"Shelled Parasite and Fungi","floor":25,"turns":4},{"damage":22,"enemies":"Snecko","floor":27,"turns":5},{"damage":22,"enemies":"Snake Plant","floor":29,"turns":3}],"seed_played":"448469517368494758","potions_obtained":[{"floor":1.0,"key":"PowerPotion"},{"floor":11.0,"key":"Ancient Potion"},{"floor":14.0,"key":"Weak Potion"},{"floor":18.0,"key":"GhostInAJar"}],"is_trial":false,"path_per_floor":["M","?","?","$","T","R","E","R","T","R","E","$","$","M","R","B",null,"M","?","$","M","?","R","M","M","T","M","?","M"],"character_chosen":"THE_SILENT","items_purchased":["Slice","Fire Potion","Panache","Masterful Stab","Slice","Infinite Blades"],"campfire_rested":4,"item_purchase_floors":[4,4,12,12,20,20],"current_hp_per_floor":[65,54,54,54,54,72,47,68,68,68,58,58,58,46,67,18,59,59,38,38,38,38,72,53,44,44,22,22,0],"gold":34,"neow_bonus":"TEN_PERCENT_HP_BONUS","is_prod":false,"is_daily":false,"chose_seed":false,"campfire_upgraded":1,"win_rate":0,"timestamp":1562952981,"path_taken":["M","?","?","$","?","R","E","R","T","R","E","?","$","?","R","BOSS","M","?","$","M","?","R","M","M","T","?","?","M"],"build_version":"2019-07-05","purchased_purges":0,"victory":false,"max_hp_per_floor":[72,72,72,72,72,72,72,72,72,72,72,72,72,72,72,72,72,72,72,72,72,72,72,72,72,72,72,72,72],"card_choices":[{"not_picked":["Expertise","Concentrate"],"picked":"Blade Dance","floor":1.0},{"not_picked":["Slice","Dagger Spray"],"picked":"Predator","floor":7.0},{"not_picked":["Underhanded Strike","Deflect"],"picked":"Acrobatics","floor":11.0},{"not_picked":["Predator","Dodge and Roll"],"picked":"Cloak And Dagger","floor":14.0},{"not_picked":["Grand Finale","Venomology"],"picked":"Glass Knife","floor":16.0},{"not_picked":["Outmaneuver","Setup+1"],"picked":"Cloak And Dagger+1","floor":18.0},{"not_picked":["Dodge and Roll","Dagger Throw","Flechettes"],"picked":"SKIP","floor":21.0},{"not_picked":["Bane","Outmaneuver"],"picked":"Slice","floor":24},{"not_picked":["Choke","All Out Attack","Sucker Punch"],"picked":"SKIP","floor":25},{"not_picked":["Outmaneuver","Poisoned Stab"],"picked":"Prepared","floor":27}],"player_experience":1619964,"relics_obtained":[{"floor":5.0,"key":"Oddly Smooth Stone"},{"floor":7.0,"key":"Tiny Chest"},{"floor":9.0,"key":"PreservedInsect"},{"floor":11.0,"key":"Pen Nib"},{"floor":19.0,"key":"Nilry\u0027s Codex"},{"floor":26,"key":"Kunai"}],"event_choices":[{"damage_healed":0.0,"max_hp_gain":0.0,"max_hp_loss":0.0,"gold_gain":75.0,"event_name":"World of Goop","player_choice":"Gather Gold","floor":2.0,"gold_loss":0.0,"damage_taken":11.0},{"damage_healed":0.0,"max_hp_gain":0.0,"max_hp_loss":0.0,"gold_gain":0.0,"event_name":"Scrap Ooze","player_choice":"Fled","floor":3.0,"gold_loss":0.0,"damage_taken":0.0},{"damage_healed":0.0,"max_hp_gain":0.0,"max_hp_loss":0.0,"gold_gain":0.0,"event_name":"Cursed Tome","player_choice":"Obtained Book","floor":19.0,"gold_loss":0.0,"damage_taken":21.0},{"damage_healed":0.0,"max_hp_gain":0.0,"max_hp_loss":0.0,"gold_gain":0.0,"event_name":"The Mausoleum","player_choice":"Opened","floor":22.0,"gold_loss":0.0,"damage_taken":0.0,"relics_obtained":["Nunchaku"],"cards_obtained":["Writhe"]},{"damage_healed":0,"gold_gain":0,"player_choice":"Upgraded Two","damage_taken":0,"max_hp_gain":0,"max_hp_loss":0,"event_name":"Designer","floor":28,"gold_loss":50,"cards_upgraded":["Slice","Glass Knife"]}],"is_beta":false,"boss_relics":[{"not_picked":["Runic Dome","Ectoplasm"],"picked":"Eternal Feather"}],"items_purged_floors":[],"is_endless":false,"potions_floor_spawned":[1,11,14,18,21],"killed_by":"Snake Plant","ascension_level":15}