{"gold_per_floor":[17,17,17,28,45,45,74,74,74,86,86,86,98,124,124,197,197,216,141,155,155,167,167,167,167,167,167,185,185,214,231,231,305,305,323,375,386,386,403,435,435,435,435,460,486,510,522,534,546,558,570,582,594,17,42,42],"floor_reached":57,"playtime":2133,"items_purged":["Strike_R","Bash+1"],"score":2676,"play_id":"12b0cf1d-be1a-4d9e-a807-17b4efa270e3","local_time":"20190620215347","is_ascension_mode":true,"campfire_choices":[{"data":"Pommel Strike","floor":6.0,"key":"SMITH"},{"data":"True Grit","floor":8.0,"key":"SMITH"},{"data":"Inflame","floor":15.0,"key":"SMITH"},{"floor":23.0,"key":"REST"},{"floor":27.0,"key":"REST"},{"data":"Offering","floor":29.0,"key":"SMITH"},{"data":"Seeing Red","floor":32.0,"key":"SMITH"},{"data":"Dual Wield","floor":41.0,"key":"SMITH"},{"floor":47.0,"key":"RECALL"},{"data":"Dark Embrace","floor":49.0,"key":"SMITH"},{"data":"Sentinel","floor":53.0,"key":"SMITH"}],"neow_cost":"NO_GOLD","seed_source_timestamp":0,"circlet_count":0,"master_deck":["AscendersBane","Defend_R","Defend_R","Defend_R","Seeing Red+1","Pommel Strike+1","Shrug It Off","True Grit+1","Inflame+1","Dual Wield+1","Offering+1","Demon Form+1","Fiend Fire+1","Uppercut+1","Sentinel+1","Power Through+1","Twin Strike","Impervious","Reaper","Sword Boomerang+1","True Grit+1","Dark Embrace+1","Whirlwind+1","Offering","Sword Boomerang+1"],"special_seed":0,"relics":["Burning Blood","StoneCalendar","Letter Opener","Strawberry","Astrolabe","Nloth\u0027s Gift","Bottled Tornado","Ginger","Sozu","Incense Burner","Happy Flower","Juzu Bracelet","MawBank","Molten Egg 2","Paper Frog","Ornamental Fan"],"potions_floor_usage":[],"damage_taken":[{"damage":2.0,"enemies":"Cultist","floor":1.0,"turns":4.0},{"damage":0.0,"enemies":"2 Louse","floor":4.0,"turns":2.0},{"damage":12.0,"enemies":"Small Slimes","floor":5.0,"turns":4.0},{"damage":20.0,"enemies":"3 Sentries","floor":7.0,"turns":7.0},{"damage":13.0,"enemies":"Blue Slaver","floor":10.0,"turns":3.0},{"damage":1.0,"enemies":"Exordium Wildlife","floor":13.0,"turns":5.0},{"damage":0.0,"enemies":"Gremlin Nob","floor":14.0,"turns":3.0},{"damage":54.0,"enemies":"The Guardian","floor":16.0,"turns":13.0},{"damage":29.0,"enemies":"3 Byrds","floor":18.0,"turns":7.0},{"damage":6.0,"enemies":"Shell Parasite","floor":20.0,"turns":1.0},{"damage":12.0,"enemies":"Cultist and Chosen","floor":22.0,"turns":7.0},{"damage":19.0,"enemies":"Centurion and Healer","floor":28.0,"turns":3.0},{"damage":8.0,"enemies":"Gremlin Leader","floor":30.0,"turns":2.0},{"damage":12.0,"enemies":"Chosen and Byrds","floor":31.0,"turns":4.0},{"damage":31.0,"enemies":"Champ","floor":33.0,"turns":9.0},{"damage":24.0,"enemies":"3 Shapes","floor":35.0,"turns":5.0},{"damage":87.0,"enemies":"2 Orb Walkers","floor":36.0,"turns":6.0},{"damage":30.0,"enemies":"Orb Walker","floor":37.0,"turns":4.0},{"damage":6.0,"enemies":"Maw","floor":39.0,"turns":4.0},{"damage":25.0,"enemies":"Giant Head","floor":40.0,"turns":6.0},{"damage":71.0,"enemies":"Reptomancer","floor":44.0,"turns":5.0},{"damage":36.0,"enemies":"Writhing Mass","floor":46.0,"turns":4.0},{"damage":56.0,"enemies":"Time Eater","floor":50.0,"turns":9.0},{"damage":17.0,"enemies":"Donu and Deca","floor":51.0,"turns":8.0},{"damage":64.0,"enemies":"Shield and Spear","floor":55.0,"turns":6.0},{"damage":89,"enemies":"The Heart","floor":56,"turns":9}],"seed_played":"-3487806137356078086","potions_obtained":[{"floor":1.0,"key":"Energy Potion"},{"floor":10.0,"key":"FearPotion"},{"floor":14.0,"key":"SteroidPotion"},{"floor":16.0,"key":"Dexterity Potion"},{"floor":18.0,"key":"LiquidBronze"},{"floor":28.0,"key":"SkillPotion"},{"floor":31.0,"key":"Dexterity Potion"},{"floor":33.0,"key":"Poison Potion"}],"is_trial":false,"path_per_floor":["M","?","?","M","M","R","E","R","T","M","?","?","M","E","R","B",null,"M","$","M","?","M","R","?","?","T","R","M","R","E","M","R","B",null,"M","?","M","?","M","E","R","?","T","E","T","M","R","?","R","B","B",null,"R","$","E","B",null],"character_chosen":"IRONCLAD","items_purchased":["Offering","Paper Frog","Sword Boomerang+1"],"campfire_rested":2,"item_purchase_floors":[54,54,54],"current_hp_per_floor":[72,72,72,75,69,69,55,55,55,48,41,41,46,59,59,11,64,41,41,41,17,11,37,37,37,37,63,50,50,48,42,42,17,70,87,66,64,64,83,83,83,83,83,57,57,64,64,64,64,14,32,70,70,70,75,25],"gold":42,"neow_bonus":"ONE_RARE_RELIC","is_prod":false,"is_daily":false,"chose_seed":false,"campfire_upgraded":8,"win_rate":0,"timestamp":1561035227,"path_taken":["M","?","?","M","M","R","E","R","T","?","?","?","M","E","R","BOSS","M","$","M","?","M","R","?","?","T","R","?","R","E","M","R","BOSS","M","?","M","?","M","E","R","?","T","E","?","M","R","?","R","BOSS","BOSS","R","$","E","BOSS"],"build_version":"2019-01-23","purchased_purges":2,"victory":true,"max_hp_per_floor":[75,75,75,75,75,75,75,75,75,75,75,75,75,82,82,82,82,82,82,82,87,87,87,87,87,87,87,87,87,87,87,87,87,87,87,87,87,83,83,83,83,83,83,83,83,83,83,83,83,83,83,83,83,83,83,83],"card_choices":[{"not_picked":["Intimidate","Reckless Charge"],"picked":"Seeing Red","floor":1.0},{"not_picked":["Clothesline","Cleave"],"picked":"Shrug It Off","floor":4.0},{"not_picked":["Headbutt","Reckless Charge"],"picked":"True Grit","floor":5.0},{"not_picked":["Pommel Strike","Flex","Double Tap"],"picked":"SKIP","floor":7.0},{"not_picked":["Combust","Iron Wave","Pummel"],"picked":"SKIP","floor":10.0},{"not_picked":["Havoc","Flex"],"picked":"Inflame","floor":13.0},{"not_picked":["Infernal Blade","Corruption"],"picked":"Dual Wield","floor":14.0},{"not_picked":["Bludgeon","Exhume"],"picked":"Offering","floor":16.0},{"not_picked":["Second Wind","Warcry"],"picked":"Sentinel","floor":18.0},{"not_picked":["True Grit","Searing Blow"],"picked":"Power Through+1","floor":20.0},{"not_picked":["Heavy Blade","Anger"],"picked":"Twin Strike","floor":22.0},{"not_picked":["Anger","Cleave","Warcry"],"picked":"SKIP","floor":28.0},{"not_picked":["Disarm","Anger","Flex"],"picked":"SKIP","floor":30.0},{"not_picked":["Flex","Cleave"],"picked":"Impervious","floor":31.0},{"not_picked":["Exhume","Berserk"],"picked":"Reaper","floor":33.0},{"not_picked":["Flame Barrier+1","Disarm"],"picked":"Sword Boomerang+1","floor":35.0},{"not_picked":["Clothesline","Anger+1"],"picked":"True Grit+1","floor":37.0},{"not_picked":["Clash","Hemokinesis+1"],"picked":"Dark Embrace","floor":39.0},{"not_picked":["Sword Boomerang+1","Thunderclap","True Grit"],"picked":"SKIP","floor":40.0},{"not_picked":["Anger","Iron Wave+1","Rampage"],"picked":"SKIP","floor":44.0},{"not_picked":["Headbutt","Searing Blow+1"],"picked":"Whirlwind+1","floor":46.0},{"not_picked":["Berserk","True Grit","Iron Wave+1"],"picked":"SKIP","floor":55.0}],"player_experience":719928,"relics_obtained":[{"floor":7.0,"key":"Nunchaku"},{"floor":9.0,"key":"Letter Opener"},{"floor":14.0,"key":"Strawberry"},{"floor":26.0,"key":"Bottled Tornado"},{"floor":30.0,"key":"Ginger"},{"floor":36.0,"key":"Incense Burner"},{"floor":40.0,"key":"Happy Flower"},{"floor":44.0,"key":"Juzu Bracelet"},{"floor":45.0,"key":"MawBank"},{"floor":48.0,"key":"Molten Egg 2"},{"floor":55.0,"key":"Ornamental Fan"}],"event_choices":[{"damage_healed":0.0,"max_hp_gain":0.0,"max_hp_loss":0.0,"gold_gain":0.0,"cards_transformed":["Strike_R"],"event_name":"Living Wall","player_choice":"Change","floor":2.0,"gold_loss":0.0,"damage_taken":0.0,"cards_obtained":["Pommel Strike"]},{"damage_healed":0.0,"max_hp_gain":0.0,"max_hp_loss":0.0,"gold_gain":0.0,"event_name":"Upgrade Shrine","player_choice":"Upgraded","floor":3.0,"gold_loss":0.0,"damage_taken":0.0,"cards_upgraded":["Bash"]},{"cards_removed":["Strike_R"],"damage_healed":0.0,"max_hp_gain":0.0,"max_hp_loss":0.0,"gold_gain":0.0,"event_name":"Golden Wing","player_choice":"Card Removal","floor":11.0,"gold_loss":0.0,"damage_taken":7.0},{"damage_healed":0.0,"max_hp_gain":0.0,"max_hp_loss":0.0,"gold_gain":0.0,"event_name":"Liars Game","player_choice":"Ignored","floor":12.0,"gold_loss":0.0,"damage_taken":0.0},{"damage_healed":0.0,"max_hp_gain":5.0,"max_hp_loss":0.0,"gold_gain":0.0,"event_name":"Forgotten Altar","player_choice":"Shed Blood","floor":21.0,"gold_loss":0.0,"damage_taken":29.0},{"damage_healed":0.0,"max_hp_gain":0.0,"max_hp_loss":0.0,"gold_gain":0.0,"event_name":"The Mausoleum","player_choice":"Ignored","floor":24.0,"gold_loss":0.0,"damage_taken":0.0},{"damage_healed":0.0,"max_hp_gain":0.0,"max_hp_loss":0.0,"gold_gain":0.0,"event_name":"N\u0027loth","player_choice":"Traded Relic","floor":25.0,"relics_lost":["Nunchaku"],"gold_loss":0.0,"damage_taken":0.0,"relics_obtained":["Nloth\u0027s Gift"]},{"damage_healed":0.0,"max_hp_gain":0.0,"max_hp_loss":0.0,"gold_gain":0.0,"event_name":"Mysterious Sphere","player_choice":"Fight","floor":36.0,"gold_loss":0.0,"damage_taken":0.0},{"damage_healed":0.0,"max_hp_gain":0.0,"max_hp_loss":4.0,"gold_gain":0.0,"event_name":"Winding Halls","player_choice":"Max HP","floor":38.0,"gold_loss":0.0,"damage_taken":0.0},{"damage_healed":0.0,"max_hp_gain":0.0,"max_hp_loss":0.0,"gold_gain":0.0,"event_name":"Tomb of Lord Red Mask","player_choice":"Ignored","floor":42.0,"gold_loss":0.0,"damage_taken":0.0},{"damage_healed":0.0,"max_hp_gain":0.0,"max_hp_loss":0.0,"gold_gain":0.0,"event_name":"Wheel of Change","player_choice":"Relic","floor":48.0,"gold_loss":0.0,"damage_taken":0.0}],"is_beta":false,"boss_relics":[{"not_picked":["Orrery","Lizard Tail"],"picked":"Astrolabe"},{"not_picked":["Eternal Feather","Busted Crown"],"picked":"Sozu"}],"items_purged_floors":[19,54],"is_endless":false,"potions_floor_spawned":[1,10,14,16,18,28,31,33,36,37,39,44],"ascension_level":20}