{"gold_per_floor":[118,137,137,155,54,54,84,134,134,148,73,73,91,116,116,193,193,208,308,628,298,365,393,454,488,500,562,606,632,644,256,256,330,330,350,362,412,462,1511,1540,1540,1571,1571,1591,1591,1658,1676,722,722,722,722,722,722,135,169,169],"floor_reached":56,"playtime":2144,"items_purged":["Strike_R","Strike_R","Strike_R","Strike_R","Bash"],"score":2146,"play_id":"82d948c5-f169-458b-b3dc-9f14ee068757","local_time":"20190723183832","is_ascension_mode":true,"campfire_choices":[{"data":"Immolate","floor":6,"key":"SMITH"},{"data":"Bludgeon","floor":12,"key":"SMITH"},{"data":"Shockwave","floor":15,"key":"SMITH"},{"data":"Armaments","floor":30,"key":"SMITH"},{"data":"Flame Barrier","floor":32,"key":"SMITH"},{"data":"Discovery","floor":41,"key":"SMITH"},{"floor":45,"key":"RECALL"},{"data":"Armaments","floor":49,"key":"SMITH"},{"data":"Spot Weakness","floor":53,"key":"SMITH"}],"neow_cost":"NONE","seed_source_timestamp":355426990110600,"circlet_count":0,"master_deck":["AscendersBane","Defend_R+1","Defend_R","Defend_R+1","Defend_R","Power Through","Shockwave","Inflame","Immolate+1","Shockwave+1","Bludgeon+1","Reaper","Corruption","Shrug It Off","Battle Trance","Spot Weakness+1","Armaments+1","Berserk+1","Flame Barrier+1","Double Tap","Discovery+1","Shockwave","Body Slam","Feel No Pain+1","Armaments+1","Violence","Flame Barrier","Inflame+1","Rage+1"],"relics":["Burning Blood","NeowsBlessing","SsserpentHead","Dodecahedron","Boot","Snecko Eye","Tiny Chest","Omamori","MawBank","Self Forming Clay","Frozen Egg 2","Bag of Preparation","Bag of Marbles","Black Star","Regal Pillow","Dream Catcher","Ancient Tea Set","Anchor","Ornamental Fan","War Paint","Strawberry","PrismaticShard","Centennial Puzzle","Mercury Hourglass","Art of War"],"potions_floor_usage":[16,23,28,50,56,56],"damage_taken":[{"damage":0,"enemies":"Cultist","floor":1,"turns":1},{"damage":0,"enemies":"Jaw Worm","floor":2,"turns":1},{"damage":0,"enemies":"2 Louse","floor":4,"turns":1},{"damage":8,"enemies":"Gremlin Nob","floor":7,"turns":3},{"damage":11,"enemies":"Red Slaver","floor":10,"turns":6},{"damage":26,"enemies":"Gremlin Gang","floor":13,"turns":3},{"damage":10,"enemies":"3 Sentries","floor":14,"turns":2},{"damage":9,"enemies":"Slime Boss","floor":16,"turns":9},{"damage":15,"enemies":"Shell Parasite","floor":18,"turns":2},{"damage":3,"enemies":"Spheric Guardian","floor":22,"turns":3},{"damage":19,"enemies":"Gremlin Leader","floor":23,"turns":4},{"damage":0,"enemies":"Snecko","floor":24,"turns":4},{"damage":6,"enemies":"Slavers","floor":25,"turns":3},{"damage":15,"enemies":"Book of Stabbing","floor":28,"turns":4},{"damage":0,"enemies":"Snake Plant","floor":29,"turns":3},{"damage":0,"enemies":"Automaton","floor":33,"turns":6},{"damage":0,"enemies":"3 Darklings","floor":35,"turns":4},{"damage":4,"enemies":"3 Shapes","floor":36,"turns":3},{"damage":52,"enemies":"Reptomancer","floor":40,"turns":8},{"damage":21,"enemies":"Giant Head","floor":42,"turns":5},{"damage":0,"enemies":"3 Darklings","floor":44,"turns":5},{"damage":9,"enemies":"Sphere and 2 Shapes","floor":46,"turns":5},{"damage":0,"enemies":"Spire Growth","floor":47,"turns":2},{"damage":20,"enemies":"Donu and Deca","floor":50,"turns":7},{"damage":79,"enemies":"Awakened One","floor":51,"turns":14},{"damage":36,"enemies":"Shield and Spear","floor":55,"turns":5},{"damage":103,"enemies":"The Heart","floor":56,"turns":8}],"seed_played":"7446006300802846251","potions_obtained":[{"floor":1,"key":"LiquidBronze"},{"floor":7,"key":"EssenceOfSteel"},{"floor":13,"key":"PowerPotion"},{"floor":22,"key":"AttackPotion"},{"floor":23,"key":"Dexterity Potion"},{"floor":28,"key":"Energy Potion"},{"floor":44,"key":"SteroidPotion"},{"floor":46,"key":"PowerPotion"},{"floor":47,"key":"PowerPotion"}],"is_trial":false,"path_per_floor":["M","M","?","M","$","R","E","?","T","M","$","R","M","E","R","B",null,"M","?","?","$","M","E","M","E","T","T","E","M","R","$","R","B",null,"M","M","?","?","?","E","R","E","T","M","R","M","M","$","R","B","B",null,"R","$","E","B"],"character_chosen":"IRONCLAD","items_purchased":["Immolate","Corruption","Shrug It Off","Tiny Chest","Berserk+1","Bag of Marbles","Flame Barrier","Armaments","War Paint","Strawberry","PrismaticShard","Violence","Centennial Puzzle","Ancient Potion","Flame Barrier","Inflame+1"],"campfire_rested":0,"item_purchase_floors":[5,21,21,21,31,31,31,48,48,48,48,48,54,54,54,54],"current_hp_per_floor":[74,75,75,75,75,75,73,73,73,68,68,68,48,44,44,41,67,58,58,30,30,33,47,62,75,75,75,66,75,75,75,75,75,75,75,75,65,65,65,50,50,60,60,75,75,75,75,82,82,82,82,82,82,82,68,0],"gold":169,"neow_bonus":"THREE_ENEMY_KILL","is_prod":false,"is_daily":false,"chose_seed":false,"campfire_upgraded":8,"win_rate":0,"timestamp":1563874712,"path_taken":["M","?","?","M","?","R","E","?","T","M","$","R","M","E","R","BOSS","M","?","?","$","?","E","?","E","T","?","E","M","R","?","R","BOSS","M","M","?","?","?","E","R","E","T","M","R","?","M","$","R","BOSS","BOSS","R","$","E","BOSS"],"build_version":"2019-07-17","purchased_purges":5,"victory":false,"max_hp_per_floor":[75,75,75,75,75,75,75,75,75,75,75,75,75,75,75,75,75,75,75,75,75,75,75,75,75,75,75,75,75,75,75,75,75,75,75,75,75,75,75,75,75,75,75,75,75,75,75,82,82,82,82,82,82,82,82,82],"card_choices":[{"not_picked":["Fire Breathing","Body Slam"],"picked":"Power Through","floor":1},{"not_picked":["Intimidate","Sever Soul"],"picked":"Shockwave","floor":2},{"not_picked":["Reckless Charge","Wild Strike"],"picked":"Inflame","floor":4},{"not_picked":["True Grit","Sword Boomerang","Heavy Blade"],"picked":"SKIP","floor":7},{"not_picked":["Pommel Strike","Shrug It Off"],"picked":"Bludgeon","floor":10},{"not_picked":["Fire Breathing","Searing Blow","Rupture"],"picked":"SKIP","floor":13},{"not_picked":["Thunderclap","Flex","Uppercut"],"picked":"SKIP","floor":14},{"not_picked":["Berserk","Bludgeon"],"picked":"Reaper","floor":16},{"not_picked":["Body Slam","Clash","Disarm"],"picked":"SKIP","floor":18},{"not_picked":["Bloodletting","Thunderclap","Sword Boomerang"],"picked":"SKIP","floor":22},{"not_picked":["Heavy Blade","Ghostly Armor"],"picked":"Battle Trance","floor":23},{"not_picked":["Perfected Strike","Headbutt","Warcry"],"picked":"SKIP","floor":24},{"not_picked":["Flex","Sentinel"],"picked":"Spot Weakness","floor":25},{"not_picked":["True Grit","Perfected Strike","Pummel"],"picked":"SKIP","floor":28},{"not_picked":["Body Slam","Searing Blow"],"picked":"Armaments","floor":29},{"not_picked":["Reaper","Berserk+1"],"picked":"Double Tap","floor":33},{"not_picked":["Perfected Strike","Heavy Blade","Headbutt+1"],"picked":"SKIP","floor":35},{"not_picked":["Sword Boomerang","Perfected Strike","Clash"],"picked":"SKIP","floor":36},{"not_picked":["PanicButton","Panacea"],"picked":"Discovery","floor":37},{"not_picked":["Armaments","Intimidate"],"picked":"Shockwave","floor":40},{"not_picked":["Sever Soul","Wild Strike"],"picked":"Body Slam","floor":42},{"not_picked":["Pummel","Dropkick"],"picked":"Feel No Pain+1","floor":44},{"not_picked":["Anger+1","Clash","Reckless Charge"],"picked":"SKIP","floor":46},{"not_picked":["Anger","Sword Boomerang","Clothesline"],"picked":"SKIP","floor":47},{"not_picked":["Anger","Sword Boomerang","Clothesline"],"picked":"SKIP","floor":47},{"not_picked":["Combust+1","Sweeping Beam"],"picked":"Rage+1","floor":55}],"player_experience":1147835,"relics_obtained":[{"floor":7,"key":"Dodecahedron"},{"floor":14,"key":"Boot"},{"floor":23,"key":"Omamori"},{"floor":25,"key":"MawBank"},{"floor":26,"key":"Self Forming Clay"},{"floor":27,"key":"Frozen Egg 2"},{"floor":28,"key":"Bag of Preparation"},{"floor":40,"key":"Regal Pillow"},{"floor":40,"key":"Dream Catcher"},{"floor":42,"key":"Ancient Tea Set"},{"floor":42,"key":"Anchor"},{"floor":43,"key":"Ornamental Fan"},{"floor":55,"key":"Mercury Hourglass"},{"floor":55,"key":"Art of War"}],"event_choices":[{"damage_healed":0,"gold_gain":0,"player_choice":"Trade","damage_taken":0,"relics_obtained":["SsserpentHead"],"max_hp_gain":0,"max_hp_loss":0,"event_name":"FaceTrader","floor":3,"gold_loss":0},{"damage_healed":0,"gold_gain":0,"cards_transformed":["Strike_R"],"player_choice":"Transformed","damage_taken":0,"max_hp_gain":0,"max_hp_loss":0,"event_name":"Transmorgrifier","floor":8,"gold_loss":0,"cards_obtained":["Shockwave"]},{"damage_healed":0,"gold_gain":50,"player_choice":"Stole From Cult","damage_taken":0,"max_hp_gain":0,"max_hp_loss":0,"event_name":"Nest","floor":19,"gold_loss":0},{"damage_healed":0,"gold_gain":270,"player_choice":"GOLD GOLD GOLD ","damage_taken":28,"max_hp_gain":0,"max_hp_loss":0,"event_name":"Knowing Skull","floor":20,"potions_obtained":[],"gold_loss":0,"cards_obtained":[]},{"damage_healed":0,"gold_gain":0,"player_choice":"Memory 3","damage_taken":10,"max_hp_gain":0,"max_hp_loss":0,"event_name":"SensoryStone","floor":37,"gold_loss":0},{"damage_healed":0,"gold_gain":0,"player_choice":"Ignored","damage_taken":0,"max_hp_gain":0,"max_hp_loss":0,"event_name":"Tomb of Lord Red Mask","floor":38,"gold_loss":0},{"damage_healed":0,"gold_gain":999,"player_choice":"Gold","damage_taken":0,"max_hp_gain":0,"max_hp_loss":0,"event_name":"MindBloom","floor":39,"gold_loss":0,"cards_obtained":["Normality","Normality"]}],"is_beta":false,"boss_relics":[{"not_picked":["Pandora\u0027s Box","Fusion Hammer"],"picked":"Snecko Eye"},{"not_picked":["Runic Cube","Lizard Tail"],"picked":"Black Star"}],"items_purged_floors":[11,21,31,48,54],"is_endless":false,"potions_floor_spawned":[1,7,10,13,22,23,28,29,36,44,46,47],"killed_by":"The Heart","ascension_level":20}