{"gold_per_floor":[119,135,135,60,74,105,120,120,171,197,197],"floor_reached":11,"playtime":231,"items_purged":[],"score":166,"play_id":"bf8606f3-3f84-4372-b4e8-a216e497ce28","local_time":"20190630153416","is_ascension_mode":true,"campfire_choices":[{"data":"Defragment","floor":8,"key":"SMITH"}],"neow_cost":"NONE","seed_source_timestamp":112196835627600,"circlet_count":0,"master_deck":["AscendersBane","Strike_B","Strike_B","Defend_B","Defend_B","Defend_B","Defend_B","Zap","Dualcast","White Noise","Ball Lightning","Multi-Cast","Rip and Tear","Defragment+1"],"relics":["Cracked Core","NeowsBlessing","Singing Bowl","Bag of Preparation"],"potions_floor_usage":[6],"damage_taken":[{"damage":0,"enemies":"Jaw Worm","floor":1,"turns":1},{"damage":0,"enemies":"Small Slimes","floor":2,"turns":1},{"damage":0,"enemies":"2 Louse","floor":5,"turns":1},{"damage":11,"enemies":"Gremlin Nob","floor":6,"turns":3},{"damage":16,"enemies":"Large Slime","floor":7,"turns":4},{"damage":25,"enemies":"Lagavulin","floor":10,"turns":5},{"damage":22,"enemies":"3 Louse","floor":11,"turns":2}],"seed_played":"-5203176618943151149","potions_obtained":[{"floor":1,"key":"SteroidPotion"},{"floor":7,"key":"EssenceOfSteel"}],"is_trial":false,"path_per_floor":["M","M","?","?","M","E","M","R","T","E","M"],"character_chosen":"DEFECT","items_purchased":[],"campfire_rested":0,"item_purchase_floors":[],"current_hp_per_floor":[64,64,64,64,64,53,39,39,39,16,0],"gold":197,"neow_bonus":"THREE_ENEMY_KILL","is_prod":false,"is_daily":false,"chose_seed":false,"campfire_upgraded":1,"win_rate":0,"timestamp":1561876456,"path_taken":["M","M","?","?","M","E","M","R","T","E","M"],"build_version":"2019-01-23","purchased_purges":0,"victory":false,"max_hp_per_floor":[71,71,71,71,71,71,73,73,73,75,75],"card_choices":[{"not_picked":["Hologram","Ball Lightning"],"picked":"White Noise","floor":1},{"not_picked":["Gash","BootSequence"],"picked":"Ball Lightning","floor":2},{"not_picked":["Compile Driver","Blizzard"],"picked":"Rip and Tear","floor":5},{"not_picked":["Sweeping Beam","Stack"],"picked":"Defragment","floor":6},{"not_picked":["Steam","Steam Power","Streamline"],"picked":"Singing Bowl","floor":7},{"not_picked":["Conserve Battery","Leap","Beam Cell"],"picked":"Singing Bowl","floor":10}],"player_experience":877353,"relics_obtained":[{"floor":6,"key":"Singing Bowl"},{"floor":10,"key":"Bag of Preparation"}],"event_choices":[{"damage_healed":0,"gold_gain":0,"cards_transformed":["Strike_B"],"player_choice":"Change","damage_taken":0,"max_hp_gain":0,"max_hp_loss":0,"event_name":"Living Wall","floor":3,"gold_loss":0,"cards_obtained":["Multi-Cast"]},{"cards_removed":["Strike_B"],"damage_healed":0,"gold_gain":0,"player_choice":"Card Removal","damage_taken":0,"max_hp_gain":0,"max_hp_loss":0,"event_name":"The Cleric","floor":4,"gold_loss":75}],"is_beta":false,"boss_relics":[],"items_purged_floors":[],"is_endless":false,"potions_floor_spawned":[1,7],"killed_by":"3 Louse","ascension_level":20}