{"gold_per_floor":[117,131,131,181,196,196,221,233,325,381,393,436,469,406,418,430],"floor_reached":16,"playtime":455,"items_purged":[],"score":270,"play_id":"e3391c60-a212-4291-b229-cff59145578e","local_time":"20190730163909","is_ascension_mode":true,"campfire_choices":[{"floor":6,"key":"DIG"},{"data":"Buffer","floor":8,"key":"SMITH"},{"floor":11,"key":"DIG"},{"data":"Streamline","floor":15,"key":"SMITH"}],"neow_cost":"TEN_PERCENT_HP_LOSS","seed_source_timestamp":954763419972900,"circlet_count":0,"master_deck":["AscendersBane","Strike_B","Strike_B","Strike_B","Defend_B","Defend_B","Defend_B","Defend_B","Zap","Dualcast","Go for the Eyes","Cold Snap","Buffer+1","Cold Snap","Streamline+1","Ball Lightning"],"relics":["Cracked Core","Shovel","Golden Idol","MawBank","Matryoshka","Oddly Smooth Stone","Dream Catcher","Gremlin Horn"],"potions_floor_usage":[10,16],"damage_taken":[{"damage":1,"enemies":"Cultist","floor":1,"turns":3},{"damage":1,"enemies":"2 Louse","floor":2,"turns":3},{"damage":0,"enemies":"Small Slimes","floor":5,"turns":2},{"damage":9,"enemies":"3 Louse","floor":7,"turns":5},{"damage":0,"enemies":"Lagavulin","floor":10,"turns":8},{"damage":9,"enemies":"Gremlin Nob","floor":12,"turns":5},{"damage":0,"enemies":"Red Slaver","floor":13,"turns":4},{"damage":25,"enemies":"Hexaghost","floor":16,"turns":11}],"seed_played":"2849343021897578895","potions_obtained":[{"floor":5,"key":"GamblersBrew"},{"floor":7,"key":"Block Potion"}],"is_trial":false,"path_per_floor":["M","M","?","?","M","R","M","R","T","E","R","E","M","?","R","B"],"character_chosen":"DEFECT","items_purchased":[],"campfire_rested":0,"item_purchase_floors":[],"current_hp_per_floor":[63,62,40,40,40,40,31,31,31,31,31,22,22,22,22,0],"gold":430,"neow_bonus":"ONE_RARE_RELIC","is_prod":false,"is_daily":false,"chose_seed":false,"campfire_upgraded":2,"win_rate":0,"timestamp":1564472349,"path_taken":["M","M","?","?","M","R","?","R","T","E","R","E","M","?","R","BOSS"],"build_version":"2019-07-17","purchased_purges":0,"victory":false,"max_hp_per_floor":[64,64,64,64,64,64,64,64,64,64,64,64,64,64,64,64],"card_choices":[{"not_picked":["Compile Driver","Hologram","Barrage"],"picked":"SKIP","floor":1},{"not_picked":["Hologram","Compile Driver","Go for the Eyes"],"picked":"SKIP","floor":2},{"not_picked":["Hologram","Compile Driver"],"picked":"Go for the Eyes","floor":2},{"not_picked":["Redo","Tempest"],"picked":"Cold Snap","floor":5},{"not_picked":["Gash","Recycle"],"picked":"Buffer","floor":7},{"not_picked":["Fusion","Compile Driver"],"picked":"Cold Snap","floor":10},{"not_picked":["Beam Cell","Meteor Strike"],"picked":"Streamline","floor":12},{"not_picked":["Melter","Leap"],"picked":"Ball Lightning","floor":13}],"player_experience":1296761,"relics_obtained":[{"floor":6,"key":"MawBank"},{"floor":9,"key":"Matryoshka"},{"floor":10,"key":"Oddly Smooth Stone"},{"floor":11,"key":"Dream Catcher"},{"floor":12,"key":"Gremlin Horn"}],"event_choices":[{"damage_healed":0,"gold_gain":0,"player_choice":"Take Damage","damage_taken":22,"relics_obtained":["Golden Idol"],"max_hp_gain":0,"max_hp_loss":0,"event_name":"Golden Idol","floor":3,"gold_loss":0},{"damage_healed":0,"gold_gain":50,"player_choice":"Pray","damage_taken":0,"max_hp_gain":0,"max_hp_loss":0,"event_name":"Golden Shrine","floor":4,"gold_loss":0},{"cards_removed":["Strike_B"],"damage_healed":0,"gold_gain":0,"player_choice":"Card Removal","damage_taken":0,"max_hp_gain":0,"max_hp_loss":0,"event_name":"The Cleric","floor":14,"gold_loss":75}],"is_beta":false,"boss_relics":[],"items_purged_floors":[],"is_endless":false,"potions_floor_spawned":[5,7],"killed_by":"Hexaghost","ascension_level":20}