{"gold_per_floor":[111,111,36,54,74,74,108,132,184,217,232,232,255,273,273,372,372,387,302,302,302,75,75,75],"floor_reached":24,"playtime":658,"items_purged":["Lockon"],"score":512,"play_id":"3f03a669-ef95-4b07-b5fd-aecabaf2ca15","local_time":"20190723223122","is_ascension_mode":true,"campfire_choices":[{"data":"Gash","floor":6,"key":"SMITH"},{"data":"Loop","floor":12,"key":"SMITH"},{"data":"Coolheaded","floor":15,"key":"SMITH"},{"data":"Deep Breath","floor":23,"key":"SMITH"}],"neow_cost":"NONE","seed_source_timestamp":370884039872500,"circlet_count":0,"master_deck":["AscendersBane","Zap","Dualcast","Gash+1","Coolheaded+1","Seek","Ball Lightning","Melter","Loop+1","Gash","Reboot","Barrage","Lockon","Undo","Reboot","Creative AI","Heatsinks","Deep Breath+1"],"relics":["Cracked Core","NeowsBlessing","Bloody Idol","Symbiotic Virus","Centennial Puzzle","Blood Vial","Pandora\u0027s Box","Thread and Needle","Sundial"],"potions_floor_usage":[7,10,16,16,24],"damage_taken":[{"damage":0,"enemies":"Small Slimes","floor":1,"turns":1},{"damage":0,"enemies":"Jaw Worm","floor":4,"turns":1},{"damage":0,"enemies":"Cultist","floor":5,"turns":1},{"damage":9,"enemies":"Gremlin Nob","floor":7,"turns":3},{"damage":2,"enemies":"Blue Slaver","floor":8,"turns":3},{"damage":8,"enemies":"Lagavulin","floor":10,"turns":5},{"damage":9,"enemies":"Exordium Wildlife","floor":11,"turns":4},{"damage":0,"enemies":"Large Slime","floor":13,"turns":3},{"damage":1,"enemies":"Lots of Slimes","floor":14,"turns":4},{"damage":0,"enemies":"Slime Boss","floor":16,"turns":3},{"damage":24,"enemies":"3 Byrds","floor":18,"turns":5},{"damage":43,"enemies":"Slavers","floor":24,"turns":2}],"seed_played":"-1447790073863144359","potions_obtained":[{"floor":4,"key":"Fire Potion"},{"floor":7,"key":"GamblersBrew"},{"floor":11,"key":"Poison Potion"},{"floor":14,"key":"FocusPotion"}],"is_trial":false,"path_per_floor":["M","?","?","M","M","R","E","M","T","E","M","R","M","M","R","B",null,"M","?","?","T","$","R","E"],"character_chosen":"DEFECT","items_purchased":["Deep Breath","Energy Potion"],"campfire_rested":0,"item_purchase_floors":[22,22],"current_hp_per_floor":[64,64,64,64,64,64,55,53,53,45,38,38,40,41,41,43,59,37,37,37,37,37,37,0],"gold":75,"neow_bonus":"THREE_ENEMY_KILL","is_prod":false,"is_daily":false,"chose_seed":false,"campfire_upgraded":4,"win_rate":0,"timestamp":1563888682,"path_taken":["M","?","?","M","?","R","E","M","T","E","?","R","M","M","R","BOSS","M","?","?","?","$","R","E"],"build_version":"2019-07-17","purchased_purges":1,"victory":false,"max_hp_per_floor":[71,64,64,64,64,64,64,64,64,64,64,64,64,64,64,64,64,64,64,64,64,64,64,64],"card_choices":[{"not_picked":["Steam","Hologram"],"picked":"Gash","floor":1},{"not_picked":["Conserve Battery","Hologram"],"picked":"Coolheaded","floor":4},{"not_picked":["Go for the Eyes","Static Discharge"],"picked":"Seek","floor":5},{"not_picked":["Beam Cell","Turbo","Scrape"],"picked":"SKIP","floor":7},{"not_picked":["Streamline","Coolheaded"],"picked":"Ball Lightning","floor":8},{"not_picked":["Stack","Rainbow"],"picked":"Melter","floor":10},{"not_picked":["Beam Cell","Stack"],"picked":"Loop","floor":11},{"not_picked":["Hologram","Conserve Battery"],"picked":"Gash","floor":13},{"not_picked":["Barrage","Streamline","Hello World"],"picked":"SKIP","floor":14},{"not_picked":["Meteor Strike","Hyperbeam"],"picked":"Reboot","floor":16},{"not_picked":["Conserve Battery","Beam Cell","Ball Lightning"],"picked":"SKIP","floor":18}],"player_experience":1163042,"relics_obtained":[{"floor":7,"key":"Symbiotic Virus"},{"floor":9,"key":"Centennial Puzzle"},{"floor":10,"key":"Blood Vial"},{"floor":21,"key":"Sundial"}],"event_choices":[{"damage_healed":0,"gold_gain":0,"player_choice":"Lose Max HP","damage_taken":0,"relics_obtained":["Golden Idol"],"max_hp_gain":0,"max_hp_loss":7,"event_name":"Golden Idol","floor":2,"gold_loss":0},{"cards_removed":["Strike_B"],"damage_healed":0,"gold_gain":0,"player_choice":"Card Removal","damage_taken":0,"max_hp_gain":0,"max_hp_loss":0,"event_name":"The Cleric","floor":3,"gold_loss":75},{"damage_healed":0,"gold_gain":0,"player_choice":"Obtained Relic","damage_taken":0,"relics_obtained":["Thread and Needle"],"max_hp_gain":0,"max_hp_loss":0,"event_name":"Addict","floor":19,"gold_loss":85},{"damage_healed":0,"gold_gain":0,"player_choice":"Gave Idol","damage_taken":0,"relics_obtained":["Bloody Idol"],"max_hp_gain":0,"max_hp_loss":0,"event_name":"Forgotten Altar","floor":20,"relics_lost":["Golden Idol"],"gold_loss":0}],"is_beta":false,"boss_relics":[{"not_picked":["FrozenCore","Orrery"],"picked":"Pandora\u0027s Box"}],"items_purged_floors":[22],"is_endless":false,"potions_floor_spawned":[4,7,11,14],"killed_by":"Slavers","ascension_level":20}