{"gold_per_floor":[114,114,114,131,77,110,123,158,184,184,202,126,126,126,126,224,274,263,263],"floor_reached":19,"playtime":1216,"items_purged":[],"score":305,"play_id":"716bf8e4-a470-4b58-9fa0-b60b0f035df0","local_time":"20190609162934","is_ascension_mode":true,"campfire_choices":[{"floor":13,"key":"REST"},{"floor":15,"key":"REST"}],"neow_cost":"NONE","seed_source_timestamp":1215781818557267,"circlet_count":0,"master_deck":["Defend_G","Defend_G","Defend_G","Defend_G","Defend_G","Strike_G","Strike_G","Strike_G","Strike_G","Strike_G+1","Survivor","Neutralize","Tactician+1","Prepared","Dagger Throw","Distraction","After Image","Masterful Stab","Acrobatics","Distraction","Backflip","Venomology","Calculated Gamble","Calculated Gamble"],"relics":["Ring of the Snake","NeowsBlessing","Strawberry","Boot","Bag of Preparation","Dream Catcher","Tiny House"],"potions_floor_usage":[8,16,16,18,19],"damage_taken":[{"damage":0,"enemies":"2 Louse","floor":1,"turns":1},{"damage":0,"enemies":"Small Slimes","floor":4,"turns":1},{"damage":0,"enemies":"3 Sentries","floor":6,"turns":1},{"damage":2,"enemies":"Jaw Worm","floor":7,"turns":4},{"damage":33,"enemies":"Lagavulin","floor":8,"turns":8},{"damage":9,"enemies":"Large Slime","floor":11,"turns":12},{"damage":64,"enemies":"Slime Boss","floor":16,"turns":14},{"damage":17,"enemies":"2 Thieves","floor":18,"turns":4},{"damage":53,"enemies":"Spheric Guardian","floor":19,"turns":7}],"seed_played":"-8350427552749846536","potions_obtained":[{"floor":4,"key":"SteroidPotion"},{"floor":6,"key":"EssenceOfSteel"},{"floor":11,"key":"Energy Potion"},{"floor":16,"key":"Fire Potion"},{"floor":17,"key":"GamblersBrew"}],"is_trial":false,"path_per_floor":["M","?","?","M","$","E","M","E","T","?","M","$","R","$","R","B",null,"M","M"],"character_chosen":"THE_SILENT","items_purchased":["Dagger Throw","Acrobatics","PowerPotion"],"campfire_rested":2,"item_purchase_floors":[5,12,12],"current_hp_per_floor":[63,63,63,63,63,63,61,28,28,33,24,24,48,48,72,8,69,52,0],"gold":263,"neow_bonus":"THREE_ENEMY_KILL","is_prod":false,"is_daily":false,"chose_seed":false,"campfire_upgraded":0,"win_rate":0,"timestamp":1560086974,"path_taken":["M","?","?","M","$","E","M","E","T","?","M","?","R","$","R","BOSS","M","M"],"build_version":"2019-01-23","purchased_purges":0,"victory":false,"max_hp_per_floor":[70,77,77,77,77,77,77,77,77,82,82,82,82,82,82,82,87,87,87],"card_choices":[{"not_picked":["PiercingWail","Flechettes"],"picked":"Tactician","floor":1},{"not_picked":["PiercingWail","Finisher"],"picked":"Prepared","floor":4},{"not_picked":["Dagger Spray","Dodge and Roll","Outmaneuver"],"picked":"SKIP","floor":6},{"not_picked":["Slice","Terror"],"picked":"Distraction","floor":7},{"not_picked":["Terror","Dagger Spray"],"picked":"After Image","floor":8},{"not_picked":["Blade Dance","Deadly Poison"],"picked":"Masterful Stab","floor":11},{"not_picked":["Sucker Punch","Outmaneuver"],"picked":"Distraction","floor":13},{"not_picked":["Caltrops","PiercingWail"],"picked":"Backflip","floor":15},{"not_picked":["Die Die Die","Malaise"],"picked":"Venomology","floor":16},{"not_picked":["Caltrops","Acrobatics"],"picked":"Calculated Gamble","floor":17},{"not_picked":["PiercingWail","Masterful Stab"],"picked":"Calculated Gamble","floor":18}],"player_experience":1498794,"relics_obtained":[{"floor":6,"key":"Boot"},{"floor":8,"key":"Bag of Preparation"},{"floor":9,"key":"Dream Catcher"}],"event_choices":[{"damage_healed":0,"gold_gain":0,"player_choice":"Success","damage_taken":7,"relics_obtained":["Strawberry"],"max_hp_gain":0,"max_hp_loss":0,"event_name":"Scrap Ooze","floor":2,"gold_loss":0},{"damage_healed":0,"gold_gain":0,"player_choice":"Grow","damage_taken":0,"max_hp_gain":0,"max_hp_loss":0,"event_name":"Living Wall","floor":3,"gold_loss":0,"cards_upgraded":["Tactician"]},{"damage_healed":0,"gold_gain":0,"player_choice":"Donut","damage_taken":0,"max_hp_gain":5,"max_hp_loss":0,"event_name":"Big Fish","floor":10,"gold_loss":0}],"is_beta":false,"boss_relics":[{"not_picked":["Lizard Tail","Pandora\u0027s Box"],"picked":"Tiny House"}],"items_purged_floors":[],"is_endless":false,"potions_floor_spawned":[4,6,11,16],"killed_by":"Spheric Guardian","ascension_level":8}