{"gold_per_floor":[17,17,17,36,55,55,2,34,34,34,53,72,98,110,110,110],"floor_reached":16,"playtime":424,"items_purged":[],"score":224,"play_id":"ec086abf-fb92-4681-94fa-e0c8015901b5","local_time":"20190622171230","is_ascension_mode":true,"campfire_choices":[{"data":"1","floor":6.0,"key":"LIFT"},{"data":"Carnage","floor":10.0,"key":"SMITH"},{"data":"Pommel Strike","floor":15.0,"key":"SMITH"}],"neow_cost":"NO_GOLD","seed_source_timestamp":13008604189900,"circlet_count":0,"master_deck":["AscendersBane","Strike_R","Strike_R","Strike_R","Strike_R","Defend_R","Defend_R","Defend_R","Defend_R","Bash","Sword Boomerang","Ghostly Armor","Anger","Dark Embrace","Pommel Strike+1","Carnage+1","True Grit","Offering","Shrug It Off"],"special_seed":0,"relics":["Burning Blood","Girya","Sundial","Thread and Needle","Centennial Puzzle"],"potions_floor_usage":[16,16],"damage_taken":[{"damage":6.0,"enemies":"Jaw Worm","floor":1.0,"turns":5.0},{"damage":2.0,"enemies":"2 Louse","floor":4.0,"turns":2.0},{"damage":0.0,"enemies":"Small Slimes","floor":5.0,"turns":4.0},{"damage":28.0,"enemies":"Lagavulin","floor":8.0,"turns":6.0},{"damage":26.0,"enemies":"Gremlin Gang","floor":11.0,"turns":4.0},{"damage":3.0,"enemies":"3 Louse","floor":12.0,"turns":3.0},{"damage":25.0,"enemies":"Gremlin Nob","floor":13.0,"turns":4.0},{"damage":2.0,"enemies":"2 Fungi Beasts","floor":14.0,"turns":3.0},{"damage":34,"enemies":"The Guardian","floor":16,"turns":6}],"seed_played":"-7967866165636804256","potions_obtained":[{"floor":1.0,"key":"AttackPotion"},{"floor":5.0,"key":"SpeedPotion"},{"floor":12.0,"key":"Regen Potion"},{"floor":14.0,"key":"Poison Potion"}],"is_trial":false,"path_per_floor":["M","?","?","M","M","R","$","E","T","R","M","M","E","M","R","B"],"character_chosen":"IRONCLAD","items_purchased":["Pommel Strike"],"campfire_rested":0,"item_purchase_floors":[7],"current_hp_per_floor":[68,68,68,72,75,75,75,53,53,53,33,36,29,33,33,0],"gold":110,"neow_bonus":"ONE_RARE_RELIC","is_prod":false,"is_daily":false,"chose_seed":false,"campfire_upgraded":2,"win_rate":0,"timestamp":1561191150,"path_taken":["M","?","?","M","M","R","?","E","T","R","M","M","E","M","R","BOSS"],"build_version":"2019-01-23","purchased_purges":0,"victory":false,"max_hp_per_floor":[75,75,75,75,75,75,75,75,75,75,75,75,75,75,75,75],"card_choices":[{"not_picked":["Entrench","Shockwave"],"picked":"Sword Boomerang","floor":1.0},{"not_picked":["Wild Strike","Flex"],"picked":"Anger","floor":4.0},{"not_picked":["Perfected Strike","Infernal Blade"],"picked":"Dark Embrace","floor":5.0},{"not_picked":["Wild Strike","Clash"],"picked":"Carnage","floor":8.0},{"not_picked":["Twin Strike","Iron Wave","Body Slam"],"picked":"SKIP","floor":11.0},{"not_picked":["Uppercut","Armaments"],"picked":"True Grit","floor":12.0},{"not_picked":["Brutality","Twin Strike"],"picked":"Offering","floor":13.0},{"not_picked":["Thunderclap","Searing Blow"],"picked":"Shrug It Off","floor":14.0}],"player_experience":747671,"relics_obtained":[{"floor":8.0,"key":"Sundial"},{"floor":9.0,"key":"Thread and Needle"},{"floor":13.0,"key":"Centennial Puzzle"}],"event_choices":[{"damage_healed":0.0,"max_hp_gain":0.0,"max_hp_loss":0.0,"gold_gain":0.0,"event_name":"The Cleric","player_choice":"Leave","floor":2.0,"gold_loss":0.0,"damage_taken":0.0},{"damage_healed":0.0,"max_hp_gain":0.0,"max_hp_loss":0.0,"gold_gain":0.0,"cards_transformed":["Strike_R"],"event_name":"Living Wall","player_choice":"Change","floor":3.0,"gold_loss":0.0,"damage_taken":0.0,"cards_obtained":["Ghostly Armor"]}],"is_beta":false,"boss_relics":[],"items_purged_floors":[],"is_endless":false,"potions_floor_spawned":[1,5,12,14],"killed_by":"The Guardian","ascension_level":20}