{"gold_per_floor":[111,111,124,147,79,111,111,124,148,168,93,93,93,120,120,217,217,230,86,101,119,135,168,168,187,187,45,65,85,85,34,34,136,136,146,69,69,69,69,69,84,84,166,166,177,187,202,215,215,215,215,215,0,31,31],"floor_reached":55,"playtime":4812,"items_purged":["Defend_G"],"score":699,"play_id":"9b5444f5-7056-4734-9909-855d5467d406","local_time":"20190227185352","is_ascension_mode":false,"campfire_choices":[{"data":"Infinite Blades","floor":7.0,"key":"SMITH"},{"data":"Cloak And Dagger","floor":13.0,"key":"SMITH"},{"data":"Cloak And Dagger","floor":15.0,"key":"SMITH"},{"floor":24.0,"key":"RECALL"},{"floor":32.0,"key":"REST"},{"floor":40.0,"key":"REST"},{"data":"1","floor":42.0,"key":"LIFT"},{"data":"2","floor":44.0,"key":"LIFT"},{"data":"3","floor":49.0,"key":"LIFT"},{"data":"Infinite Blades","floor":52.0,"key":"SMITH"}],"neow_cost":"NONE","seed_source_timestamp":704122210859746,"circlet_count":0,"master_deck":["Defend_G+1","Defend_G","Defend_G","Strike_G","Strike_G","Strike_G","Strike_G","Survivor","Neutralize","Slice","Deflect+1","Infinite Blades+1","Deflect","Cloak And Dagger+1","Cloak And Dagger+1","Venomology+1","Endless Agony","PiercingWail","Blade Dance","Caltrops","Prepared","Die Die Die","Finisher","Bandage Up","Infinite Blades+1","Prepared","Accuracy","Crippling Poison"],"special_seed":0,"relics":["Ring of the Snake","NeowsBlessing","Blood Vial","Orichalcum","Omamori","Calipers","Calling Bell","Pen Nib","Paper Crane","Dead Branch","Bronze Scales","War Paint","Girya","Empty Cage","Kunai","Anchor","Ice Cream"],"potions_floor_usage":[55,55,55],"damage_taken":[{"damage":0.0,"enemies":"Cultist","floor":1.0,"turns":1.0},{"damage":0.0,"enemies":"Jaw Worm","floor":3.0,"turns":1.0},{"damage":0.0,"enemies":"Lagavulin","floor":6.0,"turns":1.0},{"damage":2.0,"enemies":"Small Slimes","floor":8.0,"turns":3.0},{"damage":0.0,"enemies":"Red Slaver","floor":10.0,"turns":5.0},{"damage":7.0,"enemies":"3 Sentries","floor":14.0,"turns":10.0},{"damage":44.0,"enemies":"The Guardian","floor":16.0,"turns":20.0},{"damage":5.0,"enemies":"Shell Parasite","floor":18.0,"turns":5.0},{"damage":0.0,"enemies":"Chosen","floor":20.0,"turns":3.0},{"damage":0.0,"enemies":"Sentry and Sphere","floor":21.0,"turns":4.0},{"damage":0.0,"enemies":"Cultist and Chosen","floor":22.0,"turns":6.0},{"damage":13.0,"enemies":"Gremlin Leader","floor":23.0,"turns":5.0},{"damage":1.0,"enemies":"Centurion and Healer","floor":25.0,"turns":5.0},{"damage":34.0,"enemies":"Snake Plant","floor":28.0,"turns":4.0},{"damage":2.0,"enemies":"Sentry and Sphere","floor":29.0,"turns":5.0},{"damage":23.0,"enemies":"Champ","floor":33.0,"turns":11.0},{"damage":14.0,"enemies":"3 Darklings","floor":35.0,"turns":6.0},{"damage":1.0,"enemies":"3 Shapes","floor":41.0,"turns":6.0},{"damage":18.0,"enemies":"Jaw Worm Horde","floor":45.0,"turns":3.0},{"damage":4.0,"enemies":"3 Darklings","floor":46.0,"turns":3.0},{"damage":0.0,"enemies":"4 Shapes","floor":47.0,"turns":10.0},{"damage":4.0,"enemies":"Jaw Worm Horde","floor":48.0,"turns":3.0},{"damage":50.0,"enemies":"Time Eater","floor":50.0,"turns":10.0},{"damage":35.0,"enemies":"Shield and Spear","floor":54.0,"turns":6.0},{"damage":64,"enemies":"The Heart","floor":55,"turns":2}],"seed_played":"2952152618691899194","potions_obtained":[{"floor":3.0,"key":"Energy Potion"},{"floor":8.0,"key":"Regen Potion"},{"floor":10.0,"key":"Swift Potion"},{"floor":23.0,"key":"LiquidBronze"},{"floor":25.0,"key":"Fire Potion"},{"floor":33.0,"key":"PowerPotion"},{"floor":48.0,"key":"EssenceOfSteel"},{"floor":54.0,"key":"Swift Potion"}],"is_trial":false,"path_per_floor":["M","T","M","T","$","E","R","M","T","M","$","?","R","E","R","B",null,"M","$","M","M","M","E","R","M","T","$","M","M","?","$","R","B",null,"M","$","?","?","$","R","M","R","T","R","M","M","M","M","R","B",null,"R","$","E","B"],"character_chosen":"THE_SILENT","items_purchased":["Infinite Blades","Bronze Scales","LiquidBronze","Caltrops","AttackPotion","Finisher","Anchor","Crippling Poison"],"campfire_rested":2,"item_purchase_floors":[5,19,27,27,31,36,53,53],"current_hp_per_floor":[70,70,70,70,70,70,70,68,68,70,70,70,70,63,63,21,70,65,65,67,69,70,57,57,70,70,70,36,36,36,36,57,36,70,56,56,56,56,56,70,69,69,69,69,56,58,64,66,66,22,70,70,70,39,0],"gold":31,"neow_bonus":"THREE_ENEMY_KILL","is_prod":false,"is_daily":false,"chose_seed":false,"campfire_upgraded":4,"win_rate":0,"timestamp":1551286432,"path_taken":["M","?","?","?","$","E","R","M","T","M","$","?","R","E","R","BOSS","M","$","M","?","M","E","R","M","T","$","M","M","?","$","R","BOSS","M","$","?","?","?","R","M","R","T","R","?","M","M","M","R","BOSS","R","$","E","BOSS"],"build_version":"2019-01-23","purchased_purges":1,"victory":false,"max_hp_per_floor":[70,70,70,70,70,70,70,70,70,70,70,70,70,70,70,70,70,70,70,70,70,70,70,70,70,70,70,70,70,70,70,70,70,70,70,70,70,70,70,70,70,70,70,70,70,70,70,70,70,70,70,70,70,70,70],"card_choices":[{"not_picked":["Prepared","Setup"],"picked":"Slice","floor":1.0},{"not_picked":["Catalyst","Dodge and Roll"],"picked":"Deflect","floor":3.0},{"not_picked":["Unload","Dagger Throw"],"picked":"Deflect","floor":6.0},{"not_picked":["Heel Hook","Backstab"],"picked":"Cloak And Dagger","floor":8.0},{"not_picked":["Dagger Throw","Leg Sweep"],"picked":"Cloak And Dagger","floor":10.0},{"not_picked":["Deadly Poison","Setup","Skewer"],"picked":"SKIP","floor":14.0},{"not_picked":["Wraith Form v2","Night Terror"],"picked":"Venomology","floor":16.0},{"not_picked":["Caltrops","Terror"],"picked":"Endless Agony","floor":18.0},{"not_picked":["Quick Slash","Poisoned Stab","Well Laid Plans"],"picked":"SKIP","floor":20.0},{"not_picked":["Dagger Spray","Deadly Poison+1","Predator"],"picked":"SKIP","floor":21.0},{"not_picked":["Acrobatics+1","Dagger Throw"],"picked":"PiercingWail","floor":22.0},{"not_picked":["Bane+1","Leg Sweep","Deadly Poison"],"picked":"SKIP","floor":23.0},{"not_picked":["PiercingWail","Bullet Time"],"picked":"Blade Dance","floor":25.0},{"not_picked":["Acrobatics","Dagger Spray","Backflip"],"picked":"SKIP","floor":28.0},{"not_picked":["Crippling Poison","Backflip"],"picked":"Prepared","floor":29.0},{"not_picked":["Malaise","Night Terror"],"picked":"Die Die Die","floor":33.0},{"not_picked":["Dash","Flying Knee+1","Poisoned Stab+1"],"picked":"SKIP","floor":35.0},{"not_picked":["Finesse","Magnetism"],"picked":"Bandage Up","floor":37.0},{"not_picked":["Sucker Punch","Setup"],"picked":"Infinite Blades","floor":41.0},{"not_picked":["Deflect","Poisoned Stab"],"picked":"Prepared","floor":45.0},{"not_picked":["Deflect","Bouncing Flask","Dagger Spray"],"picked":"SKIP","floor":46.0},{"not_picked":["Outmaneuver+1","Acrobatics+1","Dagger Throw+1"],"picked":"SKIP","floor":47.0},{"not_picked":["Slice","Underhanded Strike"],"picked":"Accuracy","floor":48.0},{"not_picked":["Blur","Dodge and Roll","Outmaneuver"],"picked":"SKIP","floor":54.0}],"player_experience":998250,"relics_obtained":[{"floor":2.0,"key":"Blood Vial"},{"floor":4.0,"key":"Orichalcum"},{"floor":6.0,"key":"Omamori"},{"floor":14.0,"key":"Calipers"},{"floor":17.0,"key":"Pen Nib"},{"floor":17.0,"key":"Paper Crane"},{"floor":17.0,"key":"Dead Branch"},{"floor":23.0,"key":"War Paint"},{"floor":26.0,"key":"Girya"},{"floor":43.0,"key":"Kunai"},{"floor":54.0,"key":"Ice Cream"}],"event_choices":[{"cards_removed":["Defend_G"],"damage_healed":0.0,"max_hp_gain":0.0,"max_hp_loss":0.0,"gold_gain":0.0,"event_name":"Purifier","player_choice":"Purged","floor":12.0,"gold_loss":0.0,"damage_taken":0.0},{"damage_healed":0.0,"max_hp_gain":0.0,"max_hp_loss":0.0,"gold_gain":0.0,"event_name":"Upgrade Shrine","player_choice":"Upgraded","floor":30.0,"gold_loss":0.0,"damage_taken":0.0,"cards_upgraded":["Venomology"]},{"damage_healed":0.0,"max_hp_gain":0.0,"max_hp_loss":0.0,"gold_gain":0.0,"event_name":"SensoryStone","player_choice":"Memory 1","floor":37.0,"gold_loss":0.0,"damage_taken":0.0},{"damage_healed":0.0,"max_hp_gain":0.0,"max_hp_loss":0.0,"gold_gain":0.0,"event_name":"Mysterious Sphere","player_choice":"Ignored","floor":38.0,"gold_loss":0.0,"damage_taken":0.0}],"is_beta":false,"boss_relics":[{"not_picked":["Runic Pyramid","Lizard Tail"],"picked":"Calling Bell"},{"not_picked":["Philosopher\u0027s Stone","Black Star"],"picked":"Empty Cage"}],"items_purged_floors":[11],"is_endless":false,"potions_floor_spawned":[3,8,10,14,23,25,33,35,41,48,54],"killed_by":"The Heart","ascension_level":0}