{"gold_per_floor":[117,130,130,147,147,211,230,230,230,249,249,269,269],"floor_reached":13,"playtime":480,"items_purged":[],"score":174,"play_id":"a9466e3b-81d4-4820-b33c-3a3f72e00e52","local_time":"20190726180915","is_ascension_mode":true,"campfire_choices":[{"data":"Darkness","floor":8,"key":"SMITH"},{"data":"Buffer","floor":11,"key":"SMITH"}],"neow_cost":"NONE","seed_source_timestamp":614540075008100,"circlet_count":0,"master_deck":["AscendersBane","Strike_B","Strike_B","Strike_B","Strike_B","Defend_B","Defend_B","Defend_B","Defend_B","Zap","Dualcast","Darkness+1","Buffer+1","Chill","Conserve Battery","Turbo"],"relics":["Black Star","Pen Nib","Dead Branch","Centennial Puzzle","Tiny Chest","Matryoshka"],"potions_floor_usage":[12],"damage_taken":[{"damage":1,"enemies":"2 Louse","floor":1,"turns":4},{"damage":1,"enemies":"Cultist","floor":2,"turns":3},{"damage":7,"enemies":"Small Slimes","floor":4,"turns":3},{"damage":20,"enemies":"Lagavulin","floor":6,"turns":7},{"damage":5,"enemies":"Red Slaver","floor":7,"turns":3},{"damage":6,"enemies":"Exordium Wildlife","floor":10,"turns":3},{"damage":6,"enemies":"Lots of Slimes","floor":12,"turns":5},{"damage":15,"enemies":"3 Sentries","floor":13,"turns":8}],"seed_played":"-8672596278132894935","potions_obtained":[{"floor":1,"key":"Swift Potion"},{"floor":6,"key":"GamblersBrew"},{"floor":12,"key":"SteroidPotion"}],"is_trial":false,"path_per_floor":["M","M","?","M","?","E","M","R","T","M","R","M","E"],"character_chosen":"DEFECT","items_purchased":[],"campfire_rested":0,"item_purchase_floors":[],"current_hp_per_floor":[63,62,62,55,55,35,30,30,30,24,24,18,3],"gold":269,"neow_bonus":"BOSS_RELIC","is_prod":false,"is_daily":false,"chose_seed":false,"campfire_upgraded":2,"win_rate":0,"timestamp":1564132155,"path_taken":["M","M","?","?","?","E","M","R","T","?","R","M","E"],"build_version":"2019-07-17","purchased_purges":0,"victory":false,"max_hp_per_floor":[71,71,71,71,71,71,71,71,71,71,71,71,71],"card_choices":[{"not_picked":["Redo","Stack"],"picked":"Darkness","floor":1},{"not_picked":["Leap","Turbo","Sweeping Beam"],"picked":"SKIP","floor":2},{"not_picked":["Coolheaded","Turbo"],"picked":"Buffer","floor":4},{"not_picked":["Sweeping Beam","Rip and Tear"],"picked":"Chill","floor":6},{"not_picked":["Beam Cell","Go for the Eyes"],"picked":"Conserve Battery","floor":7},{"not_picked":["Stack","Hologram"],"picked":"Turbo","floor":10},{"not_picked":["Gash","Hello World","Amplify"],"picked":"SKIP","floor":12},{"not_picked":["Gash","Hello World","Amplify"],"picked":"SKIP","floor":12}],"player_experience":1224697,"relics_obtained":[{"floor":3,"key":"Pen Nib"},{"floor":6,"key":"Centennial Puzzle"},{"floor":6,"key":"Tiny Chest"},{"floor":9,"key":"Matryoshka"}],"event_choices":[{"damage_healed":0,"gold_gain":0,"player_choice":"Relic","damage_taken":0,"max_hp_gain":0,"max_hp_loss":0,"event_name":"Wheel of Change","floor":3,"gold_loss":0},{"damage_healed":0,"gold_gain":0,"player_choice":"Gave Potion","damage_taken":0,"relics_obtained":["Dead Branch"],"max_hp_gain":0,"max_hp_loss":0,"event_name":"WeMeetAgain","floor":5,"gold_loss":0}],"is_beta":false,"boss_relics":[],"items_purged_floors":[],"is_endless":false,"potions_floor_spawned":[1,6,12],"killed_by":"3 Sentries","ascension_level":20}