{"gold_per_floor":[110,120,134,134,29,29,56,74,99,99],"floor_reached":10,"playtime":504,"items_purged":[],"score":129,"play_id":"7292d4f5-a6df-448b-8419-a15f1b680af4","local_time":"20190729200120","is_ascension_mode":true,"campfire_choices":[{"floor":6,"key":"REST"}],"neow_cost":"NONE","seed_source_timestamp":870712192808890,"circlet_count":0,"master_deck":["AscendersBane","Strike_G","Strike_G","Strike_G","Strike_G","Strike_G","Defend_G","Defend_G","Defend_G","Defend_G","Defend_G","Survivor","Neutralize","Escape Plan","Bane","Bouncing Flask","Deadly Poison","Dagger Throw","After Image"],"relics":["Ring of the Snake","Snake Skull","Omamori","Smiling Mask"],"potions_floor_usage":[7],"damage_taken":[{"damage":0,"enemies":"Small Slimes","floor":1,"turns":6},{"damage":1,"enemies":"Cultist","floor":2,"turns":4},{"damage":5,"enemies":"2 Louse","floor":3,"turns":3},{"damage":43,"enemies":"3 Sentries","floor":7,"turns":15},{"damage":8,"enemies":"Blue Slaver","floor":8,"turns":3},{"damage":0,"enemies":"Exordium Wildlife","floor":10,"turns":1}],"seed_played":"-4913038242014601728","potions_obtained":[{"floor":1,"key":"Ancient Potion"},{"floor":8,"key":"Poison Potion"}],"is_trial":false,"path_per_floor":["M","M","M","?","$","R","E","M","T","M"],"character_chosen":"THE_SILENT","items_purchased":["Deadly Poison","SkillPotion"],"campfire_rested":1,"item_purchase_floors":[5,5],"current_hp_per_floor":[59,58,53,53,53,66,23,15,15,15],"gold":99,"neow_bonus":"RANDOM_COMMON_RELIC","is_prod":false,"is_daily":false,"chose_seed":false,"campfire_upgraded":0,"win_rate":0,"timestamp":1564419680,"path_taken":["M","M","M","?","$","R","E","M","T","M"],"build_version":"2019-07-17","purchased_purges":0,"victory":false,"max_hp_per_floor":[66,66,66,66,66,66,66,66,66,66],"card_choices":[{"not_picked":["Skewer","PiercingWail"],"picked":"Escape Plan","floor":1},{"not_picked":["Acrobatics","Cloak And Dagger"],"picked":"Bane","floor":2},{"not_picked":["Well Laid Plans","Flying Knee"],"picked":"Bouncing Flask","floor":3},{"not_picked":["Underhanded Strike","Outmaneuver"],"picked":"Dagger Throw","floor":7},{"not_picked":["Dagger Spray","Well Laid Plans"],"picked":"After Image","floor":8}],"player_experience":1676252,"relics_obtained":[{"floor":7,"key":"Omamori"},{"floor":9,"key":"Smiling Mask"}],"event_choices":[{"damage_healed":0,"gold_gain":0,"player_choice":"Ignored","damage_taken":0,"max_hp_gain":0,"max_hp_loss":0,"event_name":"Shining Light","floor":4,"gold_loss":0}],"is_beta":false,"boss_relics":[],"items_purged_floors":[],"is_endless":false,"potions_floor_spawned":[1,8],"killed_by":"Exordium Wildlife","ascension_level":18}