{"gold_per_floor":[119,132,144,109,109,109,123,150,175,175,192,208,242,256,256,330,330,346,346,65,91,11,39,39,39,64,82,107,107,207,227,227,305,305,321,1320,1320,1332,856,856,888,195,195,230,241,259,259,279,279,279,279,279,279,48,74,74],"floor_reached":57,"playtime":2616,"items_purged":["Normality","Normality","Defend_B"],"score":2945,"play_id":"3e833f89-39ef-45a3-b867-428d9d0bae43","local_time":"20190707202243","is_ascension_mode":true,"campfire_choices":[{"data":"Zap","floor":6,"key":"SMITH"},{"data":"Sunder","floor":10,"key":"SMITH"},{"data":"Coolheaded","floor":15,"key":"SMITH"},{"floor":24,"key":"REST"},{"floor":29,"key":"RECALL"},{"floor":32,"key":"REST"},{"floor":40,"key":"REST"},{"floor":47,"key":"REST"},{"floor":49,"key":"REST"},{"floor":53,"key":"REST"}],"neow_cost":"PERCENT_DAMAGE","seed_source_timestamp":731914371480400,"circlet_count":0,"master_deck":["AscendersBane","Strike_B","Defend_B","Defend_B","Defend_B+1","Zap+1","Dualcast","Chill","Cold Snap","Self Repair+1","Ball Lightning","Sunder+1","Ball Lightning","Coolheaded+1","Electrodynamics","Skim+1","White Noise","Heatsinks","Heatsinks+1","Coolheaded+1","Undo","Creative AI+1","Loop+1","Glacier+1","Seek","Glacier","Recycle+1","Meteor Strike","Defragment+1","Master of Strategy","Consume","Loop+1","Defragment+1","Panacea"],"relics":["Cracked Core","Emotion Chip","Centennial Puzzle","Juzu Bracelet","Lantern","Fusion Hammer","Mummified Hand","Red Mask","Dream Catcher","Frozen Egg 2","Thread and Needle","Blue Candle","Empty Cage","Anchor","Potion Belt","Pantograph","Darkstone Periapt","Bag of Preparation","Oddly Smooth Stone"],"potions_floor_usage":[7,13,16,23,30,33,56,56,56,56],"damage_taken":[{"damage":1,"enemies":"2 Louse","floor":1,"turns":4},{"damage":3,"enemies":"Small Slimes","floor":2,"turns":4},{"damage":0,"enemies":"Cultist","floor":3,"turns":3},{"damage":8,"enemies":"Lots of Slimes","floor":7,"turns":5},{"damage":13,"enemies":"Lagavulin","floor":8,"turns":7},{"damage":5,"enemies":"3 Louse","floor":11,"turns":2},{"damage":2,"enemies":"Red Slaver","floor":12,"turns":3},{"damage":9,"enemies":"3 Sentries","floor":13,"turns":5},{"damage":0,"enemies":"Looter","floor":14,"turns":2},{"damage":16,"enemies":"Slime Boss","floor":16,"turns":7},{"damage":13,"enemies":"Shell Parasite","floor":18,"turns":4},{"damage":5,"enemies":"Masked Bandits","floor":21,"turns":3},{"damage":34,"enemies":"Book of Stabbing","floor":23,"turns":4},{"damage":0,"enemies":"Spheric Guardian","floor":27,"turns":3},{"damage":9,"enemies":"Slavers","floor":28,"turns":3},{"damage":19,"enemies":"Colosseum Slavers","floor":30,"turns":3},{"damage":0,"enemies":"Colosseum Nobs","floor":30,"turns":2},{"damage":14,"enemies":"Snake Plant","floor":31,"turns":2},{"damage":28,"enemies":"Automaton","floor":33,"turns":8},{"damage":15,"enemies":"Orb Walker","floor":35,"turns":4},{"damage":7,"enemies":"3 Darklings","floor":38,"turns":5},{"damage":2,"enemies":"Reptomancer","floor":41,"turns":7},{"damage":0,"enemies":"Nemesis","floor":44,"turns":7},{"damage":0,"enemies":"Writhing Mass","floor":45,"turns":3},{"damage":0,"enemies":"4 Shapes","floor":46,"turns":2},{"damage":0,"enemies":"Spire Growth","floor":48,"turns":3},{"damage":0,"enemies":"Donu and Deca","floor":50,"turns":12},{"damage":38,"enemies":"Time Eater","floor":51,"turns":14},{"damage":36,"enemies":"Shield and Spear","floor":55,"turns":4},{"damage":0,"enemies":"The Heart","floor":56,"turns":11}],"seed_played":"648357977979623129","potions_obtained":[{"floor":1,"key":"SpeedPotion"},{"floor":3,"key":"SkillPotion"},{"floor":7,"key":"Explosive Potion"},{"floor":8,"key":"Strength Potion"},{"floor":14,"key":"LiquidBronze"},{"floor":18,"key":"Ancient Potion"},{"floor":23,"key":"Swift Potion"},{"floor":31,"key":"FocusPotion"},{"floor":38,"key":"Block Potion"},{"floor":41,"key":"AttackPotion"},{"floor":55,"key":"SpeedPotion"}],"is_trial":false,"path_per_floor":["M","M","M","?","?","R","M","E","T","R","M","M","E","M","R","B",null,"M","?","$","?","$","E","R","?","T","M","E","R","?","M","R","B",null,"M","?","?","M","$","R","E","$","T","E","M","M","R","M","R","B","B",null,"R","$","E","B",null],"character_chosen":"DEFECT","items_purchased":["Mummified Hand","Heatsinks","Seek","Glacier","Anchor","Defragment+1","PowerPotion","Master of Strategy","Pantograph","Panacea"],"campfire_rested":6,"item_purchase_floors":[20,22,39,39,39,42,42,42,42,54],"current_hp_per_floor":[45,42,42,59,38,38,40,37,37,37,32,40,41,41,41,35,62,59,59,59,64,64,40,61,61,61,71,71,71,71,57,71,53,67,62,62,62,65,65,71,71,71,71,71,71,71,71,71,71,71,53,67,71,71,45,71],"gold":74,"neow_bonus":"ONE_RARE_RELIC","is_prod":false,"is_daily":false,"chose_seed":false,"campfire_upgraded":3,"win_rate":0,"timestamp":1562498563,"path_taken":["M","M","M","?","?","R","M","E","T","R","M","M","E","M","R","BOSS","M","?","?","?","$","E","R","?","T","M","E","R","?","M","R","BOSS","M","?","?","M","$","R","E","$","T","E","M","M","R","M","R","BOSS","BOSS","R","$","E","BOSS"],"build_version":"2019-07-05","purchased_purges":3,"victory":true,"max_hp_per_floor":[71,71,71,71,71,71,71,71,71,71,71,71,71,71,71,71,71,71,71,71,71,71,71,71,71,71,71,71,71,71,71,71,71,71,71,71,71,71,71,71,71,71,71,71,71,71,71,71,71,71,71,71,71,71,71,71],"card_choices":[{"not_picked":["Hologram","Doom and Gloom"],"picked":"Chill","floor":1},{"not_picked":["Heatsinks","Conserve Battery"],"picked":"Cold Snap","floor":2},{"not_picked":["Cold Snap","Coolheaded"],"picked":"Self Repair","floor":3},{"not_picked":["Turbo","Hologram"],"picked":"Ball Lightning","floor":7},{"not_picked":["Leap","Conserve Battery"],"picked":"Sunder","floor":8},{"not_picked":["Doom and Gloom","Hologram","Redo"],"picked":"SKIP","floor":11},{"not_picked":["Beam Cell","Gash","Compile Driver"],"picked":"SKIP","floor":12},{"not_picked":["Chaos","Meteor Strike"],"picked":"Ball Lightning","floor":13},{"not_picked":["Undo","Ball Lightning"],"picked":"Coolheaded","floor":14},{"not_picked":["Amplify","Fission"],"picked":"Electrodynamics","floor":16},{"not_picked":["Beam Cell","Cold Snap"],"picked":"Skim+1","floor":18},{"not_picked":["Reprogram","Turbo"],"picked":"White Noise","floor":21},{"not_picked":["Lockon","Hologram"],"picked":"Heatsinks+1","floor":23},{"not_picked":["Compile Driver","Skim","Rebound+1"],"picked":"SKIP","floor":27},{"not_picked":["Blizzard","Ball Lightning","Hologram"],"picked":"SKIP","floor":28},{"not_picked":["Hologram","Steam"],"picked":"Undo","floor":30},{"not_picked":["All For One","Leap","Steam"],"picked":"SKIP","floor":31},{"not_picked":["Buffer+1","Rainbow"],"picked":"Creative AI+1","floor":33},{"not_picked":["Genetic Algorithm+1","Rebound"],"picked":"Loop+1","floor":35},{"not_picked":["Barrage","Leap+1"],"picked":"Glacier+1","floor":38},{"not_picked":["Steam+1","Stack"],"picked":"Recycle+1","floor":40},{"not_picked":["Redo","Melter"],"picked":"Meteor Strike","floor":41},{"not_picked":["Leap","Scrape"],"picked":"Consume","floor":44},{"not_picked":["Rip and Tear","Steam+1","Coolheaded"],"picked":"SKIP","floor":45},{"not_picked":["Leap+1","Streamline"],"picked":"Loop+1","floor":46},{"not_picked":["Hologram","Ball Lightning+1","Streamline"],"picked":"SKIP","floor":48},{"not_picked":["Go for the Eyes","Gash"],"picked":"Defragment+1","floor":53},{"not_picked":["Rip and Tear","Conserve Battery","Stack"],"picked":"SKIP","floor":55}],"player_experience":944951,"relics_obtained":[{"floor":8,"key":"Centennial Puzzle"},{"floor":9,"key":"Juzu Bracelet"},{"floor":13,"key":"Lantern"},{"floor":21,"key":"Red Mask"},{"floor":23,"key":"Dream Catcher"},{"floor":28,"key":"Frozen Egg 2"},{"floor":30,"key":"Thread and Needle"},{"floor":30,"key":"Blue Candle"},{"floor":41,"key":"Potion Belt"},{"floor":43,"key":"Darkstone Periapt"},{"floor":44,"key":"Bag of Preparation"},{"floor":55,"key":"Oddly Smooth Stone"}],"event_choices":[{"damage_healed":17,"gold_gain":0,"player_choice":"Healed","damage_taken":0,"max_hp_gain":0,"max_hp_loss":0,"event_name":"The Cleric","floor":4,"gold_loss":35},{"damage_healed":0,"gold_gain":0,"player_choice":"Entered Light","damage_taken":21,"max_hp_gain":0,"max_hp_loss":0,"event_name":"Shining Light","floor":5,"gold_loss":0,"cards_upgraded":["Defend_B","Self Repair"]},{"damage_healed":0,"gold_gain":0,"cards_transformed":["Strike_B"],"player_choice":"Transformed","damage_taken":0,"max_hp_gain":0,"max_hp_loss":0,"event_name":"Transmorgrifier","floor":19,"gold_loss":0,"cards_obtained":["Rip and Tear"]},{"damage_healed":0,"gold_gain":0,"player_choice":"Fought Bandits","damage_taken":0,"max_hp_gain":0,"max_hp_loss":0,"event_name":"Masked Bandits","floor":21,"gold_loss":0},{"damage_healed":0,"gold_gain":0,"player_choice":"Copied","damage_taken":0,"max_hp_gain":0,"max_hp_loss":0,"event_name":"Duplicator","floor":25,"gold_loss":0,"cards_obtained":["Coolheaded"]},{"damage_healed":0,"gold_gain":0,"player_choice":"Fight","damage_taken":0,"max_hp_gain":0,"max_hp_loss":0,"event_name":"Colosseum","floor":30,"gold_loss":0},{"damage_healed":0,"gold_gain":0,"player_choice":"Fought Nobs","damage_taken":0,"max_hp_gain":0,"max_hp_loss":0,"event_name":"Colosseum","floor":30,"gold_loss":0},{"damage_healed":0,"gold_gain":999,"player_choice":"Gold","damage_taken":0,"max_hp_gain":0,"max_hp_loss":0,"event_name":"MindBloom","floor":36,"gold_loss":0,"cards_obtained":["Normality","Normality"]},{"cards_removed":["Rip and Tear"],"damage_healed":0,"gold_gain":0,"player_choice":"Removed Attack","damage_taken":0,"max_hp_gain":0,"max_hp_loss":0,"event_name":"Falling","floor":37,"gold_loss":0}],"is_beta":false,"boss_relics":[{"not_picked":["Calling Bell","Eternal Feather"],"picked":"Fusion Hammer"},{"not_picked":["White Beast Statue","Busted Crown"],"picked":"Empty Cage"}],"items_purged_floors":[39,42,54],"is_endless":false,"potions_floor_spawned":[1,3,7,8,14,18,23,31,38,41,46,55],"ascension_level":20}