{"gold_per_floor":[113,123,20,39,39,65,78,78,78,78,3,3,23,35,35,35],"floor_reached":16,"playtime":1094,"items_purged":["Normality"],"score":199,"play_id":"ef91627e-a75c-4791-b8ed-6b0c31eff9d7","local_time":"20190520002635","is_ascension_mode":true,"campfire_choices":[{"data":"Regret","floor":8,"key":"PURGE"},{"floor":10,"key":"REST"},{"data":"Neutralize","floor":12,"key":"SMITH"},{"data":"Cloak And Dagger","floor":15,"key":"SMITH"}],"neow_cost":"NONE","seed_source_timestamp":39127535999531,"circlet_count":0,"master_deck":["AscendersBane","Defend_G","Defend_G","Defend_G","Defend_G","Defend_G","Strike_G","Strike_G","Strike_G","Strike_G","Strike_G","Survivor","Neutralize+1","Dagger Throw","Cloak And Dagger+1","Poisoned Stab","Cloak And Dagger","Prepared","Footwork","Sucker Punch"],"relics":["Calling Bell","Vajra","Ninja Scroll","Peace Pipe","Centennial Puzzle","Sundial"],"potions_floor_usage":[16],"damage_taken":[{"damage":0,"enemies":"Cultist","floor":1,"turns":4},{"damage":0,"enemies":"2 Louse","floor":2,"turns":3},{"damage":1,"enemies":"Jaw Worm","floor":4,"turns":2},{"damage":41,"enemies":"3 Sentries","floor":6,"turns":12},{"damage":11,"enemies":"Lots of Slimes","floor":7,"turns":4},{"damage":0,"enemies":"Red Slaver","floor":13,"turns":3},{"damage":0,"enemies":"Looter","floor":14,"turns":3},{"damage":32,"enemies":"Hexaghost","floor":16,"turns":11}],"seed_played":"7849439287935828222","potions_obtained":[{"floor":13,"key":"Poison Potion"}],"is_trial":false,"path_per_floor":["M","M","$","M","$","E","M","R","T","R","?","R","M","M","R","B"],"character_chosen":"THE_SILENT","items_purchased":["Poisoned Stab"],"campfire_rested":1,"item_purchase_floors":[3],"current_hp_per_floor":[59,59,59,58,58,17,6,6,6,25,25,25,25,25,25,0],"gold":35,"neow_bonus":"BOSS_RELIC","is_prod":false,"is_daily":false,"chose_seed":false,"campfire_upgraded":2,"win_rate":0,"timestamp":1558304795,"path_taken":["M","M","$","M","?","E","M","R","T","R","?","R","M","M","R","BOSS"],"build_version":"2019-01-23","purchased_purges":1,"victory":false,"max_hp_per_floor":[66,66,66,66,66,66,66,66,66,66,66,66,66,66,66,66],"card_choices":[{"not_picked":["Underhanded Strike","Endless Agony"],"picked":"Dagger Throw","floor":1},{"not_picked":["Prepared","Sucker Punch"],"picked":"Cloak And Dagger","floor":2},{"not_picked":["All Out Attack","Dash"],"picked":"Cloak And Dagger","floor":4},{"not_picked":["Poisoned Stab","Outmaneuver"],"picked":"Prepared","floor":7},{"not_picked":["Bullet Time","Outmaneuver"],"picked":"Footwork","floor":13},{"not_picked":["Distraction","Dagger Spray"],"picked":"Sucker Punch","floor":14}],"player_experience":929802,"relics_obtained":[{"floor":0,"key":"Vajra"},{"floor":0,"key":"Ninja Scroll"},{"floor":0,"key":"Peace Pipe"},{"floor":6,"key":"Centennial Puzzle"},{"floor":9,"key":"Sundial"}],"event_choices":[{"cards_removed":["Doubt"],"damage_healed":0,"gold_gain":0,"player_choice":"Card Removal","damage_taken":0,"max_hp_gain":0,"max_hp_loss":0,"event_name":"The Cleric","floor":11,"gold_loss":75}],"is_beta":false,"boss_relics":[],"items_purged_floors":[3],"is_endless":false,"potions_floor_spawned":[13],"killed_by":"Hexaghost","ascension_level":19}