{"gold_per_floor":[112,124,124,36,51,51,76,76,76,89,89,122,122,141,141,216,216,229,154,166,181,181,181,197,197,197,297,316,316,316,328,328,399,399,415,432,158,225,330,330,360,39,39,72,90,440,501,551,551,551,551,551,551,209,237,237],"floor_reached":57,"playtime":4525,"items_purged":["Riddle With Holes","Predator","Unload"],"score":3219,"play_id":"859796d7-c597-4d49-b212-239b4ea0e9c7","local_time":"20190726205609","is_ascension_mode":true,"campfire_choices":[{"data":"Bouncing Flask","floor":6,"key":"SMITH"},{"data":"Neutralize","floor":8,"key":"SMITH"},{"data":"Well Laid Plans","floor":11,"key":"SMITH"},{"data":"Tools of the Trade","floor":13,"key":"SMITH"},{"data":"Prepared","floor":15,"key":"SMITH"},{"data":"Reflex","floor":23,"key":"SMITH"},{"data":"Envenom","floor":29,"key":"SMITH"},{"data":"Blur","floor":32,"key":"SMITH"},{"floor":40,"key":"RECALL"},{"floor":49,"key":"DIG"},{"floor":53,"key":"DIG"}],"neow_cost":"NONE","seed_source_timestamp":620497496777400,"circlet_count":0,"master_deck":["AscendersBane","Survivor","Bouncing Flask+1","Backflip","Well Laid Plans+1","Backstab","Tools of the Trade+1","Prepared+1","Adrenaline","Well Laid Plans","Backflip","Predator","Adrenaline","Envenom+1","Blur+1","Reflex+1","PiercingWail+1","Malaise","Escape Plan"],"relics":["Ring of the Snake","NeowsBlessing","Tough Bandages","Sundial","Torii","Pandora\u0027s Box","Shuriken","Girya","Mummified Hand","SsserpentHead","Fusion Hammer","Paper Crane","Bird Faced Urn","Question Card","Medical Kit","Shovel","Bottled Tornado","Letter Opener","Centennial Puzzle","Pear"],"potions_floor_usage":[12,16,27,50,56],"damage_taken":[{"damage":0,"enemies":"Jaw Worm","floor":1,"turns":1},{"damage":0,"enemies":"Cultist","floor":2,"turns":1},{"damage":0,"enemies":"Small Slimes","floor":5,"turns":1},{"damage":12,"enemies":"Lagavulin","floor":7,"turns":6},{"damage":0,"enemies":"2 Fungi Beasts","floor":10,"turns":2},{"damage":3,"enemies":"Gremlin Nob","floor":12,"turns":3},{"damage":2,"enemies":"3 Louse","floor":14,"turns":3},{"damage":0,"enemies":"The Guardian","floor":16,"turns":9},{"damage":0,"enemies":"Spheric Guardian","floor":18,"turns":3},{"damage":1,"enemies":"Shell Parasite","floor":20,"turns":5},{"damage":0,"enemies":"Centurion and Healer","floor":21,"turns":7},{"damage":0,"enemies":"Chosen and Byrds","floor":24,"turns":7},{"damage":0,"enemies":"Colosseum Slavers","floor":27,"turns":3},{"damage":24,"enemies":"Colosseum Nobs","floor":27,"turns":6},{"damage":0,"enemies":"Snake Plant","floor":28,"turns":2},{"damage":0,"enemies":"Sentry and Sphere","floor":31,"turns":5},{"damage":0,"enemies":"Collector","floor":33,"turns":6},{"damage":0,"enemies":"Orb Walker","floor":35,"turns":3},{"damage":0,"enemies":"3 Darklings","floor":36,"turns":4},{"damage":0,"enemies":"4 Shapes","floor":38,"turns":5},{"damage":0,"enemies":"2 Orb Walkers","floor":39,"turns":5},{"damage":0,"enemies":"Giant Head","floor":41,"turns":4},{"damage":0,"enemies":"Nemesis","floor":44,"turns":3},{"damage":0,"enemies":"Transient","floor":45,"turns":6},{"damage":0,"enemies":"Spire Growth","floor":47,"turns":4},{"damage":1,"enemies":"Donu and Deca","floor":50,"turns":4},{"damage":0,"enemies":"Awakened One","floor":51,"turns":3},{"damage":0,"enemies":"Shield and Spear","floor":55,"turns":2},{"damage":2,"enemies":"The Heart","floor":56,"turns":3}],"seed_played":"-1748669267476681047","potions_obtained":[{"floor":1,"key":"Fire Potion"},{"floor":2,"key":"Dexterity Potion"},{"floor":14,"key":"AttackPotion"},{"floor":18,"key":"FairyPotion"},{"floor":28,"key":"Weak Potion"}],"is_trial":false,"path_per_floor":["M","M","?","$","M","R","E","R","T","M","R","E","R","M","R","B",null,"M","$","M","M","?","R","M","?","T","?","M","R","?","M","R","B",null,"M","M","$","M","?","R","E","$","T","E","M","?","M","?","R","B","B",null,"R","$","E","B",null],"character_chosen":"THE_SILENT","items_purchased":["Well Laid Plans","Paper Crane","Medical Kit","Centennial Puzzle","Strength Potion"],"campfire_rested":0,"item_purchase_floors":[4,37,42,54,54],"current_hp_per_floor":[59,59,59,59,59,59,47,47,47,47,47,44,44,42,42,42,60,60,60,59,59,59,59,59,59,59,35,35,35,35,35,35,35,58,58,58,58,58,58,58,66,66,66,66,66,66,66,66,66,66,66,66,66,66,76,76],"gold":237,"neow_bonus":"THREE_ENEMY_KILL","is_prod":false,"is_daily":false,"chose_seed":false,"campfire_upgraded":8,"win_rate":0,"timestamp":1564142169,"path_taken":["M","M","?","?","M","R","E","R","T","M","R","E","R","M","R","BOSS","M","$","M","M","?","R","M","?","T","?","?","R","?","M","R","BOSS","M","M","$","?","?","R","E","$","T","E","M","?","?","?","R","BOSS","BOSS","R","$","E","BOSS"],"build_version":"2019-07-17","purchased_purges":3,"victory":true,"max_hp_per_floor":[66,66,66,66,66,66,66,66,66,66,66,66,66,66,66,66,66,66,66,66,66,66,66,66,66,66,66,66,66,66,66,66,66,66,66,66,66,66,66,66,66,66,66,66,66,66,66,66,66,66,66,66,66,66,76,76],"card_choices":[{"not_picked":["Bane","Endless Agony"],"picked":"Bouncing Flask","floor":1},{"not_picked":["Deflect","Dagger Throw"],"picked":"Backflip","floor":2},{"not_picked":["Cloak And Dagger","Sucker Punch"],"picked":"Backstab","floor":5},{"not_picked":["Eviscerate","Blade Dance","Cloak And Dagger"],"picked":"SKIP","floor":7},{"not_picked":["Eviscerate","Blade Dance","Cloak And Dagger"],"picked":"SKIP","floor":7},{"not_picked":["Sucker Punch","Flying Knee","Underhanded Strike"],"picked":"SKIP","floor":10},{"not_picked":["Distraction","Flying Knee"],"picked":"Tools of the Trade","floor":12},{"not_picked":["Backstab","Poisoned Stab"],"picked":"Prepared","floor":14},{"not_picked":["A Thousand Cuts","Bullet Time"],"picked":"Adrenaline","floor":16},{"not_picked":["Quick Slash","Underhanded Strike"],"picked":"Reflex","floor":18},{"not_picked":["Prepared","Dodge and Roll"],"picked":"PiercingWail+1","floor":20},{"not_picked":["Quick Slash","Sucker Punch","Flying Knee"],"picked":"SKIP","floor":21},{"not_picked":["PiercingWail","Venomology","Acrobatics"],"picked":"SKIP","floor":24},{"not_picked":["Dagger Throw","Slice","Flying Knee"],"picked":"SKIP","floor":28},{"not_picked":["Sucker Punch","Dash","Prepared+1"],"picked":"SKIP","floor":31},{"not_picked":["Storm of Steel","Unload"],"picked":"Malaise","floor":33},{"not_picked":["Deadly Poison","Crippling Poison+1","Deflect"],"picked":"SKIP","floor":35},{"not_picked":["Deflect","Noxious Fumes","Acrobatics"],"picked":"SKIP","floor":36},{"not_picked":["Dodge and Roll","Poisoned Stab","Deflect+1"],"picked":"SKIP","floor":38},{"not_picked":["Wraith Form v2","Quick Slash+1","Sucker Punch"],"picked":"SKIP","floor":41},{"not_picked":["Setup","Deadly Poison","Storm of Steel"],"picked":"Escape Plan","floor":44},{"not_picked":["Dagger Throw","Bane+1","Deflect","Backflip"],"picked":"SKIP","floor":45},{"not_picked":["Endless Agony","Flying Knee","Eviscerate","Outmaneuver"],"picked":"SKIP","floor":47},{"not_picked":["Terror+1","Slice+1","Catalyst","All Out Attack"],"picked":"SKIP","floor":55}],"player_experience":1230549,"relics_obtained":[{"floor":7,"key":"Tough Bandages"},{"floor":9,"key":"Sundial"},{"floor":12,"key":"Torii"},{"floor":26,"key":"Shuriken"},{"floor":27,"key":"Girya"},{"floor":27,"key":"Mummified Hand"},{"floor":39,"key":"Bird Faced Urn"},{"floor":41,"key":"Question Card"},{"floor":44,"key":"Shovel"},{"floor":49,"key":"Bottled Tornado"},{"floor":53,"key":"Letter Opener"},{"floor":55,"key":"Pear"}],"event_choices":[{"cards_removed":["Strike_G"],"damage_healed":0,"gold_gain":0,"player_choice":"Purged","damage_taken":0,"max_hp_gain":0,"max_hp_loss":0,"event_name":"Purifier","floor":3,"gold_loss":0},{"damage_healed":0,"gold_gain":0,"player_choice":"Ignored","damage_taken":0,"max_hp_gain":0,"max_hp_loss":0,"event_name":"Ghosts","floor":22,"gold_loss":0},{"damage_healed":0,"gold_gain":0,"player_choice":"Ignored","damage_taken":0,"max_hp_gain":0,"max_hp_loss":0,"event_name":"The Mausoleum","floor":25,"gold_loss":0},{"damage_healed":0,"gold_gain":0,"player_choice":"Fight","damage_taken":0,"max_hp_gain":0,"max_hp_loss":0,"event_name":"Colosseum","floor":27,"gold_loss":0},{"damage_healed":0,"gold_gain":0,"player_choice":"Fought Nobs","damage_taken":0,"max_hp_gain":0,"max_hp_loss":0,"event_name":"Colosseum","floor":27,"gold_loss":0},{"damage_healed":0,"gold_gain":0,"player_choice":"Trade","damage_taken":0,"relics_obtained":["SsserpentHead"],"max_hp_gain":0,"max_hp_loss":0,"event_name":"FaceTrader","floor":30,"gold_loss":0},{"damage_healed":0,"gold_gain":0,"player_choice":"Fight","damage_taken":0,"max_hp_gain":0,"max_hp_loss":0,"event_name":"Mysterious Sphere","floor":39,"gold_loss":0},{"damage_healed":0,"gold_gain":300,"player_choice":"Gold","damage_taken":0,"max_hp_gain":0,"max_hp_loss":0,"event_name":"Wheel of Change","floor":46,"gold_loss":0},{"cards_removed":["Neutralize"],"damage_healed":0,"gold_gain":0,"player_choice":"Removed Attack","damage_taken":0,"max_hp_gain":0,"max_hp_loss":0,"event_name":"Falling","floor":48,"gold_loss":0}],"is_beta":false,"boss_relics":[{"not_picked":["Tiny House","Coffee Dripper"],"picked":"Pandora\u0027s Box"},{"not_picked":["Velvet Choker","Runic Pyramid"],"picked":"Fusion Hammer"}],"items_purged_floors":[19,42,54],"is_endless":false,"potions_floor_spawned":[1,2,7,14,18,28,33,38,44,47],"ascension_level":20}