{"gold_per_floor":[109,126,20,36,50,81,81,81,107,77,105,117,147,159,171,262,274,306,318,330,359,371,383,395],"floor_reached":24,"playtime":1696,"items_purged":[],"score":408,"play_id":"a07b0da4-8f61-4188-8bf1-fd0381396e98","local_time":"20190712000420","is_ascension_mode":true,"campfire_choices":[{"floor":7,"key":"REST"},{"floor":12,"key":"REST"},{"floor":15,"key":"REST"},{"floor":23,"key":"REST"}],"neow_cost":"NONE","seed_source_timestamp":80667000848465,"circlet_count":0,"master_deck":["AscendersBane","Strike_G+1","Strike_G+1","Strike_G+1","Strike_G+1","Defend_G+1","Defend_G+1","Defend_G+1","Defend_G+1","Defend_G+1","Survivor","Neutralize","Footwork","Eviscerate","Backflip","Poisoned Stab","Backflip","Dodge and Roll","Doppelganger","Backflip","Caltrops","Envenom","Skewer","J.A.X.","Blade Dance","Decay"],"relics":["HoveringKite","Strawberry","Vajra","MawBank","Lizard Tail"],"potions_floor_usage":[16,16],"damage_taken":[{"damage":1,"enemies":"Small Slimes","floor":1,"turns":4},{"damage":10,"enemies":"Cultist","floor":2,"turns":6},{"damage":13,"enemies":"2 Louse","floor":4,"turns":3},{"damage":0,"enemies":"Blue Slaver","floor":5,"turns":6},{"damage":32,"enemies":"3 Sentries","floor":6,"turns":15},{"damage":29,"enemies":"Gremlin Nob","floor":11,"turns":4},{"damage":0,"enemies":"2 Fungi Beasts","floor":13,"turns":3},{"damage":5,"enemies":"Hexaghost","floor":16,"turns":8},{"damage":28,"enemies":"3 Byrds","floor":18,"turns":6},{"damage":20,"enemies":"Shell Parasite","floor":21,"turns":8},{"damage":61,"enemies":"Slavers","floor":24,"turns":5}],"seed_played":"-824121363019572549","potions_obtained":[{"floor":1,"key":"LiquidBronze"},{"floor":4,"key":"SpeedPotion"},{"floor":13,"key":"Strength Potion"}],"is_trial":false,"path_per_floor":["M","M","$","M","M","E","R","?","T","$","E","R","M","?","R","B",null,"M","?","?","M","?","R","E"],"character_chosen":"THE_SILENT","items_purchased":["Backflip","Poisoned Stab","Backflip"],"campfire_rested":4,"item_purchase_floors":[3,3,10],"current_hp_per_floor":[58,48,48,35,35,10,31,31,31,31,2,23,23,23,44,39,65,37,37,37,17,17,38,20],"gold":395,"neow_bonus":"BOSS_RELIC","is_prod":false,"is_daily":false,"chose_seed":false,"campfire_upgraded":0,"win_rate":0,"timestamp":1562882660,"path_taken":["M","M","$","M","M","E","R","?","T","$","E","R","?","?","R","BOSS","M","?","?","M","?","R","E"],"build_version":"2019-07-05","purchased_purges":0,"victory":false,"max_hp_per_floor":[66,66,66,66,66,73,73,73,73,73,73,73,73,73,73,73,73,73,73,73,73,73,73,73],"card_choices":[{"not_picked":["Prepared","Concentrate"],"picked":"Footwork","floor":1},{"not_picked":["Sucker Punch","Heel Hook"],"picked":"Eviscerate","floor":2},{"not_picked":["Tactician","Leg Sweep"],"picked":"Backflip","floor":5},{"not_picked":["Dagger Spray","Bane"],"picked":"Dodge and Roll","floor":6},{"not_picked":["Deflect","Backflip"],"picked":"Caltrops","floor":11},{"not_picked":["Grand Finale","Glass Knife"],"picked":"Envenom","floor":16},{"not_picked":["Dagger Throw","Calculated Gamble"],"picked":"Skewer","floor":18},{"not_picked":["Slice+1","Footwork"],"picked":"Blade Dance","floor":21}],"player_experience":1212356,"relics_obtained":[{"floor":6,"key":"Strawberry"},{"floor":9,"key":"Vajra"},{"floor":11,"key":"MawBank"}],"event_choices":[{"damage_healed":0,"gold_gain":0,"cards_transformed":["Strike_G"],"player_choice":"Transformed","damage_taken":0,"max_hp_gain":0,"max_hp_loss":0,"event_name":"Transmorgrifier","floor":8,"gold_loss":0,"cards_obtained":["Doppelganger"]},{"damage_healed":0,"gold_gain":0,"player_choice":"Ignored","damage_taken":0,"max_hp_gain":0,"max_hp_loss":0,"event_name":"Liars Game","floor":14,"gold_loss":0},{"damage_healed":0,"gold_gain":0,"player_choice":"Simplicity","damage_taken":0,"max_hp_gain":0,"max_hp_loss":0,"event_name":"Back to Basics","floor":19,"gold_loss":0,"cards_upgraded":["Strike_G","Strike_G","Strike_G","Strike_G","Defend_G","Defend_G","Defend_G","Defend_G","Defend_G"]},{"damage_healed":0,"gold_gain":0,"player_choice":"Obtain J.A.X.","damage_taken":0,"max_hp_gain":0,"max_hp_loss":0,"event_name":"Drug Dealer","floor":20,"gold_loss":0,"cards_obtained":["J.A.X."]},{"damage_healed":0,"gold_gain":0,"player_choice":"Smashed Altar","damage_taken":0,"max_hp_gain":0,"max_hp_loss":0,"event_name":"Forgotten Altar","floor":22,"gold_loss":0,"cards_obtained":["Decay"]}],"is_beta":false,"boss_relics":[{"not_picked":["Velvet Choker","Calling Bell"],"picked":"Lizard Tail"}],"items_purged_floors":[],"is_endless":false,"potions_floor_spawned":[1,4,13],"killed_by":"Slavers","ascension_level":20}