{"gold_per_floor":[112,262,30,30,43,74,74,97,97,97,111,111,144,160,160,250,250,273,323,323,323,323,323,659,682,682,682,682,703,703,744,744,744],"floor_reached":33,"playtime":572,"items_purged":["Doubt"],"score":632,"play_id":"73794ea2-8e4c-4876-9c9d-8c8350d7d4ca","local_time":"20190625140852","is_ascension_mode":true,"campfire_choices":[{"data":"Bash","floor":7.0,"key":"SMITH"},{"data":"Immolate","floor":10.0,"key":"SMITH"},{"floor":15.0,"key":"REST"},{"data":"Corruption","floor":23.0,"key":"SMITH"},{"data":"Inflame","floor":27.0,"key":"SMITH"},{"floor":30.0,"key":"REST"},{"floor":32.0,"key":"REST"}],"neow_cost":"NONE","seed_source_timestamp":261029824423700,"circlet_count":0,"master_deck":["AscendersBane","Defend_R","Defend_R","Defend_R","Defend_R","Bash+1","Sword Boomerang+1","Immolate+1","Offering","Impervious+1","Combust+1","Immolate+1","Body Slam+1","Ghostly Armor","Pummel","Corruption+1","Inflame+1","Shrug It Off"],"special_seed":0,"relics":["Burning Blood","NeowsBlessing","PreservedInsect","Golden Idol","Mummified Hand","Omamori","Gremlin Horn","Astrolabe","Old Coin","Bag of Preparation"],"potions_floor_usage":[33],"damage_taken":[{"damage":0.0,"enemies":"2 Louse","floor":1.0,"turns":1.0},{"damage":0.0,"enemies":"Small Slimes","floor":5.0,"turns":1.0},{"damage":0.0,"enemies":"3 Sentries","floor":6.0,"turns":2.0},{"damage":2.0,"enemies":"Jaw Worm","floor":8.0,"turns":3.0},{"damage":6.0,"enemies":"Looter","floor":11.0,"turns":2.0},{"damage":25.0,"enemies":"Lagavulin","floor":13.0,"turns":5.0},{"damage":7.0,"enemies":"2 Fungi Beasts","floor":14.0,"turns":2.0},{"damage":40.0,"enemies":"The Guardian","floor":16.0,"turns":7.0},{"damage":23.0,"enemies":"3 Byrds","floor":18.0,"turns":3.0},{"damage":4.0,"enemies":"Slavers","floor":24.0,"turns":2.0},{"damage":6.0,"enemies":"Chosen","floor":25.0,"turns":2.0},{"damage":21.0,"enemies":"Snake Plant","floor":29.0,"turns":2.0},{"damage":21.0,"enemies":"Book of Stabbing","floor":31.0,"turns":4.0},{"damage":27,"enemies":"Champ","floor":33,"turns":5}],"seed_played":"4010957694475984077","potions_obtained":[{"floor":5.0,"key":"Energy Potion"},{"floor":8.0,"key":"AttackPotion"},{"floor":18.0,"key":"Block Potion"},{"floor":29.0,"key":"PowerPotion"}],"is_trial":false,"path_per_floor":["M","?","$","?","M","E","R","M","T","R","M","?","E","M","R","B",null,"M","?","?","?","?","R","E","M","T","R","?","M","R","E","R","B"],"character_chosen":"IRONCLAD","items_purchased":["PreservedInsect"],"campfire_rested":3,"item_purchase_floors":[3],"current_hp_per_floor":[74,74,74,48,54,60,60,64,64,64,64,41,22,21,43,9,59,42,42,42,42,42,42,44,44,44,44,44,29,51,36,58,31],"gold":744,"neow_bonus":"THREE_ENEMY_KILL","is_prod":false,"is_daily":false,"chose_seed":false,"campfire_upgraded":4,"win_rate":0,"timestamp":1561439332,"path_taken":["M","?","$","?","M","E","R","M","T","R","M","?","E","M","R","BOSS","M","?","?","?","?","R","E","M","T","R","?","?","R","E","R","BOSS"],"build_version":"2019-01-23","purchased_purges":1,"victory":false,"max_hp_per_floor":[75,75,75,75,75,75,75,75,75,75,75,75,75,75,75,75,75,75,75,75,75,75,75,75,75,75,75,75,75,75,75,75,75],"card_choices":[{"not_picked":["True Grit","Infernal Blade"],"picked":"Sword Boomerang","floor":1.0},{"not_picked":["Heavy Blade","Anger","Blood for Blood"],"picked":"SKIP","floor":5.0},{"not_picked":["Clash","Anger","Combust"],"picked":"SKIP","floor":6.0},{"not_picked":["Hemokinesis","Twin Strike"],"picked":"Immolate","floor":8.0},{"not_picked":["Heavy Blade","Clothesline"],"picked":"Spot Weakness","floor":11.0},{"not_picked":["Clothesline","Sword Boomerang","Blood for Blood"],"picked":"SKIP","floor":13.0},{"not_picked":["Thunderclap","Headbutt","Berserk"],"picked":"SKIP","floor":14.0},{"not_picked":["Demon Form","Fiend Fire"],"picked":"Offering","floor":16.0},{"not_picked":["Thunderclap+1","Iron Wave"],"picked":"Body Slam+1","floor":18.0},{"not_picked":["Thunderclap","Hemokinesis"],"picked":"Inflame","floor":24.0},{"not_picked":["Carnage","Pommel Strike","Sword Boomerang"],"picked":"SKIP","floor":25.0},{"not_picked":["Clothesline","Cleave+1","Iron Wave"],"picked":"SKIP","floor":29.0},{"not_picked":["Anger","Flame Barrier"],"picked":"Shrug It Off","floor":31.0}],"player_experience":795663,"relics_obtained":[{"floor":6.0,"key":"Mummified Hand"},{"floor":9.0,"key":"Omamori"},{"floor":13.0,"key":"Gremlin Horn"},{"floor":24.0,"key":"Old Coin"},{"floor":31.0,"key":"Bag of Preparation"}],"event_choices":[{"damage_healed":0.0,"max_hp_gain":0.0,"max_hp_loss":0.0,"gold_gain":150.0,"event_name":"Liars Game","player_choice":"AGREE","floor":2.0,"gold_loss":0.0,"damage_taken":0.0,"cards_obtained":["Doubt"]},{"damage_healed":0.0,"max_hp_gain":0.0,"max_hp_loss":0.0,"gold_gain":0.0,"event_name":"Golden Idol","player_choice":"Take Damage","floor":4.0,"gold_loss":0.0,"damage_taken":26.0,"relics_obtained":["Golden Idol"]},{"damage_healed":0.0,"max_hp_gain":0.0,"max_hp_loss":0.0,"gold_gain":0.0,"event_name":"Shining Light","player_choice":"Entered Light","floor":12.0,"gold_loss":0.0,"damage_taken":23.0,"cards_upgraded":["Strike_R","Sword Boomerang"]},{"damage_healed":0.0,"max_hp_gain":0.0,"max_hp_loss":0.0,"gold_gain":50.0,"event_name":"Nest","player_choice":"Stole From Cult","floor":19.0,"gold_loss":0.0,"damage_taken":0.0},{"damage_healed":0.0,"max_hp_gain":0.0,"max_hp_loss":0.0,"gold_gain":0.0,"cards_transformed":["Strike_R","Strike_R"],"event_name":"Drug Dealer","player_choice":"Became Test Subject","floor":20.0,"gold_loss":0.0,"damage_taken":0.0,"cards_obtained":["Ghostly Armor","Pummel"]},{"cards_removed":["Strike_R"],"damage_healed":0.0,"max_hp_gain":0.0,"max_hp_loss":0.0,"gold_gain":0.0,"event_name":"Back to Basics","player_choice":"Elegance","floor":21.0,"gold_loss":0.0,"damage_taken":0.0},{"damage_healed":0.0,"max_hp_gain":0.0,"max_hp_loss":0.0,"gold_gain":0.0,"event_name":"The Library","player_choice":"Read","floor":22.0,"gold_loss":0.0,"damage_taken":0.0,"cards_obtained":["Corruption"]},{"damage_healed":0.0,"max_hp_gain":0.0,"max_hp_loss":0.0,"gold_gain":0.0,"event_name":"Vampires","player_choice":"Ignored","floor":28.0,"gold_loss":0.0,"damage_taken":0.0}],"is_beta":false,"boss_relics":[{"not_picked":["Fusion Hammer","Mark of Pain"],"picked":"Astrolabe"}],"items_purged_floors":[3],"is_endless":false,"potions_floor_spawned":[5,8,11,18,29],"killed_by":"Champ","ascension_level":20}