{"gold_per_floor":[118,131,145,156,156,183,183,199,254,298,310],"floor_reached":11,"playtime":306,"items_purged":[],"score":170,"play_id":"5d64b832-3cf9-4a10-9689-cff9d072c670","local_time":"20190612210419","is_ascension_mode":true,"campfire_choices":[{"data":"Armaments","floor":7,"key":"SMITH"}],"neow_cost":"NONE","seed_source_timestamp":371779234788500,"circlet_count":0,"master_deck":["AscendersBane","Strike_R","Strike_R","Strike_R","Strike_R","Strike_R","Defend_R","Defend_R","Defend_R","Defend_R","Bash","Impervious","Corruption","Body Slam","Armaments+1","Shrug It Off","Offering","Evolve","Exhume"],"relics":["Burning Blood","Smiling Mask","MawBank","Pantograph"],"potions_floor_usage":[11],"damage_taken":[{"damage":1,"enemies":"Cultist","floor":1,"turns":3},{"damage":3,"enemies":"2 Louse","floor":2,"turns":3},{"damage":13,"enemies":"Jaw Worm","floor":3,"turns":8},{"damage":1,"enemies":"2 Fungi Beasts","floor":4,"turns":4},{"damage":40,"enemies":"Lagavulin","floor":6,"turns":9},{"damage":19,"enemies":"Blue Slaver","floor":8,"turns":3},{"damage":14,"enemies":"Gremlin Nob","floor":10,"turns":3},{"damage":36,"enemies":"Red Slaver","floor":11,"turns":3}],"seed_played":"5794484773282309776","potions_obtained":[{"floor":1,"key":"FairyPotion"},{"floor":2,"key":"PowerPotion"}],"is_trial":false,"path_per_floor":["M","M","M","M","?","E","R","M","T","E","M"],"character_chosen":"IRONCLAD","items_purchased":[],"campfire_rested":0,"item_purchase_floors":[],"current_hp_per_floor":[73,75,68,73,75,41,41,28,28,20,0],"gold":310,"neow_bonus":"ONE_RANDOM_RARE_CARD","is_prod":false,"is_daily":false,"chose_seed":false,"campfire_upgraded":1,"win_rate":0,"timestamp":1560341059,"path_taken":["M","M","M","?","?","E","R","M","T","E","?"],"build_version":"2019-01-23","purchased_purges":0,"victory":false,"max_hp_per_floor":[75,75,75,75,75,75,75,75,75,75,75],"card_choices":[{"not_picked":["Heavy Blade","Rampage"],"picked":"Corruption","floor":1},{"not_picked":["Pummel","Reckless Charge"],"picked":"Body Slam","floor":2},{"not_picked":["Body Slam","Spot Weakness"],"picked":"Armaments","floor":3},{"not_picked":["Thunderclap","Metallicize"],"picked":"Shrug It Off","floor":4},{"not_picked":["True Grit","Cleave"],"picked":"Offering","floor":6},{"not_picked":["Clash","Heavy Blade"],"picked":"Evolve","floor":8},{"not_picked":["Anger","Battle Trance"],"picked":"Exhume","floor":10}],"player_experience":619503,"relics_obtained":[{"floor":6,"key":"Smiling Mask"},{"floor":9,"key":"MawBank"},{"floor":10,"key":"Pantograph"}],"event_choices":[{"damage_healed":2,"gold_gain":0,"player_choice":"Full Heal","damage_taken":0,"max_hp_gain":0,"max_hp_loss":0,"event_name":"Wheel of Change","floor":5,"gold_loss":0}],"is_beta":false,"boss_relics":[],"items_purged_floors":[],"is_endless":false,"potions_floor_spawned":[1,2,6],"killed_by":"Red Slaver","ascension_level":20}