{"gold_per_floor":[111,131,101,114,29,57,57,89,89,104,104,29,60,60,60,132,132,150,125,125,25,40,40,59,59,59,93,43,60,60],"floor_reached":30,"playtime":872,"items_purged":["Strike_R","Strike_R","Strike_R"],"score":586,"play_id":"4dc2f5ab-a0e2-4c51-8b47-74e2a6cf6739","local_time":"20190610155038","is_ascension_mode":true,"campfire_choices":[{"data":"Bash","floor":7,"key":"SMITH"},{"data":"Carnage","floor":11,"key":"SMITH"},{"data":"Entrench","floor":15,"key":"SMITH"},{"data":"Barricade","floor":23,"key":"SMITH"},{"data":"Immolate","floor":25,"key":"SMITH"}],"neow_cost":"NONE","seed_source_timestamp":179586064388500,"circlet_count":0,"master_deck":["AscendersBane","Strike_R","Strike_R","Defend_R","Defend_R","Defend_R","Defend_R","Bash+1","Entrench+1","Twin Strike","Corruption","Pummel","Carnage+1","Evolve","Barricade+1","True Grit","Immolate+1","Flame Barrier","Seeing Red+1","Battle Trance","Entrench"],"relics":["Burning Blood","Red Skull","Anchor","Question Card","Self Forming Clay","Bag of Marbles","Philosopher\u0027s Stone","Torii","Smiling Mask"],"potions_floor_usage":[3,6,16,18,30],"damage_taken":[{"damage":8,"enemies":"Cultist","floor":1,"turns":5},{"damage":16,"enemies":"Jaw Worm","floor":2,"turns":5},{"damage":14,"enemies":"2 Louse","floor":4,"turns":2},{"damage":30,"enemies":"3 Sentries","floor":6,"turns":7},{"damage":15,"enemies":"Lagavulin","floor":8,"turns":5},{"damage":12,"enemies":"Large Slime","floor":10,"turns":5},{"damage":0,"enemies":"Gremlin Nob","floor":13,"turns":2},{"damage":32,"enemies":"The Guardian","floor":16,"turns":15},{"damage":24,"enemies":"Chosen","floor":18,"turns":6},{"damage":2,"enemies":"2 Thieves","floor":19,"turns":4},{"damage":19,"enemies":"Centurion and Healer","floor":22,"turns":5},{"damage":12,"enemies":"Chosen and Byrds","floor":24,"turns":8},{"damage":27,"enemies":"Slavers","floor":27,"turns":5},{"damage":0,"enemies":"Snecko","floor":29,"turns":2},{"damage":18,"enemies":"Book of Stabbing","floor":30,"turns":2}],"seed_played":"5638370114131064214","potions_obtained":[{"floor":2,"key":"Block Potion"},{"floor":3,"key":"Fruit Juice"},{"floor":3,"key":"AttackPotion"},{"floor":8,"key":"Swift Potion"},{"floor":19,"key":"Fire Potion"},{"floor":20,"key":"Dexterity Potion"}],"is_trial":false,"path_per_floor":["M","M","?","M","$","E","R","E","T","M","R","$","E","?","R","B",null,"M","M","?","$","M","R","M","R","T","E","$","M","E"],"character_chosen":"IRONCLAD","items_purchased":["Corruption"],"campfire_rested":0,"item_purchase_floors":[5],"current_hp_per_floor":[66,56,61,53,53,29,29,20,20,14,14,14,20,46,46,20,65,47,51,51,51,38,38,32,32,32,11,11,17,0],"gold":60,"neow_bonus":"RANDOM_COMMON_RELIC","is_prod":false,"is_daily":false,"chose_seed":false,"campfire_upgraded":5,"win_rate":0,"timestamp":1560149438,"path_taken":["M","?","?","M","$","E","R","E","T","M","R","?","E","?","R","BOSS","M","M","?","$","M","R","M","R","T","E","$","?","E"],"build_version":"2019-01-23","purchased_purges":3,"victory":false,"max_hp_per_floor":[75,75,80,80,80,80,80,80,80,80,80,80,80,80,80,80,80,80,80,80,80,80,80,80,80,80,80,80,80,80],"card_choices":[{"not_picked":["Cleave","Havoc"],"picked":"Entrench","floor":1},{"not_picked":["Sentinel","Rupture"],"picked":"Twin Strike","floor":2},{"not_picked":["Headbutt","Combust","Cleave"],"picked":"SKIP","floor":4},{"not_picked":["Intimidate","Thunderclap"],"picked":"Pummel","floor":6},{"not_picked":["Reckless Charge","Iron Wave","Cleave"],"picked":"SKIP","floor":8},{"not_picked":["Fire Breathing","Perfected Strike","True Grit"],"picked":"Carnage","floor":10},{"not_picked":["Power Through","Anger","Twin Strike"],"picked":"Evolve","floor":13},{"not_picked":["Feed","Impervious","Berserk"],"picked":"Barricade","floor":16},{"not_picked":["Twin Strike","Iron Wave","Flex+1"],"picked":"True Grit","floor":18},{"not_picked":["Spot Weakness","Anger","Reckless Charge"],"picked":"Immolate","floor":19},{"not_picked":["Seeing Red","Wild Strike","Thunderclap"],"picked":"Flame Barrier","floor":22},{"not_picked":["Pommel Strike","Corruption","Pummel"],"picked":"Seeing Red+1","floor":24},{"not_picked":["Intimidate+1","Anger","Evolve+1"],"picked":"Battle Trance","floor":27},{"not_picked":["Heavy Blade","Carnage","Double Tap"],"picked":"Entrench","floor":29}],"player_experience":550832,"relics_obtained":[{"floor":6,"key":"Anchor"},{"floor":8,"key":"Question Card"},{"floor":9,"key":"Self Forming Clay"},{"floor":13,"key":"Bag of Marbles"},{"floor":26,"key":"Torii"},{"floor":27,"key":"Smiling Mask"}],"event_choices":[{"damage_healed":0,"gold_gain":0,"player_choice":"Bought 2 Potions","damage_taken":0,"max_hp_gain":0,"max_hp_loss":0,"event_name":"The Woman in Blue","floor":3,"gold_loss":0},{"damage_healed":26,"gold_gain":0,"player_choice":"Banana","damage_taken":0,"max_hp_gain":0,"max_hp_loss":0,"event_name":"Big Fish","floor":14,"gold_loss":0},{"damage_healed":0,"gold_gain":0,"player_choice":"Got Potions","damage_taken":0,"max_hp_gain":0,"max_hp_loss":0,"event_name":"Lab","floor":20,"gold_loss":0}],"is_beta":false,"boss_relics":[{"not_picked":["Runic Cube","Black Star"],"picked":"Philosopher\u0027s Stone"}],"items_purged_floors":[12,21,28],"is_endless":false,"potions_floor_spawned":[2,8,10,19,27],"killed_by":"Book of Stabbing","ascension_level":20}