{"gold_per_floor":[115,115,115,130,145,145,160,176,176,176,211,241,273,32,32,133,133,143,163,262,262,19,19,36,36,117,117,117,14,14,28,28,127,127,137,40,53,53,53,78,78,90,117,117,129,129,0,0,0,0],"floor_reached":50,"playtime":2883,"items_purged":["Strike_G"],"score":495,"play_id":"87344783-73d7-466e-9259-989815353810","local_time":"20190217151716","is_ascension_mode":false,"campfire_choices":[{"data":"Deadly Poison","floor":6.0,"key":"SMITH"},{"floor":10.0,"key":"RECALL"},{"floor":15.0,"key":"REST"},{"floor":23.0,"key":"REST"},{"floor":25.0,"key":"REST"},{"data":"Catalyst","floor":27.0,"key":"SMITH"},{"data":"Venomology","floor":30.0,"key":"SMITH"},{"data":"Distraction","floor":32.0,"key":"SMITH"},{"floor":41.0,"key":"REST"},{"floor":46.0,"key":"REST"},{"floor":49.0,"key":"REST"}],"neow_cost":"NONE","seed_source_timestamp":177305158121439,"circlet_count":0,"master_deck":["Defend_G","Defend_G","Defend_G+1","Strike_G","Strike_G","Strike_G","Survivor+1","Neutralize","Deadly Poison+1","Poisoned Stab","Bane","Distraction+1","Catalyst+1","Bane","Venomology+1","All Out Attack+1","Terror+1","Bane+1","Poisoned Stab","Distraction+1","Burst"],"special_seed":0,"relics":["Ring of the Snake","Potion Belt","Ninja Scroll","MawBank","Astrolabe","Enchiridion","TwistedFunnel","Mercury Hourglass","War Paint","Red Mask"],"potions_floor_usage":[50,50,50,50,50,50,50,50,50,50,50,50],"damage_taken":[{"damage":0.0,"enemies":"2 Louse","floor":1.0,"turns":3.0},{"damage":0.0,"enemies":"Jaw Worm","floor":4.0,"turns":4.0},{"damage":3.0,"enemies":"Small Slimes","floor":5.0,"turns":5.0},{"damage":2.0,"enemies":"3 Louse","floor":7.0,"turns":5.0},{"damage":0.0,"enemies":"Large Slime","floor":8.0,"turns":6.0},{"damage":18.0,"enemies":"Gremlin Nob","floor":11.0,"turns":4.0},{"damage":0.0,"enemies":"Looter","floor":12.0,"turns":3.0},{"damage":1.0,"enemies":"3 Louse","floor":13.0,"turns":3.0},{"damage":58.0,"enemies":"Slime Boss","floor":16.0,"turns":15.0},{"damage":0.0,"enemies":"Spheric Guardian","floor":18.0,"turns":4.0},{"damage":12.0,"enemies":"2 Thieves","floor":19.0,"turns":3.0},{"damage":13.0,"enemies":"Shelled Parasite and Fungi","floor":24.0,"turns":3.0},{"damage":1.0,"enemies":"Centurion and Healer","floor":31.0,"turns":4.0},{"damage":63.0,"enemies":"Champ","floor":33.0,"turns":8.0},{"damage":0.0,"enemies":"Orb Walker","floor":35.0,"turns":2.0},{"damage":0.0,"enemies":"3 Darklings","floor":37.0,"turns":1.0},{"damage":25.0,"enemies":"Reptomancer","floor":40.0,"turns":5.0},{"damage":20.0,"enemies":"Spire Growth","floor":42.0,"turns":3.0},{"damage":7.0,"enemies":"Jaw Worm Horde","floor":45.0,"turns":3.0},{"damage":81,"enemies":"Donu and Deca","floor":50,"turns":8}],"seed_played":"-2293260519590398868","potions_obtained":[{"floor":4.0,"key":"AttackPotion"},{"floor":5.0,"key":"PowerPotion"},{"floor":12.0,"key":"SpeedPotion"},{"floor":16.0,"key":"Swift Potion"},{"floor":18.0,"key":"Fire Potion"},{"floor":19.0,"key":"Strength Potion"},{"floor":33.0,"key":"PowerPotion"},{"floor":35.0,"key":"Dexterity Potion"},{"floor":40.0,"key":"LiquidBronze"}],"is_trial":false,"path_per_floor":["M","?","T","M","M","R","M","M","T","R","E","M","M","$","R","B",null,"M","M","?","?","$","R","M","R","T","R","?","$","R","M","R","B",null,"M","$","M","?","?","E","R","M","T","$","M","R","?","?","R","B"],"character_chosen":"THE_SILENT","items_purchased":["Catalyst","PowerPotion","Bane","TwistedFunnel","PowerPotion","PowerPotion","Poison Potion","EntropicBrew"],"campfire_rested":6,"item_purchase_floors":[14,14,14,22,22,29,29,36],"current_hp_per_floor":[77,77,77,77,74,74,72,72,72,72,54,54,53,53,76,18,77,77,65,65,49,49,72,59,77,77,77,77,77,77,76,76,13,77,77,77,77,77,73,48,69,49,49,49,42,63,63,63,73,0],"gold":0,"neow_bonus":"TEN_PERCENT_HP_BONUS","is_prod":false,"is_daily":false,"chose_seed":false,"campfire_upgraded":4,"win_rate":0,"timestamp":1550409436,"path_taken":["M","?","?","M","M","R","M","M","T","R","E","M","M","$","R","BOSS","M","M","?","?","$","R","M","R","T","R","?","$","R","M","R","BOSS","M","$","M","?","?","E","R","M","T","$","M","R","?","?","R","BOSS"],"build_version":"2019-01-23","purchased_purges":1,"victory":false,"max_hp_per_floor":[77,77,77,77,77,77,77,77,77,77,77,77,77,77,77,77,77,77,77,77,77,77,77,77,77,77,77,77,77,77,77,77,77,77,77,77,77,77,73,73,73,73,73,73,73,73,73,73,73,73],"card_choices":[{"not_picked":["Cloak And Dagger","Terror"],"picked":"Deadly Poison","floor":1.0},{"not_picked":["Deflect","Skewer","Blade Dance"],"picked":"SKIP","floor":4.0},{"not_picked":["Cloak And Dagger","Quick Slash","Terror"],"picked":"SKIP","floor":5.0},{"not_picked":["Dodge and Roll","Acrobatics","A Thousand Cuts"],"picked":"SKIP","floor":7.0},{"not_picked":["Escape Plan","Slice"],"picked":"Prepared","floor":8.0},{"not_picked":["Glass Knife","Backflip"],"picked":"Poisoned Stab","floor":11.0},{"not_picked":["Dagger Spray","Backflip"],"picked":"Bane","floor":12.0},{"not_picked":["Well Laid Plans","Accuracy"],"picked":"Distraction","floor":13.0},{"not_picked":["Glass Knife","Adrenaline"],"picked":"Venomology","floor":16.0},{"not_picked":["Heel Hook","Dagger Spray+1"],"picked":"Poisoned Stab","floor":18.0},{"not_picked":["Expertise","Prepared+1","Cloak And Dagger"],"picked":"SKIP","floor":19.0},{"not_picked":["Slice","Blade Dance+1"],"picked":"Distraction+1","floor":24.0},{"not_picked":["Blade Dance","Underhanded Strike","Eviscerate+1"],"picked":"SKIP","floor":31.0},{"not_picked":["Phantasmal Killer","Tools of the Trade"],"picked":"Burst","floor":33.0},{"not_picked":["Quick Slash","Expertise","Underhanded Strike+1"],"picked":"SKIP","floor":35.0},{"not_picked":["Prepared","Dagger Throw","Outmaneuver+1"],"picked":"SKIP","floor":37.0},{"not_picked":["Riddle With Holes","Flying Knee","Leg Sweep"],"picked":"SKIP","floor":40.0},{"not_picked":["Well Laid Plans+1","Flying Knee+1","Quick Slash"],"picked":"SKIP","floor":42.0},{"not_picked":["Slice+1","Phantasmal Killer","Dodge and Roll+1"],"picked":"SKIP","floor":45.0}],"player_experience":956795,"relics_obtained":[{"floor":3.0,"key":"Potion Belt"},{"floor":9.0,"key":"Ninja Scroll"},{"floor":11.0,"key":"MawBank"},{"floor":21.0,"key":"Enchiridion"},{"floor":26.0,"key":"Mercury Hourglass"},{"floor":40.0,"key":"War Paint"}],"event_choices":[{"damage_healed":0.0,"max_hp_gain":0.0,"max_hp_loss":0.0,"gold_gain":0.0,"event_name":"Golden Wing","player_choice":"Ignored","floor":2.0,"gold_loss":0.0,"damage_taken":0.0},{"damage_healed":0.0,"max_hp_gain":0.0,"max_hp_loss":0.0,"gold_gain":99.0,"event_name":"Nest","player_choice":"Stole From Cult","floor":20.0,"gold_loss":0.0,"damage_taken":0.0},{"damage_healed":0.0,"max_hp_gain":0.0,"max_hp_loss":0.0,"gold_gain":0.0,"event_name":"Cursed Tome","player_choice":"Obtained Book","floor":21.0,"gold_loss":0.0,"damage_taken":16.0},{"damage_healed":0.0,"max_hp_gain":0.0,"max_hp_loss":0.0,"gold_gain":0.0,"event_name":"Ghosts","player_choice":"Ignored","floor":28.0,"gold_loss":0.0,"damage_taken":0.0},{"cards_removed":["Prepared"],"damage_healed":0.0,"max_hp_gain":0.0,"max_hp_loss":0.0,"gold_gain":0.0,"event_name":"Falling","player_choice":"Removed Skill","floor":38.0,"gold_loss":0.0,"damage_taken":0.0},{"damage_healed":0.0,"max_hp_gain":0.0,"max_hp_loss":4.0,"gold_gain":0.0,"event_name":"Winding Halls","player_choice":"Max HP","floor":39.0,"gold_loss":0.0,"damage_taken":0.0},{"damage_healed":0.0,"max_hp_gain":0.0,"max_hp_loss":0.0,"gold_gain":0.0,"event_name":"Tomb of Lord Red Mask","player_choice":"Paid","floor":47.0,"gold_loss":129.0,"damage_taken":0.0,"relics_obtained":["Red Mask"]},{"damage_healed":0.0,"max_hp_gain":0.0,"max_hp_loss":0.0,"gold_gain":0.0,"event_name":"Mysterious Sphere","player_choice":"Ignored","floor":48.0,"gold_loss":0.0,"damage_taken":0.0}],"is_beta":false,"boss_relics":[{"not_picked":["Coffee Dripper","Runic Dome"],"picked":"Astrolabe"},{"not_picked":["Busted Crown","HoveringKite","Sozu"]}],"items_purged_floors":[14],"is_endless":false,"potions_floor_spawned":[4,5,12,16,18,19,33,35,40],"killed_by":"Donu and Deca","ascension_level":0}