{"gold_per_floor":[118,134,134,6,16,16,51,66,66,66,76,52,87,102,102,102],"floor_reached":16,"playtime":1126,"items_purged":[],"score":190,"play_id":"2a53f0c0-9fb3-4b1c-ab96-2baca0806a6a","local_time":"20190512221827","is_ascension_mode":true,"campfire_choices":[{"data":"Night Terror","floor":6,"key":"SMITH"},{"floor":10,"key":"DIG"},{"floor":15,"key":"DIG"}],"neow_cost":"NONE","seed_source_timestamp":40796847423784,"circlet_count":0,"master_deck":["AscendersBane","Defend_G","Defend_G","Defend_G","Defend_G","Defend_G","Strike_G","Strike_G","Strike_G","Strike_G","Strike_G","Survivor","Neutralize","Poisoned Stab","Backstab","Night Terror+1","Leg Sweep","Malaise+1","Dagger Spray"],"relics":["Ring of the Snake","NeowsBlessing","Shovel","Mercury Hourglass","Toxic Egg 2","Pen Nib","PreservedInsect"],"potions_floor_usage":[7,13,16],"damage_taken":[{"damage":0,"enemies":"Small Slimes","floor":1,"turns":1},{"damage":0,"enemies":"Cultist","floor":2,"turns":1},{"damage":0,"enemies":"Jaw Worm","floor":5,"turns":1},{"damage":17,"enemies":"Gremlin Nob","floor":7,"turns":4},{"damage":3,"enemies":"Looter","floor":8,"turns":3},{"damage":0,"enemies":"Exordium Wildlife","floor":11,"turns":2},{"damage":6,"enemies":"3 Sentries","floor":13,"turns":8},{"damage":1,"enemies":"Lots of Slimes","floor":14,"turns":3},{"damage":26,"enemies":"Slime Boss","floor":16,"turns":10}],"seed_played":"6288189480634303925","potions_obtained":[{"floor":1,"key":"EssenceOfSteel"},{"floor":8,"key":"Weak Potion"},{"floor":14,"key":"PowerPotion"}],"is_trial":false,"path_per_floor":["M","M","?","$","M","R","E","M","T","R","M","?","E","M","R","B"],"character_chosen":"THE_SILENT","items_purchased":["Backstab","Poison Potion"],"campfire_rested":0,"item_purchase_floors":[4,4],"current_hp_per_floor":[59,59,59,59,59,59,42,39,39,39,39,39,33,32,32,6],"gold":102,"neow_bonus":"THREE_ENEMY_KILL","is_prod":false,"is_daily":false,"chose_seed":false,"campfire_upgraded":1,"win_rate":0,"timestamp":1557692307,"path_taken":["M","M","?","$","?","R","E","M","T","R","M","?","E","M","R","BOSS"],"build_version":"2019-01-23","purchased_purges":0,"victory":false,"max_hp_per_floor":[66,66,66,66,66,66,66,66,66,66,66,66,66,66,66,66],"card_choices":[{"not_picked":["Accuracy","Deadly Poison"],"picked":"Poisoned Stab","floor":1},{"not_picked":["Flechettes","Blade Dance","Deflect"],"picked":"SKIP","floor":2},{"not_picked":["Concentrate","Setup"],"picked":"Night Terror","floor":5},{"not_picked":["Blade Dance","Underhanded Strike"],"picked":"Leg Sweep","floor":8},{"not_picked":["Sucker Punch","Accuracy"],"picked":"Malaise+1","floor":13},{"not_picked":["Skewer","Sucker Punch"],"picked":"Dagger Spray","floor":14}],"player_experience":840852,"relics_obtained":[{"floor":7,"key":"Shovel"},{"floor":9,"key":"Mercury Hourglass"},{"floor":10,"key":"Toxic Egg 2"},{"floor":13,"key":"Pen Nib"},{"floor":15,"key":"PreservedInsect"}],"event_choices":[{"damage_healed":0,"gold_gain":0,"player_choice":"0 cards matched","damage_taken":0,"max_hp_gain":0,"max_hp_loss":0,"event_name":"Match and Keep!","floor":3,"gold_loss":0,"cards_obtained":[]},{"damage_healed":0,"gold_gain":0,"player_choice":"Left Gold","damage_taken":0,"max_hp_gain":0,"max_hp_loss":0,"event_name":"World of Goop","floor":12,"gold_loss":24}],"is_beta":false,"boss_relics":[],"items_purged_floors":[],"is_endless":false,"potions_floor_spawned":[1,8,14],"killed_by":"Slime Boss","ascension_level":14}