{"gold_per_floor":[114,114,37,56,56,56,56,56,81,415,435,466,466,498,498,573,573,593,128,128,147,163,163,190,190,216,216,250,300,356,368,368,441,441,456,124,124,1123,1169,1169,1195,1195,1195,1195,661,690,690,715,715,715,715,715,715,250,276,276],"floor_reached":57,"playtime":2408,"items_purged":["Strike_B","Doubt","Decay","Strike_B+1"],"score":3261,"play_id":"f2a1d319-79bb-470b-a783-8afe0d437f9c","local_time":"20190730183848","is_ascension_mode":true,"campfire_choices":[{"data":"Sunder","floor":6,"key":"SMITH"},{"data":"Creative AI","floor":8,"key":"SMITH"},{"floor":13,"key":"REST"},{"data":"Hologram","floor":15,"key":"SMITH"},{"data":"Consume","floor":23,"key":"SMITH"},{"data":"Seek","floor":25,"key":"SMITH"},{"data":"Capacitor","floor":32,"key":"SMITH"},{"floor":40,"key":"REST"},{"data":"Apotheosis","floor":44,"key":"SMITH"},{"floor":47,"key":"RECALL"},{"data":"Reboot","floor":49,"key":"SMITH"},{"data":"Coolheaded","floor":53,"key":"SMITH"}],"neow_cost":"CURSE","seed_source_timestamp":959981173442300,"circlet_count":0,"master_deck":["AscendersBane","Defend_B+1","Defend_B","Defend_B","Zap","Dualcast","Chill","Cold Snap+1","Sunder+1","Creative AI+1","Ball Lightning+1","Hologram+1","Cold Snap+1","Electrodynamics","Blizzard+1","Seek+1","Capacitor+1","Consume+1","Glacier","Ghostly","Ghostly","Ghostly","Reboot+1","Echo Form","Skim+1","Apotheosis+1","Discovery","Coolheaded+1","Capacitor","Seek+1","Reboot","Glacier"],"relics":["Cracked Core","Spirit Poop","Smiling Mask","Old Coin","Molten Egg 2","Pocketwatch","Cursed Key","PreservedInsect","Singing Bowl","Omamori","Potion Belt","Tiny Chest","Philosopher\u0027s Stone","Mummified Hand","Girya","Strawberry","Membership Card","Kunai","Whetstone","Happy Flower","Art of War","Boot","DollysMirror","Anchor"],"potions_floor_usage":[12,16,30,33,50,50,51,56,56,56],"damage_taken":[{"damage":5,"enemies":"2 Louse","floor":1,"turns":3},{"damage":0,"enemies":"Cultist","floor":4,"turns":3},{"damage":9,"enemies":"Lagavulin","floor":10,"turns":7},{"damage":0,"enemies":"Small Slimes","floor":11,"turns":2},{"damage":6,"enemies":"Gremlin Nob","floor":12,"turns":3},{"damage":23,"enemies":"Lagavulin","floor":14,"turns":7},{"damage":0,"enemies":"The Guardian","floor":16,"turns":16},{"damage":0,"enemies":"Chosen","floor":18,"turns":4},{"damage":0,"enemies":"3 Byrds","floor":21,"turns":3},{"damage":0,"enemies":"Centurion and Healer","floor":22,"turns":5},{"damage":29,"enemies":"Slavers","floor":24,"turns":2},{"damage":0,"enemies":"Book of Stabbing","floor":28,"turns":6},{"damage":0,"enemies":"Slavers","floor":30,"turns":4},{"damage":0,"enemies":"Chosen and Byrds","floor":31,"turns":5},{"damage":2,"enemies":"Automaton","floor":33,"turns":13},{"damage":0,"enemies":"3 Shapes","floor":35,"turns":3},{"damage":31,"enemies":"2 Orb Walkers","floor":39,"turns":4},{"damage":0,"enemies":"Giant Head","floor":41,"turns":6},{"damage":0,"enemies":"Reptomancer","floor":46,"turns":5},{"damage":0,"enemies":"Giant Head","floor":48,"turns":7},{"damage":20,"enemies":"Donu and Deca","floor":50,"turns":8},{"damage":0,"enemies":"Time Eater","floor":51,"turns":13},{"damage":38,"enemies":"Shield and Spear","floor":55,"turns":6},{"damage":9,"enemies":"The Heart","floor":56,"turns":10}],"seed_played":"851082676651413358","potions_obtained":[{"floor":11,"key":"FearPotion"},{"floor":12,"key":"EssenceOfSteel"},{"floor":14,"key":"Energy Potion"},{"floor":28,"key":"Explosive Potion"},{"floor":30,"key":"LiquidBronze"},{"floor":33,"key":"Dexterity Potion"},{"floor":39,"key":"AttackPotion"}],"is_trial":false,"path_per_floor":["M","?","$","M","?","R","?","R","T","E","M","E","R","E","R","B",null,"M","$","?","M","M","R","E","R","T","?","E","?","E","M","R","B",null,"M","$","?","?","?","R","E","?","T","R","$","E","R","E","R","B","B",null,"R","$","E","B",null],"character_chosen":"DEFECT","items_purchased":["Sunder","PreservedInsect","Blizzard+1","Seek","Capacitor","Mummified Hand","Membership Card","Kunai","Whetstone","Block Potion","Capacitor","PowerPotion","FairyPotion","AttackPotion","Boot","DollysMirror","Reboot"],"campfire_rested":2,"item_purchase_floors":[3,19,19,19,19,36,45,45,45,45,54,54,54,54,54,54,54],"current_hp_per_floor":[59,59,59,59,59,59,38,38,38,29,29,23,44,21,21,21,59,59,59,59,59,59,59,32,32,32,32,34,34,36,36,36,34,39,39,39,39,39,10,22,31,23,23,23,23,25,25,25,25,5,5,43,43,43,5,1],"gold":276,"neow_bonus":"TRANSFORM_TWO_CARDS","is_prod":false,"is_daily":false,"chose_seed":false,"campfire_upgraded":9,"win_rate":0,"timestamp":1564479528,"path_taken":["M","?","?","M","?","R","?","R","T","E","M","E","R","E","R","BOSS","M","$","?","M","M","R","E","R","T","?","E","?","E","M","R","BOSS","M","$","?","?","?","R","E","?","T","R","$","E","R","E","R","BOSS","BOSS","R","$","E","BOSS"],"build_version":"2019-07-17","purchased_purges":4,"victory":true,"max_hp_per_floor":[71,71,71,71,71,71,71,71,71,71,71,71,71,71,71,71,71,71,71,71,71,71,71,73,73,73,36,38,38,40,40,40,40,40,40,40,40,40,42,42,51,53,53,53,53,55,55,55,55,55,55,55,55,55,55,55],"card_choices":[{"not_picked":["Double Energy","Rebound"],"picked":"Cold Snap","floor":1},{"not_picked":["Stack","Redo","Gash"],"picked":"SKIP","floor":4},{"not_picked":["Lockon","Auto Shields"],"picked":"Ball Lightning","floor":10},{"not_picked":["Gash","Fusion","Lockon"],"picked":"SKIP","floor":11},{"not_picked":["Gash","Fusion","Lockon"],"picked":"SKIP","floor":11},{"not_picked":["Rip and Tear","Machine Learning"],"picked":"Hologram","floor":12},{"not_picked":["Sunder+1","Multi-Cast"],"picked":"Cold Snap+1","floor":14},{"not_picked":["Reboot","Seek"],"picked":"Electrodynamics","floor":16},{"not_picked":["Compile Driver+1","Beam Cell+1","Aggregate"],"picked":"SKIP","floor":18},{"not_picked":["Rebound+1","Heatsinks"],"picked":"Consume","floor":21},{"not_picked":["Cold Snap+1","Hologram+1"],"picked":"Glacier","floor":22},{"not_picked":["Chill","White Noise","Redo"],"picked":"Singing Bowl","floor":24},{"not_picked":["Conserve Battery","Reinforced Body","Steam"],"picked":"Singing Bowl","floor":28},{"not_picked":["Conserve Battery","Blizzard+1","Melter+1"],"picked":"Singing Bowl","floor":30},{"not_picked":["Conserve Battery","Turbo"],"picked":"Reboot","floor":31},{"not_picked":["Buffer","Creative AI"],"picked":"Echo Form","floor":33},{"not_picked":["Heatsinks","Aggregate"],"picked":"Skim+1","floor":35},{"not_picked":["Tempest","Go for the Eyes+1","Sweeping Beam+1"],"picked":"Singing Bowl","floor":39},{"not_picked":["Ball Lightning+1","Blizzard+1","Tempest"],"picked":"Singing Bowl","floor":41},{"not_picked":["Finesse","Thinking Ahead"],"picked":"Apotheosis","floor":42},{"not_picked":["Secret Weapon","Jack Of All Trades"],"picked":"Discovery","floor":42},{"not_picked":["Discovery","Enlightenment","Purity"],"picked":"Singing Bowl","floor":42},{"not_picked":["Steam","Undo","Darkness+1"],"picked":"Singing Bowl","floor":46},{"not_picked":["Go for the Eyes+1","Compile Driver+1"],"picked":"Coolheaded","floor":48},{"not_picked":["Buffer","Cold Snap+1"],"picked":"Glacier","floor":55}],"player_experience":1301938,"relics_obtained":[{"floor":9,"key":"Smiling Mask"},{"floor":10,"key":"Old Coin"},{"floor":12,"key":"Molten Egg 2"},{"floor":14,"key":"Pocketwatch"},{"floor":24,"key":"Singing Bowl"},{"floor":26,"key":"Omamori"},{"floor":28,"key":"Potion Belt"},{"floor":30,"key":"Tiny Chest"},{"floor":39,"key":"Girya"},{"floor":41,"key":"Strawberry"},{"floor":46,"key":"Happy Flower"},{"floor":48,"key":"Art of War"},{"floor":55,"key":"Anchor"}],"event_choices":[{"cards_removed":["Regret"],"damage_healed":0,"gold_gain":0,"player_choice":"Offered Curse","damage_taken":0,"relics_obtained":["Spirit Poop"],"max_hp_gain":0,"max_hp_loss":0,"event_name":"Bonfire Elementals","floor":2,"gold_loss":0},{"damage_healed":0,"gold_gain":0,"cards_transformed":["Steam Power"],"player_choice":"Change","damage_taken":0,"max_hp_gain":0,"max_hp_loss":0,"event_name":"Living Wall","floor":5,"gold_loss":0,"cards_obtained":["Creative AI"]},{"damage_healed":0,"gold_gain":0,"player_choice":"Entered Light","damage_taken":21,"max_hp_gain":0,"max_hp_loss":0,"event_name":"Shining Light","floor":7,"gold_loss":0,"cards_upgraded":["Defend_B","Cold Snap"]},{"cards_removed":["Strike_B"],"damage_healed":0,"gold_gain":0,"player_choice":"Elegance","damage_taken":0,"max_hp_gain":0,"max_hp_loss":0,"event_name":"Back to Basics","floor":20,"gold_loss":0},{"damage_healed":0,"gold_gain":0,"player_choice":"Became a Ghost","damage_taken":0,"max_hp_gain":0,"max_hp_loss":37,"event_name":"Ghosts","floor":27,"gold_loss":0,"cards_obtained":["Ghostly","Ghostly","Ghostly"]},{"damage_healed":0,"gold_gain":50,"player_choice":"Stole From Cult","damage_taken":0,"max_hp_gain":0,"max_hp_loss":0,"event_name":"Nest","floor":29,"gold_loss":0},{"damage_healed":0,"gold_gain":0,"player_choice":"Ignored","damage_taken":0,"max_hp_gain":0,"max_hp_loss":0,"event_name":"Tomb of Lord Red Mask","floor":37,"gold_loss":0},{"damage_healed":0,"gold_gain":999,"player_choice":"Gold","damage_taken":0,"max_hp_gain":0,"max_hp_loss":0,"event_name":"MindBloom","floor":38,"gold_loss":0,"cards_obtained":["Normality","Normality"]},{"damage_healed":0,"gold_gain":0,"player_choice":"Fight","damage_taken":0,"max_hp_gain":0,"max_hp_loss":0,"event_name":"Mysterious Sphere","floor":39,"gold_loss":0},{"damage_healed":0,"gold_gain":0,"player_choice":"Memory 3","damage_taken":10,"max_hp_gain":0,"max_hp_loss":0,"event_name":"SensoryStone","floor":42,"gold_loss":0}],"is_beta":false,"boss_relics":[{"not_picked":["Runic Dome","Ectoplasm"],"picked":"Cursed Key"},{"not_picked":["Fusion Hammer","Black Star"],"picked":"Philosopher\u0027s Stone"}],"items_purged_floors":[19,36,45,54],"is_endless":false,"potions_floor_spawned":[11,12,14,28,30,33,39,46,48],"ascension_level":20}