{"gold_per_floor":[113,113,129,142,142,142,172,172,172,202,230,245,245,255,255,255],"floor_reached":16,"playtime":898,"items_purged":[],"score":268,"play_id":"11727b1b-b5d3-4971-8a1d-d0c11f8320c9","local_time":"20190516231003","is_ascension_mode":true,"campfire_choices":[{"data":"Neutralize","floor":6,"key":"SMITH"},{"floor":8,"key":"REST"},{"floor":13,"key":"DIG"},{"floor":15,"key":"DIG"}],"neow_cost":"NONE","seed_source_timestamp":389741378700552,"circlet_count":0,"master_deck":["AscendersBane","Defend_G","Defend_G","Defend_G","Defend_G","Defend_G","Strike_G","Strike_G","Strike_G","Strike_G","Survivor","Neutralize+1","Sucker Punch","Underhanded Strike","Backflip","Dagger Spray","Tactician","Footwork","Poisoned Stab"],"relics":["Ring of the Snake","PreservedInsect","WingedGreaves","Shovel","Anchor","Sundial","Smiling Mask","Omamori"],"potions_floor_usage":[10,10,16],"damage_taken":[{"damage":2,"enemies":"2 Louse","floor":1,"turns":5},{"damage":9,"enemies":"Small Slimes","floor":3,"turns":5},{"damage":6,"enemies":"Cultist","floor":4,"turns":4},{"damage":17,"enemies":"Gremlin Nob","floor":7,"turns":5},{"damage":0,"enemies":"3 Sentries","floor":10,"turns":4},{"damage":19,"enemies":"Lagavulin","floor":11,"turns":8},{"damage":0,"enemies":"2 Fungi Beasts","floor":12,"turns":3},{"damage":2,"enemies":"Large Slime","floor":14,"turns":10},{"damage":25,"enemies":"Hexaghost","floor":16,"turns":11}],"seed_played":"2641557155546378765","potions_obtained":[{"floor":1,"key":"Energy Potion"},{"floor":7,"key":"SkillPotion"},{"floor":11,"key":"FairyPotion"},{"floor":12,"key":"Energy Potion"}],"is_trial":false,"path_per_floor":["M","?","M","M","?","R","E","R","T","E","E","M","R","M","R","B"],"character_chosen":"THE_SILENT","items_purchased":[],"campfire_rested":1,"item_purchase_floors":[],"current_hp_per_floor":[57,57,48,42,42,42,25,44,44,44,25,25,25,23,23,6],"gold":255,"neow_bonus":"RANDOM_COMMON_RELIC","is_prod":false,"is_daily":false,"chose_seed":false,"campfire_upgraded":1,"win_rate":0,"timestamp":1558041003,"path_taken":["M","?","M","M","?","R","E","R","T","E","E","M","R","M","R","BOSS"],"build_version":"2019-01-23","purchased_purges":0,"victory":false,"max_hp_per_floor":[66,66,66,66,66,66,66,66,66,66,66,66,66,66,66,66],"card_choices":[{"not_picked":["Caltrops","Prepared"],"picked":"Sucker Punch","floor":1},{"not_picked":["Dodge and Roll","Caltrops"],"picked":"Underhanded Strike","floor":4},{"not_picked":["Deflect","Noxious Fumes"],"picked":"Dagger Spray","floor":7},{"not_picked":["Distraction","Choke"],"picked":"Tactician","floor":10},{"not_picked":["Underhanded Strike","Eviscerate"],"picked":"Footwork","floor":12},{"not_picked":["Prepared","Flechettes"],"picked":"Poisoned Stab","floor":14}],"player_experience":906709,"relics_obtained":[{"floor":7,"key":"WingedGreaves"},{"floor":9,"key":"Shovel"},{"floor":10,"key":"Anchor"},{"floor":11,"key":"Sundial"},{"floor":13,"key":"Smiling Mask"},{"floor":15,"key":"Omamori"}],"event_choices":[{"damage_healed":0,"gold_gain":0,"player_choice":"Ignored","damage_taken":0,"max_hp_gain":0,"max_hp_loss":0,"event_name":"Liars Game","floor":2,"gold_loss":0},{"damage_healed":0,"gold_gain":0,"cards_transformed":["Strike_G"],"player_choice":"Change","damage_taken":0,"max_hp_gain":0,"max_hp_loss":0,"event_name":"Living Wall","floor":5,"gold_loss":0,"cards_obtained":["Backflip"]}],"is_beta":false,"boss_relics":[],"items_purged_floors":[],"is_endless":false,"potions_floor_spawned":[1,7,11,12],"killed_by":"Hexaghost","ascension_level":17}