{"gold_per_floor":[110,122,122,50,50,50,85,85,85,16,40,40,58,133,133,133],"floor_reached":16,"playtime":455,"items_purged":[],"score":191,"play_id":"efba48c5-9c7d-410e-99a0-7e12a4c1cbbe","local_time":"20190626183850","is_ascension_mode":true,"campfire_choices":[{"floor":6,"key":"REST"},{"data":"After Image","floor":8,"key":"SMITH"},{"floor":15,"key":"REST"}],"neow_cost":"NONE","seed_source_timestamp":1122794553965313,"circlet_count":0,"master_deck":["AscendersBane","Defend_G","Defend_G","Defend_G","Defend_G","Defend_G","Strike_G","Strike_G","Strike_G","Strike_G","Strike_G","Survivor","Neutralize","Masterful Stab+1","After Image+1","Slice","Masterful Stab","Dagger Spray"],"relics":["Ring of the Snake","NeowsBlessing","Golden Idol","Centennial Puzzle","Orichalcum"],"potions_floor_usage":[16],"damage_taken":[{"damage":0,"enemies":"Small Slimes","floor":1,"turns":1},{"damage":0,"enemies":"2 Louse","floor":2,"turns":1},{"damage":0,"enemies":"3 Sentries","floor":7,"turns":1},{"damage":3,"enemies":"Jaw Worm","floor":11,"turns":2},{"damage":0,"enemies":"2 Fungi Beasts","floor":13,"turns":3},{"damage":31,"enemies":"The Guardian","floor":16,"turns":15}],"seed_played":"-6253046784401103892","potions_obtained":[{"floor":2,"key":"Dexterity Potion"},{"floor":11,"key":"Regen Potion"}],"is_trial":false,"path_per_floor":["M","M","?","$","?","R","E","R","T","$","M","?","M","?","R","B"],"character_chosen":"THE_SILENT","items_purchased":["After Image","Masterful Stab"],"campfire_rested":2,"item_purchase_floors":[4,10],"current_hp_per_floor":[63,63,63,63,46,67,67,67,67,67,64,69,69,58,75,44],"gold":133,"neow_bonus":"THREE_ENEMY_KILL","is_prod":false,"is_daily":false,"chose_seed":false,"campfire_upgraded":1,"win_rate":0,"timestamp":1561563530,"path_taken":["M","M","?","$","?","R","E","R","T","?","M","?","?","?","R","BOSS"],"build_version":"2019-01-23","purchased_purges":0,"victory":false,"max_hp_per_floor":[70,70,70,70,70,70,70,70,70,70,70,75,75,75,75,75],"card_choices":[{"not_picked":["Poisoned Stab","Cloak And Dagger"],"picked":"Masterful Stab","floor":1},{"not_picked":["Poisoned Stab","Bouncing Flask","Dagger Throw"],"picked":"SKIP","floor":2},{"not_picked":["Eviscerate","Blur"],"picked":"Slice","floor":7},{"not_picked":["Dagger Throw","Crippling Poison","Predator"],"picked":"SKIP","floor":11},{"not_picked":["Flying Knee","Noxious Fumes"],"picked":"Dagger Spray","floor":13}],"player_experience":1586301,"relics_obtained":[{"floor":7,"key":"Centennial Puzzle"},{"floor":9,"key":"Orichalcum"}],"event_choices":[{"damage_healed":0,"gold_gain":0,"player_choice":"Grow","damage_taken":0,"max_hp_gain":0,"max_hp_loss":0,"event_name":"Living Wall","floor":3,"gold_loss":0,"cards_upgraded":["Masterful Stab"]},{"damage_healed":0,"gold_gain":0,"player_choice":"Take Damage","damage_taken":17,"relics_obtained":["Golden Idol"],"max_hp_gain":0,"max_hp_loss":0,"event_name":"Golden Idol","floor":5,"gold_loss":0},{"damage_healed":0,"gold_gain":0,"player_choice":"Donut","damage_taken":0,"max_hp_gain":5,"max_hp_loss":0,"event_name":"Big Fish","floor":12,"gold_loss":0},{"damage_healed":0,"gold_gain":75,"player_choice":"Gather Gold","damage_taken":11,"max_hp_gain":0,"max_hp_loss":0,"event_name":"World of Goop","floor":14,"gold_loss":0}],"is_beta":false,"boss_relics":[],"items_purged_floors":[],"is_endless":false,"potions_floor_spawned":[2,11],"killed_by":"The Guardian","ascension_level":11}