{"gold_per_floor":[113,113,133,152,162,162,192,208,208,235,245,245,269,269,269,340,340,358,358,44,93,103,103],"floor_reached":23,"playtime":777,"items_purged":["Strike_B"],"score":402,"play_id":"06549814-b96b-467f-b842-623d7efc2752","local_time":"20190711165632","is_ascension_mode":true,"campfire_choices":[{"data":"Sunder","floor":6,"key":"SMITH"},{"floor":12,"key":"REST"},{"data":"Capacitor","floor":15,"key":"SMITH"}],"neow_cost":"NONE","seed_source_timestamp":6582445983300,"circlet_count":0,"master_deck":["AscendersBane","Strike_B","Strike_B+1","Strike_B+1","Defend_B","Defend_B","Defend_B","Defend_B","Zap","Dualcast","Sunder+1","Self Repair","Turbo","Ball Lightning","Coolheaded","Capacitor+1","Lockon+1","Creative AI","Go for the Eyes+1","Sweeping Beam+1","Barrage+1","Ball Lightning+1"],"relics":["Cracked Core","NeowsBlessing","Potion Belt","Molten Egg 2","Pocketwatch","Odd Mushroom","Nuclear Battery","Runic Capacitor"],"potions_floor_usage":[7,8,8,8,16,18,23,23,23],"damage_taken":[{"damage":0,"enemies":"Jaw Worm","floor":1,"turns":1},{"damage":0,"enemies":"2 Louse","floor":3,"turns":1},{"damage":0,"enemies":"Cultist","floor":4,"turns":1},{"damage":4,"enemies":"Exordium Wildlife","floor":5,"turns":3},{"damage":24,"enemies":"Gremlin Nob","floor":7,"turns":4},{"damage":2,"enemies":"Lots of Slimes","floor":8,"turns":3},{"damage":23,"enemies":"3 Sentries","floor":10,"turns":6},{"damage":2,"enemies":"Large Slime","floor":11,"turns":4},{"damage":6,"enemies":"The Mushroom Lair","floor":13,"turns":3},{"damage":28,"enemies":"Hexaghost","floor":16,"turns":7},{"damage":23,"enemies":"Shell Parasite","floor":18,"turns":6},{"damage":13,"enemies":"3 Byrds","floor":22,"turns":4},{"damage":44,"enemies":"Slavers","floor":23,"turns":3}],"seed_played":"6544358366493601789","potions_obtained":[{"floor":1,"key":"Ancient Potion"},{"floor":3,"key":"EntropicBrew"},{"floor":7,"key":"Regen Potion"},{"floor":11,"key":"FocusPotion"},{"floor":13,"key":"EssenceOfSteel"},{"floor":18,"key":"Strength Potion"}],"is_trial":false,"path_per_floor":["M","?","M","M","M","R","E","M","T","E","M","R","?","?","R","B",null,"M","?","$","T","M","E"],"character_chosen":"DEFECT","items_purchased":["Runic Capacitor","Barrage+1"],"campfire_rested":1,"item_purchase_floors":[20,20],"current_hp_per_floor":[64,43,43,43,39,39,15,29,29,6,11,32,33,38,38,17,61,45,45,45,45,39,0],"gold":103,"neow_bonus":"THREE_ENEMY_KILL","is_prod":false,"is_daily":false,"chose_seed":false,"campfire_upgraded":2,"win_rate":0,"timestamp":1562831792,"path_taken":["M","?","M","M","M","R","E","M","T","E","M","R","?","?","R","BOSS","M","?","$","?","M","E"],"build_version":"2019-07-05","purchased_purges":1,"victory":false,"max_hp_per_floor":[71,71,71,71,71,71,71,71,71,71,71,71,71,76,76,76,76,76,76,76,76,76,76],"card_choices":[{"not_picked":["White Noise","Go for the Eyes"],"picked":"Sunder","floor":1},{"not_picked":["Gash","Steam","Turbo"],"picked":"SKIP","floor":3},{"not_picked":["Go for the Eyes","Gash","Steam"],"picked":"SKIP","floor":4},{"not_picked":["Cold Snap","Sweeping Beam"],"picked":"Self Repair","floor":5},{"not_picked":["Meteor Strike","Hologram"],"picked":"Turbo","floor":7},{"not_picked":["Blizzard","FTL"],"picked":"Ball Lightning","floor":8},{"not_picked":["Reinforced Body","Hologram"],"picked":"Coolheaded","floor":10},{"not_picked":["Steam","Conserve Battery"],"picked":"Capacitor","floor":11},{"not_picked":["Heatsinks","Sweeping Beam+1"],"picked":"Lockon+1","floor":13},{"not_picked":["Rainbow","Buffer"],"picked":"Creative AI","floor":16},{"not_picked":["Rip and Tear+1","Turbo"],"picked":"Go for the Eyes+1","floor":18},{"not_picked":["Redo","Beam Cell+1"],"picked":"Ball Lightning+1","floor":22}],"player_experience":974712,"relics_obtained":[{"floor":7,"key":"Potion Belt"},{"floor":9,"key":"Molten Egg 2"},{"floor":10,"key":"Pocketwatch"},{"floor":13,"key":"Odd Mushroom"}],"event_choices":[{"damage_healed":0,"gold_gain":0,"player_choice":"Entered Light","damage_taken":21,"max_hp_gain":0,"max_hp_loss":0,"event_name":"Shining Light","floor":2,"gold_loss":0,"cards_upgraded":["Strike_B","Strike_B"]},{"damage_healed":0,"gold_gain":0,"player_choice":"Fought Mushrooms","damage_taken":0,"max_hp_gain":0,"max_hp_loss":0,"event_name":"Mushrooms","floor":13,"gold_loss":0},{"damage_healed":0,"gold_gain":0,"player_choice":"Donut","damage_taken":0,"max_hp_gain":5,"max_hp_loss":0,"event_name":"Big Fish","floor":14,"gold_loss":0},{"damage_healed":0,"gold_gain":0,"player_choice":"1 cards matched","damage_taken":0,"max_hp_gain":0,"max_hp_loss":0,"event_name":"Match and Keep!","floor":19,"gold_loss":0,"cards_obtained":["Sweeping Beam"]}],"is_beta":false,"boss_relics":[{"not_picked":["Eternal Feather","White Beast Statue"],"picked":"Nuclear Battery"}],"items_purged_floors":[20],"is_endless":false,"potions_floor_spawned":[1,3,7,11,13,18],"killed_by":"Slavers","ascension_level":20}