{"gold_per_floor":[118,118,118,134,50,85,85,85,85,113,113,113],"floor_reached":12,"playtime":208,"items_purged":[],"score":218,"play_id":"e6962f1f-4639-4e8b-ba84-7fa003196907","local_time":"20190626122911","is_ascension_mode":true,"campfire_choices":[{"data":"Whirlwind","floor":7.0,"key":"SMITH"},{"data":"Bash","floor":11.0,"key":"SMITH"}],"neow_cost":"NONE","seed_source_timestamp":341875423091400,"circlet_count":0,"master_deck":["AscendersBane","Strike_R","Strike_R+1","Strike_R","Strike_R+1","Strike_R","Defend_R","Defend_R","Defend_R","Defend_R","Bash+1","Second Wind","Dark Embrace","Whirlwind+1","True Grit"],"special_seed":0,"relics":["Burning Blood","NeowsBlessing","Strawberry","Omamori","Letter Opener","Darkstone Periapt"],"potions_floor_usage":[],"damage_taken":[{"damage":0.0,"enemies":"2 Louse","floor":1.0,"turns":1.0},{"damage":0.0,"enemies":"Cultist","floor":4.0,"turns":1.0},{"damage":0.0,"enemies":"3 Sentries","floor":6.0,"turns":2.0},{"damage":44.0,"enemies":"Lagavulin","floor":10.0,"turns":7.0},{"damage":25,"enemies":"3 Sentries","floor":12,"turns":6}],"seed_played":"-8073155920773537572","potions_obtained":[{"floor":1.0,"key":"Poison Potion"}],"is_trial":false,"path_per_floor":["M","?","?","M","$","E","R","?","T","E","R","E"],"character_chosen":"IRONCLAD","items_purchased":["Dark Embrace"],"campfire_rested":0,"item_purchase_floors":[5],"current_hp_per_floor":[74,51,51,57,57,70,70,70,70,32,32,7],"gold":113,"neow_bonus":"THREE_ENEMY_KILL","is_prod":false,"is_daily":false,"chose_seed":false,"campfire_upgraded":2,"win_rate":0,"timestamp":1561519751,"path_taken":["M","?","?","?","$","E","R","?","T","E","R","E"],"build_version":"2019-01-23","purchased_purges":0,"victory":false,"max_hp_per_floor":[75,75,75,75,75,82,82,82,82,82,82,82],"card_choices":[{"not_picked":["Ghostly Armor","Iron Wave","Warcry"],"picked":"SKIP","floor":1.0},{"not_picked":["Flex","Searing Blow"],"picked":"Second Wind","floor":4.0},{"not_picked":["Body Slam","Fire Breathing"],"picked":"Whirlwind","floor":6.0},{"not_picked":["Disarm","Body Slam"],"picked":"True Grit","floor":10.0}],"player_experience":802187,"relics_obtained":[{"floor":6.0,"key":"Strawberry"},{"floor":9.0,"key":"Letter Opener"},{"floor":10.0,"key":"Darkstone Periapt"}],"event_choices":[{"damage_healed":0.0,"max_hp_gain":0.0,"max_hp_loss":0.0,"gold_gain":0.0,"event_name":"Shining Light","player_choice":"Entered Light","floor":2.0,"gold_loss":0.0,"damage_taken":23.0,"cards_upgraded":["Strike_R","Strike_R"]},{"damage_healed":0.0,"max_hp_gain":0.0,"max_hp_loss":0.0,"gold_gain":0.0,"event_name":"Match and Keep!","player_choice":"0 cards matched","floor":3.0,"gold_loss":0.0,"damage_taken":0.0,"cards_obtained":[]},{"damage_healed":0.0,"max_hp_gain":0.0,"max_hp_loss":0.0,"gold_gain":0.0,"event_name":"Dead Adventurer","player_choice":"Searched \u00271\u0027 times","floor":8.0,"gold_loss":0.0,"damage_taken":0.0,"relics_obtained":["Omamori"]}],"is_beta":false,"boss_relics":[],"items_purged_floors":[],"is_endless":false,"potions_floor_spawned":[1],"killed_by":"3 Sentries","ascension_level":20}