{"gold_per_floor":[110,128,203,168,168,199,199,230,230,230,74,87,98,98,98,197,197,197,0,11,11,11,11,26,42,110,138,238,256,276,290,290,394,394,413,413,270,281,281,281,297,297,324,336,348],"floor_reached":45,"playtime":2549,"items_purged":["Parasite","Pain"],"score":715,"play_id":"c3e42e7f-1d5e-44e1-9166-e9a969912f90","local_time":"20190609160845","is_ascension_mode":true,"campfire_choices":[{"floor":7.0,"key":"REST"},{"floor":15.0,"key":"REST"},{"floor":23.0,"key":"REST"},{"floor":32.0,"key":"REST"},{"floor":40,"key":"REST"},{"data":"Envenom","floor":42,"key":"SMITH"},{"floor":44,"key":"REST"}],"neow_cost":"NONE","seed_source_timestamp":1211735301847771,"circlet_count":0,"master_deck":["Defend_G","Defend_G","Defend_G","Defend_G","Defend_G","Strike_G","Strike_G","Strike_G","Strike_G","Strike_G","Survivor","Neutralize","Doppelganger","Bane","Leg Sweep","Catalyst","Bouncing Flask","Deadly Poison","Adrenaline","Bandage Up","Poisoned Stab","Dodge and Roll+1","Die Die Die","Leg Sweep","Escape Plan+1","Envenom+1","Bouncing Flask","Dagger Spray","Adrenaline","Bane","Dagger Spray+1","Venomology","The Bomb","Dagger Spray"],"special_seed":0,"relics":["Ring of the Snake","Meat on the Bone","Bag of Preparation","Darkstone Periapt","Calling Bell","Centennial Puzzle","Paper Crane","StoneCalendar","Ninja Scroll","Pantograph","Orrery","Lantern","MawBank"],"potions_floor_usage":[35,38,45],"damage_taken":[{"damage":0.0,"enemies":"Cultist","floor":1.0,"turns":4.0},{"damage":1.0,"enemies":"Jaw Worm","floor":2.0,"turns":5.0},{"damage":49.0,"enemies":"Gremlin Nob","floor":6.0,"turns":5.0},{"damage":22.0,"enemies":"3 Sentries","floor":8.0,"turns":13.0},{"damage":0.0,"enemies":"2 Louse","floor":12.0,"turns":2.0},{"damage":2.0,"enemies":"2 Fungi Beasts","floor":13.0,"turns":3.0},{"damage":0.0,"enemies":"Slime Boss","floor":16.0,"turns":6.0},{"damage":0.0,"enemies":"2 Thieves","floor":18.0,"turns":1.0},{"damage":13.0,"enemies":"3 Byrds","floor":20.0,"turns":7.0},{"damage":8.0,"enemies":"Snecko","floor":24.0,"turns":5.0},{"damage":23.0,"enemies":"Centurion and Healer","floor":25.0,"turns":7.0},{"damage":46.0,"enemies":"Slavers","floor":27.0,"turns":7.0},{"damage":15.0,"enemies":"3 Cultists","floor":29.0,"turns":7.0},{"damage":1.0,"enemies":"Snake Plant","floor":30.0,"turns":4.0},{"damage":4.0,"enemies":"Snecko","floor":31.0,"turns":5.0},{"damage":96.0,"enemies":"Automaton","floor":33.0,"turns":14.0},{"damage":11,"enemies":"Orb Walker","floor":35,"turns":3},{"damage":29,"enemies":"3 Darklings","floor":38,"turns":5},{"damage":12,"enemies":"Sphere and 2 Shapes","floor":41,"turns":4},{"damage":106,"enemies":"Giant Head","floor":45,"turns":9}],"seed_played":"2163302056126263346","potions_obtained":[{"floor":2.0,"key":"Explosive Potion"},{"floor":8.0,"key":"SpeedPotion"},{"floor":13.0,"key":"Explosive Potion"},{"floor":16.0,"key":"SmokeBomb"},{"floor":27.0,"key":"GhostInAJar"},{"floor":31.0,"key":"GamblersBrew"},{"floor":33.0,"key":"FearPotion"},{"floor":35,"key":"SpeedPotion"},{"floor":38,"key":"AttackPotion"}],"is_trial":false,"path_per_floor":["M","M","?","?","?","E","R","E","T","?","$","M","M","$","R","B",null,"M","$","M","?","?","R","M","M","T","E","?","M","M","M","R","B",null,"M","?","$","M","?","R","M","R","T","R","E"],"character_chosen":"THE_SILENT","items_purchased":["Bouncing Flask","Bandage Up","Lantern"],"campfire_rested":6,"item_purchase_floors":[11,19,37],"current_hp_per_floor":[63,62,51,68,68,19,40,30,30,53,53,53,51,51,72,72,91,91,91,82,64,64,92,88,69,69,39,39,40,55,55,83,16,76,69,69,69,56,56,84,76,76,76,96,0],"gold":348,"neow_bonus":"ONE_RANDOM_RARE_CARD","is_prod":false,"is_daily":false,"chose_seed":false,"campfire_upgraded":1,"win_rate":0,"timestamp":1560085725,"path_taken":["M","M","?","?","?","E","R","E","T","?","$","M","M","$","R","BOSS","M","$","M","?","?","R","M","?","T","E","?","M","?","M","R","BOSS","M","?","?","M","?","R","M","R","T","R","E"],"build_version":"2019-01-23","purchased_purges":2,"victory":false,"max_hp_per_floor":[70,70,70,70,70,70,70,70,70,76,73,73,73,73,73,73,91,91,91,91,96,96,96,96,96,96,96,96,96,96,96,96,96,96,96,96,96,96,96,96,96,96,96,96,96],"card_choices":[{"not_picked":["Deflect","Slice"],"picked":"Bane","floor":1.0},{"not_picked":["Terror","Unload","PiercingWail"],"picked":"SKIP","floor":2.0},{"not_picked":["Expertise","Prepared"],"picked":"Leg Sweep","floor":6.0},{"not_picked":["Tools of the Trade","Tactician"],"picked":"Catalyst","floor":8.0},{"not_picked":["PiercingWail","Flying Knee","Quick Slash"],"picked":"SKIP","floor":12.0},{"not_picked":["Slice","Dagger Throw"],"picked":"Deadly Poison","floor":13.0},{"not_picked":["Grand Finale","Unload"],"picked":"Adrenaline","floor":16.0},{"not_picked":["Underhanded Strike","Infinite Blades"],"picked":"Poisoned Stab","floor":20.0},{"not_picked":["Dodge and Roll","Outmaneuver","Prepared+1"],"picked":"SKIP","floor":24.0},{"not_picked":["Unload","Blade Dance"],"picked":"Dodge and Roll+1","floor":25.0},{"not_picked":["Flying Knee+1","PiercingWail"],"picked":"Die Die Die","floor":27.0},{"not_picked":["All Out Attack","Cloak And Dagger","Acrobatics"],"picked":"SKIP","floor":29.0},{"not_picked":["Underhanded Strike","Dagger Spray"],"picked":"Leg Sweep","floor":30.0},{"not_picked":["All Out Attack","Flying Knee"],"picked":"Escape Plan+1","floor":31.0},{"not_picked":["Storm of Steel","Doppelganger"],"picked":"Envenom","floor":33.0},{"not_picked":["Flying Knee+1","Poisoned Stab"],"picked":"Bouncing Flask","floor":34.0},{"not_picked":["Underhanded Strike","Dash"],"picked":"Dagger Spray","floor":34.0},{"not_picked":["Backflip","Flying Knee"],"picked":"Adrenaline","floor":34.0},{"not_picked":["Prepared","Tactician+1"],"picked":"Bane","floor":34.0},{"not_picked":["Footwork","Flying Knee+1"],"picked":"Dagger Spray+1","floor":35},{"not_picked":["Cloak And Dagger","Dodge and Roll"],"picked":"Venomology","floor":38},{"not_picked":["Trip","Purity"],"picked":"The Bomb","floor":39},{"not_picked":["Concentrate+1","Backstab+1"],"picked":"Dagger Spray","floor":41}],"player_experience":1496235,"relics_obtained":[{"floor":6.0,"key":"Meat on the Bone"},{"floor":8.0,"key":"Bag of Preparation"},{"floor":9.0,"key":"Darkstone Periapt"},{"floor":17.0,"key":"Centennial Puzzle"},{"floor":17.0,"key":"Paper Crane"},{"floor":17.0,"key":"StoneCalendar"},{"floor":26.0,"key":"Ninja Scroll"},{"floor":27.0,"key":"Pantograph"},{"floor":43,"key":"MawBank"}],"event_choices":[{"damage_healed":0.0,"max_hp_gain":0.0,"max_hp_loss":0.0,"gold_gain":75.0,"event_name":"World of Goop","player_choice":"Gather Gold","floor":3.0,"gold_loss":0.0,"damage_taken":11.0},{"damage_healed":17.0,"max_hp_gain":0.0,"max_hp_loss":0.0,"gold_gain":0.0,"event_name":"The Cleric","player_choice":"Healed","floor":4.0,"gold_loss":35.0,"damage_taken":0.0},{"damage_healed":0.0,"max_hp_gain":0.0,"max_hp_loss":0.0,"gold_gain":0.0,"event_name":"Shining Light","player_choice":"Ignored","floor":5.0,"gold_loss":0.0,"damage_taken":0.0},{"damage_healed":17.0,"max_hp_gain":0.0,"max_hp_loss":0.0,"gold_gain":0.0,"event_name":"Mushrooms","player_choice":"Healed and dodged fight","floor":10.0,"gold_loss":0.0,"damage_taken":0.0,"cards_obtained":["Parasite"]},{"damage_healed":0.0,"max_hp_gain":5.0,"max_hp_loss":0.0,"gold_gain":0.0,"event_name":"Forgotten Altar","player_choice":"Shed Blood","floor":21.0,"gold_loss":0.0,"damage_taken":23.0},{"cards_removed":["Decay"],"damage_healed":0.0,"max_hp_gain":0.0,"max_hp_loss":0.0,"gold_gain":0.0,"event_name":"Purifier","player_choice":"Purged","floor":22.0,"gold_loss":0.0,"damage_taken":0.0},{"damage_healed":0.0,"max_hp_gain":0.0,"max_hp_loss":0.0,"gold_gain":100.0,"event_name":"Golden Shrine","player_choice":"Pray","floor":28.0,"gold_loss":0.0,"damage_taken":0.0},{"cards_removed":["Clumsy"],"damage_healed":0,"gold_gain":0,"player_choice":"Purged","damage_taken":0,"max_hp_gain":0,"max_hp_loss":0,"event_name":"Purifier","floor":36,"gold_loss":0},{"damage_healed":0,"gold_gain":0,"player_choice":"Memory 1","damage_taken":0,"max_hp_gain":0,"max_hp_loss":0,"event_name":"SensoryStone","floor":39,"gold_loss":0}],"is_beta":false,"boss_relics":[{"not_picked":["Busted Crown","Philosopher\u0027s Stone"],"picked":"Calling Bell"},{"not_picked":["Coffee Dripper","Fusion Hammer"],"picked":"Orrery"}],"items_purged_floors":[11,19],"is_endless":false,"potions_floor_spawned":[2,8,13,16,27,31,33,35,38],"killed_by":"Giant Head","ascension_level":8}