{"gold_per_floor":[119,130,141,156,169,197,197,225,225,212,225,236,236,236,236,332,332,344,344,364,176,192,221,3,3,30,48,48,48,74,88,88,88],"floor_reached":33,"playtime":2792,"items_purged":["Writhe"],"score":326,"play_id":"dd4d774f-37a3-49e6-b496-8f9a4732788b","local_time":"20190227171451","is_ascension_mode":false,"campfire_choices":[{"floor":7.0,"key":"REST"},{"floor":13.0,"key":"REST"},{"floor":15.0,"key":"RECALL"},{"floor":28.0,"key":"REST"},{"floor":32.0,"key":"REST"}],"neow_cost":"NONE","seed_source_timestamp":700742764605271,"circlet_count":0,"master_deck":["Defend_G","Defend_G","Defend_G","Strike_G","Strike_G","Strike_G","Strike_G","Strike_G","Survivor","Neutralize","Cloak And Dagger","Cloak And Dagger","Accuracy","Backstab","Blade Dance","Slice","Slice","Neutralize","Burst","Slice+1","Accuracy+1","Finisher","Slice+1","Blade Dance","Backstab","Footwork+1"],"special_seed":0,"relics":["Ring of the Snake","Frozen Egg 2","Torii","Meat on the Bone","Empty Cage","Blood Vial","Nunchaku","Pen Nib","Bag of Marbles"],"potions_floor_usage":[33],"damage_taken":[{"damage":4.0,"enemies":"Cultist","floor":1.0,"turns":5.0},{"damage":0.0,"enemies":"Jaw Worm","floor":2.0,"turns":4.0},{"damage":0.0,"enemies":"2 Louse","floor":3.0,"turns":4.0},{"damage":0.0,"enemies":"Lots of Slimes","floor":4.0,"turns":7.0},{"damage":4.0,"enemies":"3 Louse","floor":5.0,"turns":4.0},{"damage":26.0,"enemies":"3 Sentries","floor":6.0,"turns":15.0},{"damage":13.0,"enemies":"Lagavulin","floor":8.0,"turns":12.0},{"damage":1.0,"enemies":"Exordium Thugs","floor":10.0,"turns":4.0},{"damage":0.0,"enemies":"Looter","floor":11.0,"turns":3.0},{"damage":1.0,"enemies":"2 Fungi Beasts","floor":12.0,"turns":3.0},{"damage":33.0,"enemies":"The Guardian","floor":16.0,"turns":19.0},{"damage":2.0,"enemies":"Shell Parasite","floor":18.0,"turns":6.0},{"damage":0.0,"enemies":"3 Byrds","floor":20.0,"turns":6.0},{"damage":13.0,"enemies":"Shelled Parasite and Fungi","floor":22.0,"turns":7.0},{"damage":20.0,"enemies":"Gremlin Leader","floor":23.0,"turns":8.0},{"damage":9.0,"enemies":"Colosseum Slavers","floor":25.0,"turns":4.0},{"damage":0.0,"enemies":"Centurion and Healer","floor":27.0,"turns":5.0},{"damage":32.0,"enemies":"Book of Stabbing","floor":30.0,"turns":5.0},{"damage":13.0,"enemies":"Snake Plant","floor":31.0,"turns":5.0},{"damage":83,"enemies":"Automaton","floor":33,"turns":6}],"seed_played":"8636761356572175131","potions_obtained":[{"floor":0.0,"key":"EntropicBrew"},{"floor":0.0,"key":"Fruit Juice"},{"floor":0.0,"key":"Dexterity Potion"},{"floor":3.0,"key":"GhostInAJar"},{"floor":4.0,"key":"SpeedPotion"},{"floor":11.0,"key":"EssenceOfSteel"},{"floor":12.0,"key":"SpeedPotion"},{"floor":16.0,"key":"Regen Potion"},{"floor":22.0,"key":"Explosive Potion"},{"floor":31.0,"key":"PowerPotion"}],"is_trial":false,"path_per_floor":["M","M","M","M","M","E","R","E","T","M","M","M","R","?","R","B",null,"M","?","M","$","M","E","$","?","T","M","R","?","E","M","R","B"],"character_chosen":"THE_SILENT","items_purchased":["Accuracy+1","Finisher","Pen Nib","LiquidBronze"],"campfire_rested":4,"item_purchase_floors":[21,21,24,24],"current_hp_per_floor":[71,71,71,71,67,41,63,50,50,49,49,48,70,70,70,49,75,73,73,75,75,74,55,55,48,48,50,72,72,42,43,65,0],"gold":88,"neow_bonus":"THREE_SMALL_POTIONS","is_prod":false,"is_daily":false,"chose_seed":false,"campfire_upgraded":0,"win_rate":0,"timestamp":1551280491,"path_taken":["M","M","?","M","M","E","R","E","T","M","M","M","R","?","R","BOSS","M","?","M","$","M","E","$","?","T","M","R","?","E","M","R","BOSS"],"build_version":"2019-01-23","purchased_purges":1,"victory":false,"max_hp_per_floor":[75,75,75,75,75,75,75,75,75,75,75,75,75,75,75,75,75,75,75,75,75,75,75,75,75,75,75,75,75,75,75,75,75],"card_choices":[{"not_picked":["Concentrate","Deadly Poison"],"picked":"Cloak And Dagger","floor":1.0},{"not_picked":["Underhanded Strike","Backflip"],"picked":"Cloak And Dagger","floor":2.0},{"not_picked":["Tactician","Backstab"],"picked":"Accuracy","floor":3.0},{"not_picked":["Leg Sweep","Dodge and Roll","Reflex"],"picked":"SKIP","floor":4.0},{"not_picked":["Flechettes","Quick Slash"],"picked":"Backstab","floor":5.0},{"not_picked":["Skewer","Quick Slash","Blur"],"picked":"SKIP","floor":6.0},{"not_picked":["Escape Plan","Riddle With Holes"],"picked":"Blade Dance","floor":8.0},{"not_picked":["Predator","Deflect"],"picked":"Slice","floor":10.0},{"not_picked":["Malaise","Well Laid Plans+1"],"picked":"Slice","floor":11.0},{"not_picked":["Prepared","Choke","Tactician"],"picked":"SKIP","floor":12.0},{"not_picked":["Phantasmal Killer","Wraith Form v2+1"],"picked":"Burst","floor":16.0},{"not_picked":["Bane","Quick Slash+1"],"picked":"Slice+1","floor":18.0},{"not_picked":["Terror","PiercingWail","Dodge and Roll"],"picked":"SKIP","floor":20.0},{"not_picked":["Poisoned Stab+1","Heel Hook"],"picked":"Slice+1","floor":22.0},{"not_picked":["Deflect","Phantasmal Killer","Backflip"],"picked":"SKIP","floor":23.0},{"not_picked":["Acrobatics","Dodge and Roll"],"picked":"Blade Dance","floor":27.0},{"not_picked":["Backflip","Eviscerate","All Out Attack"],"picked":"SKIP","floor":30.0},{"not_picked":["Deflect","Flechettes"],"picked":"Footwork+1","floor":31.0}],"player_experience":995079,"relics_obtained":[{"floor":6.0,"key":"Frozen Egg 2"},{"floor":8.0,"key":"Torii"},{"floor":9.0,"key":"Meat on the Bone"},{"floor":23.0,"key":"Nunchaku"},{"floor":30.0,"key":"Bag of Marbles"}],"event_choices":[{"damage_healed":0.0,"max_hp_gain":0.0,"max_hp_loss":0.0,"gold_gain":0.0,"event_name":"Match and Keep!","player_choice":"1 cards matched","floor":14.0,"gold_loss":0.0,"damage_taken":0.0,"cards_obtained":["Neutralize"]},{"damage_healed":0.0,"max_hp_gain":0.0,"max_hp_loss":0.0,"gold_gain":0.0,"event_name":"The Mausoleum","player_choice":"Opened","floor":19.0,"gold_loss":0.0,"damage_taken":0.0,"relics_obtained":["Blood Vial"],"cards_obtained":["Writhe"]},{"damage_healed":0.0,"max_hp_gain":0.0,"max_hp_loss":0.0,"gold_gain":0.0,"event_name":"Colosseum","player_choice":"Fight","floor":25.0,"gold_loss":0.0,"damage_taken":0.0},{"damage_healed":0.0,"max_hp_gain":0.0,"max_hp_loss":0.0,"gold_gain":0.0,"event_name":"Colosseum","player_choice":"Fled From Nobs","floor":25.0,"gold_loss":0.0,"damage_taken":0.0},{"damage_healed":0.0,"max_hp_gain":0.0,"max_hp_loss":0.0,"gold_gain":0.0,"event_name":"Duplicator","player_choice":"Copied","floor":29.0,"gold_loss":0.0,"damage_taken":0.0,"cards_obtained":["Backstab"]}],"is_beta":false,"boss_relics":[{"not_picked":["HoveringKite","Black Star"],"picked":"Empty Cage"}],"items_purged_floors":[21],"is_endless":false,"potions_floor_spawned":[3,4,11,12,16,18,22,31],"killed_by":"Automaton","ascension_level":0}