{"gold_per_floor":[364,364,382,457,477,477,110,143,215,187,197,197,219,229,229,229],"floor_reached":16,"playtime":640,"items_purged":[],"score":190,"play_id":"039979dd-1f15-4f71-a5a2-a3352696f182","local_time":"20190728184528","is_ascension_mode":true,"campfire_choices":[{"floor":6,"key":"REST"},{"floor":15,"key":"REST"}],"neow_cost":"TEN_PERCENT_HP_LOSS","seed_source_timestamp":779622163998393,"circlet_count":0,"master_deck":["AscendersBane","Strike_G","Strike_G","Strike_G","Strike_G","Strike_G","Defend_G","Defend_G","Defend_G","Defend_G","Defend_G","Survivor","Neutralize","All Out Attack+1","Reflex","Quick Slash","Masterful Stab","Adrenaline","Prepared","Dagger Throw","Backstab","Masterful Stab"],"relics":["Ring of the Snake","Singing Bowl","Strawberry","Sundial","Odd Mushroom"],"potions_floor_usage":[8,8,16],"damage_taken":[{"damage":0,"enemies":"2 Louse","floor":1,"turns":4},{"damage":0,"enemies":"Small Slimes","floor":3,"turns":2},{"damage":3,"enemies":"Jaw Worm","floor":5,"turns":4},{"damage":3,"enemies":"Gremlin Nob","floor":8,"turns":5},{"damage":7,"enemies":"Exordium Wildlife","floor":11,"turns":4},{"damage":15,"enemies":"The Mushroom Lair","floor":13,"turns":3},{"damage":2,"enemies":"3 Louse","floor":14,"turns":2},{"damage":64,"enemies":"The Guardian","floor":16,"turns":13}],"seed_played":"1468023483677798708","potions_obtained":[{"floor":1,"key":"GhostInAJar"},{"floor":3,"key":"GhostInAJar"},{"floor":14,"key":"SkillPotion"}],"is_trial":false,"path_per_floor":["M","?","M","?","M","R","$","E","T","$","M","?","?","M","R","B"],"character_chosen":"THE_SILENT","items_purchased":["Singing Bowl","Masterful Stab","Prepared"],"campfire_rested":2,"item_purchase_floors":[7,7,10],"current_hp_per_floor":[59,59,59,48,45,60,60,64,64,64,57,57,42,40,60,0],"gold":229,"neow_bonus":"TWO_FIFTY_GOLD","is_prod":false,"is_daily":false,"chose_seed":false,"campfire_upgraded":0,"win_rate":0,"timestamp":1564328728,"path_taken":["M","?","M","?","M","R","$","E","T","$","M","?","?","M","R","BOSS"],"build_version":"2019-07-17","purchased_purges":0,"victory":false,"max_hp_per_floor":[60,60,60,60,60,60,60,67,67,67,67,67,67,67,67,67],"card_choices":[{"not_picked":["Infinite Blades","Concentrate"],"picked":"All Out Attack","floor":1},{"not_picked":["Quick Slash","Tactician"],"picked":"Reflex","floor":3},{"not_picked":["Noxious Fumes","Deadly Poison"],"picked":"Quick Slash","floor":5},{"not_picked":["Outmaneuver","Quick Slash"],"picked":"Adrenaline","floor":8},{"not_picked":["Deadly Poison","Noxious Fumes"],"picked":"Dagger Throw","floor":11},{"not_picked":["Leg Sweep","Dodge and Roll"],"picked":"Backstab","floor":13},{"not_picked":["Predator","Quick Slash"],"picked":"Masterful Stab","floor":14}],"player_experience":1669981,"relics_obtained":[{"floor":8,"key":"Strawberry"},{"floor":9,"key":"Sundial"},{"floor":13,"key":"Odd Mushroom"}],"event_choices":[{"damage_healed":0,"gold_gain":0,"player_choice":"Grow","damage_taken":0,"max_hp_gain":0,"max_hp_loss":0,"event_name":"Living Wall","floor":2,"gold_loss":0,"cards_upgraded":["All Out Attack"]},{"damage_healed":0,"gold_gain":75,"player_choice":"Gather Gold","damage_taken":11,"max_hp_gain":0,"max_hp_loss":0,"event_name":"World of Goop","floor":4,"gold_loss":0},{"damage_healed":0,"gold_gain":0,"player_choice":"Leave","damage_taken":0,"max_hp_gain":0,"max_hp_loss":0,"event_name":"The Cleric","floor":12,"gold_loss":0},{"damage_healed":0,"gold_gain":0,"player_choice":"Fought Mushrooms","damage_taken":0,"max_hp_gain":0,"max_hp_loss":0,"event_name":"Mushrooms","floor":13,"gold_loss":0}],"is_beta":false,"boss_relics":[],"items_purged_floors":[],"is_endless":false,"potions_floor_spawned":[1,3,14],"killed_by":"The Guardian","ascension_level":18}