{"gold_per_floor":[118,118,142,102,126,126,167,167,167,185,200,200,200,234,234,333,333,351,374,374,299,349,349],"floor_reached":23,"playtime":981,"items_purged":[],"score":448,"play_id":"bc51f9c9-c3fd-4e0d-b051-65669edad1f0","local_time":"20190708195637","is_ascension_mode":true,"campfire_choices":[{"data":"Consume","floor":6.0,"key":"SMITH"},{"floor":8.0,"key":"REST"},{"floor":13.0,"key":"REST"},{"data":"Coolheaded","floor":15.0,"key":"SMITH"}],"neow_cost":"TEN_PERCENT_HP_LOSS","seed_source_timestamp":54504506903800,"circlet_count":0,"master_deck":["AscendersBane","Strike_B","Strike_B","Defend_B","Defend_B","Defend_B","Zap","Dualcast","Ball Lightning","Consume+1","Coolheaded+1","Electrodynamics","Conserve Battery","Self Repair","Core Surge","Turbo","Coolheaded","White Noise","Ghostly","Ghostly","Ghostly"],"special_seed":0,"relics":["Cracked Core","Golden Idol","FossilizedHelix","Prayer Wheel","Sundial","Sozu"],"potions_floor_usage":[],"damage_taken":[{"damage":1.0,"enemies":"2 Louse","floor":1.0,"turns":2.0},{"damage":0.0,"enemies":"Cultist","floor":3.0,"turns":3.0},{"damage":2.0,"enemies":"Jaw Worm","floor":5.0,"turns":5.0},{"damage":38.0,"enemies":"Gremlin Nob","floor":7.0,"turns":4.0},{"damage":0.0,"enemies":"2 Fungi Beasts","floor":10.0,"turns":2.0},{"damage":0.0,"enemies":"Blue Slaver","floor":11.0,"turns":2.0},{"damage":0.0,"enemies":"Lagavulin","floor":14.0,"turns":7.0},{"damage":4.0,"enemies":"Hexaghost","floor":16.0,"turns":9.0},{"damage":11.0,"enemies":"2 Thieves","floor":18.0,"turns":3.0},{"damage":10.0,"enemies":"Shell Parasite","floor":19.0,"turns":6.0},{"damage":52,"enemies":"Gremlin Leader","floor":23,"turns":6}],"seed_played":"3163103214000807490","potions_obtained":[{"floor":4.0,"key":"Strength Potion"},{"floor":4.0,"key":"Dexterity Potion"},{"floor":7.0,"key":"Explosive Potion"},{"floor":11.0,"key":"FocusPotion"}],"is_trial":false,"path_per_floor":["M","?","M","?","M","R","E","R","T","M","M","?","R","E","R","B",null,"M","M","?","?","?","E"],"character_chosen":"DEFECT","items_purchased":[],"campfire_rested":2,"item_purchase_floors":[],"current_hp_per_floor":[63,41,41,41,39,39,1,20,20,20,20,20,39,39,39,42,59,55,52,32,32,32,0],"gold":349,"neow_bonus":"TRANSFORM_TWO_CARDS","is_prod":false,"is_daily":false,"chose_seed":false,"campfire_upgraded":2,"win_rate":0,"timestamp":1562583397,"path_taken":["M","?","M","?","?","R","E","R","T","M","M","?","R","E","R","BOSS","M","M","?","?","?","E"],"build_version":"2019-07-05","purchased_purges":0,"victory":false,"max_hp_per_floor":[64,64,64,64,64,64,64,64,64,64,64,64,64,64,64,64,64,64,64,32,32,32,32],"card_choices":[{"not_picked":["Doom and Gloom","Steam"],"picked":"Coolheaded","floor":1.0},{"not_picked":["Stack","Sweeping Beam","Leap"],"picked":"SKIP","floor":3.0},{"not_picked":["Chill","Capacitor"],"picked":"Electrodynamics","floor":5.0},{"not_picked":["Gash","Compile Driver","Barrage"],"picked":"SKIP","floor":7.0},{"not_picked":["Darkness","Go for the Eyes","Leap"],"picked":"SKIP","floor":10.0},{"not_picked":["Sunder","Beam Cell","Compile Driver"],"picked":"SKIP","floor":10.0},{"not_picked":["Reprogram","BootSequence"],"picked":"Conserve Battery","floor":11.0},{"not_picked":["Leap","Sweeping Beam","Amplify"],"picked":"SKIP","floor":11.0},{"not_picked":["Streamline","Compile Driver"],"picked":"Self Repair","floor":14.0},{"not_picked":["Machine Learning","Amplify"],"picked":"Core Surge","floor":16.0},{"not_picked":["Redo","FTL"],"picked":"Turbo","floor":18.0},{"not_picked":["BootSequence","Lockon","Undo"],"picked":"SKIP","floor":18.0},{"not_picked":["Cold Snap","Stack+1"],"picked":"Coolheaded","floor":19.0},{"not_picked":["Turbo","Rebound"],"picked":"White Noise","floor":19.0}],"player_experience":951030,"relics_obtained":[{"floor":7.0,"key":"FossilizedHelix"},{"floor":9.0,"key":"Prayer Wheel"},{"floor":14.0,"key":"Sundial"}],"event_choices":[{"damage_healed":0.0,"max_hp_gain":0.0,"max_hp_loss":0.0,"gold_gain":0.0,"event_name":"Golden Idol","player_choice":"Take Damage","floor":2.0,"gold_loss":0.0,"damage_taken":22.0,"relics_obtained":["Golden Idol"]},{"damage_healed":0.0,"max_hp_gain":0.0,"max_hp_loss":0.0,"gold_gain":0.0,"event_name":"The Woman in Blue","player_choice":"Bought 3 Potions","floor":4.0,"gold_loss":0.0,"damage_taken":0.0},{"damage_healed":0.0,"max_hp_gain":0.0,"max_hp_loss":0.0,"gold_gain":0.0,"event_name":"Liars Game","player_choice":"Ignored","floor":12.0,"gold_loss":0.0,"damage_taken":0.0},{"damage_healed":0.0,"max_hp_gain":0.0,"max_hp_loss":32.0,"gold_gain":0.0,"event_name":"Ghosts","player_choice":"Became a Ghost","floor":20.0,"gold_loss":0.0,"damage_taken":0.0,"cards_obtained":["Ghostly","Ghostly","Ghostly"]},{"cards_removed":["Strike_B"],"damage_healed":0.0,"max_hp_gain":0.0,"max_hp_loss":0.0,"gold_gain":0.0,"event_name":"Beggar","player_choice":"Gave Gold","floor":21.0,"gold_loss":75.0,"damage_taken":0.0},{"damage_healed":0.0,"max_hp_gain":0.0,"max_hp_loss":0.0,"gold_gain":50.0,"event_name":"Nest","player_choice":"Stole From Cult","floor":22.0,"gold_loss":0.0,"damage_taken":0.0}],"is_beta":false,"boss_relics":[{"not_picked":["Tiny House","Orrery"],"picked":"Sozu"}],"items_purged_floors":[],"is_endless":false,"potions_floor_spawned":[7,10,11,14],"killed_by":"Gremlin Leader","ascension_level":20}