{"gold_per_floor":[116,131,144,154,154,182,182,246,269,269,269,288,301,301,301,375,375,353,353,353,364,383,418,438,463,489,489,505,533,533,448,448,520,520,540,270,289,339,357,390,390,425,425,453,453,487,500,531,531,531,531,531,531,25,57,57],"floor_reached":57,"playtime":3119,"items_purged":["Defragment","Core Surge"],"score":3740,"play_id":"dd9cd9dd-0a15-4894-b388-c7429b787d97","local_time":"20190624133235","is_ascension_mode":true,"campfire_choices":[{"data":"Loop","floor":7.0,"key":"SMITH"},{"data":"Consume","floor":10.0,"key":"SMITH"},{"data":"Loop","floor":15.0,"key":"SMITH"},{"data":"Seek","floor":27.0,"key":"SMITH"},{"data":"Loop","floor":32.0,"key":"SMITH"},{"data":"Fission","floor":41.0,"key":"SMITH"},{"data":"Defragment","floor":45,"key":"SMITH"},{"floor":49,"key":"RECALL"},{"data":"Glacier","floor":53,"key":"PURGE"}],"neow_cost":"NONE","seed_source_timestamp":0,"circlet_count":0,"master_deck":["AscendersBane","Chill","Gash","Gash","Chill","Chill","Defragment+1","Consume+1","Core Surge","Gash","Loop+1","Glacier","Loop+1","Biased Cognition","Biased Cognition","Seek+1","Loop+1","Electrodynamics","Fission+1","Coolheaded","Chill+1","Capacitor","Biased Cognition","Seek"],"special_seed":0,"relics":["Cracked Core","Ornamental Fan","Tiny Chest","Lizard Tail","Gremlin Horn","PreservedInsect","Emotion Chip","Potion Belt","Darkstone Periapt","Smiling Mask","Blood Vial","Inserter","Art of War","Pear","Mercury Hourglass","Shuriken","Bronze Scales","Peace Pipe","Ancient Tea Set","OrangePellets","Symbiotic Virus"],"potions_floor_usage":[46,56,56,56,56],"damage_taken":[{"damage":0.0,"enemies":"2 Louse","floor":1.0,"turns":3.0},{"damage":0.0,"enemies":"Small Slimes","floor":2.0,"turns":3.0},{"damage":0.0,"enemies":"Cultist","floor":3.0,"turns":3.0},{"damage":0.0,"enemies":"3 Louse","floor":4.0,"turns":4.0},{"damage":0.0,"enemies":"Lagavulin","floor":6.0,"turns":7.0},{"damage":0.0,"enemies":"Gremlin Nob","floor":8.0,"turns":5.0},{"damage":0.0,"enemies":"Exordium Thugs","floor":12.0,"turns":4.0},{"damage":9.0,"enemies":"Exordium Wildlife","floor":13.0,"turns":6.0},{"damage":0.0,"enemies":"Slime Boss","floor":16.0,"turns":13.0},{"damage":1.0,"enemies":"2 Thieves","floor":18.0,"turns":4.0},{"damage":1.0,"enemies":"Spheric Guardian","floor":21.0,"turns":5.0},{"damage":0.0,"enemies":"Cultist and Chosen","floor":22.0,"turns":6.0},{"damage":0.0,"enemies":"Gremlin Leader","floor":23.0,"turns":7.0},{"damage":11.0,"enemies":"Snake Plant","floor":24.0,"turns":8.0},{"damage":13.0,"enemies":"Slavers","floor":25.0,"turns":18.0},{"damage":5.0,"enemies":"Centurion and Healer","floor":28.0,"turns":6.0},{"damage":0.0,"enemies":"Gremlin Leader","floor":29.0,"turns":5.0},{"damage":21.0,"enemies":"Collector","floor":33.0,"turns":10.0},{"damage":15.0,"enemies":"3 Darklings","floor":35.0,"turns":3.0},{"damage":0.0,"enemies":"3 Shapes","floor":37.0,"turns":4.0},{"damage":20.0,"enemies":"Transient","floor":39.0,"turns":6.0},{"damage":0.0,"enemies":"Nemesis","floor":40.0,"turns":9.0},{"damage":0.0,"enemies":"Giant Head","floor":42.0,"turns":8.0},{"damage":0,"enemies":"Nemesis","floor":44,"turns":7},{"damage":0,"enemies":"Reptomancer","floor":46,"turns":8},{"damage":6,"enemies":"4 Shapes","floor":47,"turns":4},{"damage":0,"enemies":"Giant Head","floor":48,"turns":9},{"damage":0,"enemies":"Awakened One","floor":50,"turns":14},{"damage":0,"enemies":"Donu and Deca","floor":51,"turns":14},{"damage":45,"enemies":"Shield and Spear","floor":55,"turns":4},{"damage":27,"enemies":"The Heart","floor":56,"turns":11}],"seed_played":"-659812368129108882","potions_obtained":[{"floor":4.0,"key":"Explosive Potion"},{"floor":6.0,"key":"Swift Potion"},{"floor":12.0,"key":"Dexterity Potion"},{"floor":28.0,"key":"LiquidBronze"},{"floor":29.0,"key":"AttackPotion"},{"floor":35.0,"key":"PowerPotion"},{"floor":47,"key":"FearPotion"},{"floor":55,"key":"Energy Potion"}],"is_trial":false,"path_per_floor":["M","M","M","M","?","E","R","E","T","R","$","M","M","?","R","B",null,"M","T","?","M","M","E","M","E","T","R","M","E","T","?","R","B",null,"M","$","M","?","M","E","R","E","T","E","R","E","M","E","R","B","B",null,"R","$","E","B",null],"character_chosen":"DEFECT","items_purchased":["Art of War","PowerPotion","OrangePellets","FocusPotion","Biased Cognition"],"campfire_rested":0,"item_purchase_floors":[36,36,54,54,54],"current_hp_per_floor":[64,64,64,64,64,64,64,64,64,64,64,64,55,55,55,55,67,66,66,66,65,65,65,54,41,41,41,36,36,36,36,36,17,58,45,45,47,47,29,41,41,43,43,45,45,47,43,45,45,47,49,73,73,73,30,5],"gold":57,"neow_bonus":"ONE_RANDOM_RARE_CARD","is_prod":false,"is_daily":false,"chose_seed":false,"campfire_upgraded":7,"win_rate":0,"timestamp":1561350755,"path_taken":["M","M","M","M","?","E","R","E","T","R","$","M","M","?","R","BOSS","M","?","?","M","?","E","M","E","T","R","M","E","?","?","R","BOSS","M","$","M","?","?","E","R","E","T","E","R","E","M","E","R","BOSS","BOSS","R","$","E","BOSS"],"build_version":"2019-01-23","purchased_purges":2,"victory":true,"max_hp_per_floor":[71,71,71,71,71,71,71,71,71,71,71,71,71,71,71,71,71,71,71,71,71,71,71,71,71,71,71,71,71,71,71,71,71,71,71,71,71,71,71,81,81,81,81,81,81,81,81,81,81,81,81,81,81,81,81,81],"card_choices":[{"not_picked":["Beam Cell","Go for the Eyes","Redo"],"picked":"SKIP","floor":1.0},{"not_picked":["Reinforced Body","Gash"],"picked":"Defragment","floor":2.0},{"not_picked":["Turbo","Sweeping Beam"],"picked":"Gash","floor":3.0},{"not_picked":["Turbo","Conserve Battery"],"picked":"Loop","floor":4.0},{"not_picked":["Turbo","Tempest"],"picked":"Glacier","floor":6.0},{"not_picked":["Rip and Tear","Leap"],"picked":"Loop","floor":8.0},{"not_picked":["Ball Lightning","Stack"],"picked":"Biased Cognition","floor":12.0},{"not_picked":["Conserve Battery","Hologram"],"picked":"Biased Cognition","floor":13.0},{"not_picked":["Amplify","Machine Learning"],"picked":"Seek","floor":16.0},{"not_picked":["Turbo+1","Genetic Algorithm","Conserve Battery"],"picked":"SKIP","floor":18.0},{"not_picked":["Steam","Aggregate","Hologram"],"picked":"SKIP","floor":21.0},{"not_picked":["Ball Lightning","Steam"],"picked":"Loop","floor":22.0},{"not_picked":["Barrage","Gash","Reinforced Body"],"picked":"SKIP","floor":23.0},{"not_picked":["Compile Driver","Undo","Rainbow"],"picked":"SKIP","floor":24.0},{"not_picked":["Hologram","Conserve Battery","Loop"],"picked":"SKIP","floor":25.0},{"not_picked":["Sweeping Beam","Melter","Steam"],"picked":"SKIP","floor":28.0},{"not_picked":["Rebound","Sunder"],"picked":"Electrodynamics","floor":29.0},{"not_picked":["Seek","All For One"],"picked":"Fission","floor":33.0},{"not_picked":["Stack+1","Force Field","Reinforced Body+1"],"picked":"SKIP","floor":35.0},{"not_picked":["Sweeping Beam","Stack"],"picked":"Coolheaded","floor":37.0},{"not_picked":["Barrage","Rebound+1","Go for the Eyes"],"picked":"SKIP","floor":39.0},{"not_picked":["Streamline+1","Steam Power+1"],"picked":"Chill+1","floor":40.0},{"not_picked":["Steam Power","Beam Cell+1"],"picked":"Capacitor","floor":42.0},{"not_picked":["Auto Shields","Lockon+1","Hologram"],"picked":"SKIP","floor":44},{"not_picked":["Leap","Go for the Eyes+1","Coolheaded"],"picked":"SKIP","floor":46},{"not_picked":["Steam+1","Cold Snap+1","Ball Lightning+1"],"picked":"SKIP","floor":47},{"not_picked":["Steam+1","Cold Snap+1","Ball Lightning+1"],"picked":"SKIP","floor":47},{"not_picked":["Cold Snap","Chill","Beam Cell+1"],"picked":"SKIP","floor":48},{"not_picked":["Reinforced Body","Steam"],"picked":"Seek","floor":55}],"player_experience":777295,"relics_obtained":[{"floor":6.0,"key":"Ornamental Fan"},{"floor":8.0,"key":"Tiny Chest"},{"floor":19.0,"key":"Gremlin Horn"},{"floor":23.0,"key":"PreservedInsect"},{"floor":25.0,"key":"Emotion Chip"},{"floor":26.0,"key":"Potion Belt"},{"floor":29.0,"key":"Darkstone Periapt"},{"floor":30.0,"key":"Smiling Mask"},{"floor":40.0,"key":"Pear"},{"floor":42.0,"key":"Mercury Hourglass"},{"floor":43.0,"key":"Shuriken"},{"floor":44,"key":"Bronze Scales"},{"floor":46,"key":"Peace Pipe"},{"floor":48,"key":"Ancient Tea Set"},{"floor":55,"key":"Symbiotic Virus"}],"event_choices":[{"cards_removed":["Gash"],"damage_healed":0.0,"max_hp_gain":0.0,"max_hp_loss":0.0,"gold_gain":0.0,"event_name":"Living Wall","player_choice":"Forget","floor":5.0,"gold_loss":0.0,"damage_taken":0.0},{"damage_healed":0.0,"max_hp_gain":0.0,"max_hp_loss":0.0,"gold_gain":0.0,"event_name":"Transmorgrifier","player_choice":"Ignored","floor":14.0,"gold_loss":0.0,"damage_taken":0.0},{"damage_healed":0.0,"max_hp_gain":0.0,"max_hp_loss":0.0,"gold_gain":0.0,"event_name":"Cursed Tome","player_choice":"Ignored","floor":20.0,"gold_loss":0.0,"damage_taken":0.0},{"damage_healed":0.0,"max_hp_gain":0.0,"max_hp_loss":0.0,"gold_gain":0.0,"event_name":"Addict","player_choice":"Obtained Relic","floor":31.0,"gold_loss":85.0,"damage_taken":0.0,"relics_obtained":["Blood Vial"]},{"damage_healed":0.0,"max_hp_gain":0.0,"max_hp_loss":0.0,"gold_gain":50.0,"event_name":"Golden Shrine","player_choice":"Pray","floor":38.0,"gold_loss":0.0,"damage_taken":0.0}],"is_beta":false,"boss_relics":[{"not_picked":["Velvet Choker","Empty Cage"],"picked":"Lizard Tail"},{"not_picked":["Runic Pyramid","Nuclear Battery"],"picked":"Inserter"}],"items_purged_floors":[36,54],"is_endless":false,"potions_floor_spawned":[4,6,8,12,22,23,28,29,35,37,47,55],"ascension_level":20}