{"gold_per_floor":[113,113,113,133,133,168,168,216,216,247,266,266,138,172,172,172],"floor_reached":16,"playtime":346,"items_purged":["Strike_G"],"score":282,"play_id":"e95df878-7aad-4004-b3d3-e35bb06f0012","local_time":"20190725175229","is_ascension_mode":true,"campfire_choices":[{"data":"All Out Attack","floor":7,"key":"SMITH"},{"data":"Blade Dance","floor":12,"key":"SMITH"},{"data":"Accuracy","floor":15,"key":"SMITH"}],"neow_cost":"NONE","seed_source_timestamp":527267751067300,"circlet_count":0,"master_deck":["AscendersBane","Strike_G","Strike_G","Defend_G","Defend_G","Defend_G","Defend_G","Defend_G","Survivor","Neutralize","Well Laid Plans","Night Terror","Blade Dance+1","All Out Attack+1","Accuracy+1","Backstab","Cloak And Dagger"],"relics":["Ring of the Snake","NeowsBlessing","Letter Opener","Blood Vial","Sundial","Bronze Scales","Singing Bowl"],"potions_floor_usage":[10],"damage_taken":[{"damage":0,"enemies":"Jaw Worm","floor":1,"turns":1},{"damage":0,"enemies":"Small Slimes","floor":4,"turns":1},{"damage":0,"enemies":"3 Sentries","floor":6,"turns":1},{"damage":28,"enemies":"Lagavulin","floor":10,"turns":8},{"damage":0,"enemies":"2 Louse","floor":11,"turns":2},{"damage":17,"enemies":"3 Sentries","floor":14,"turns":8},{"damage":23,"enemies":"Slime Boss","floor":16,"turns":3}],"seed_played":"-6492863874225711446","potions_obtained":[{"floor":4,"key":"GhostInAJar"},{"floor":10,"key":"Ancient Potion"}],"is_trial":false,"path_per_floor":["M","?","?","M","?","E","R","T","T","E","M","R","$","E","R","B"],"character_chosen":"THE_SILENT","items_purchased":["Energy Potion"],"campfire_rested":0,"item_purchase_floors":[13],"current_hp_per_floor":[59,59,64,64,57,57,57,57,57,31,33,33,33,18,18,0],"gold":172,"neow_bonus":"THREE_ENEMY_KILL","is_prod":false,"is_daily":false,"chose_seed":false,"campfire_upgraded":3,"win_rate":0,"timestamp":1564044749,"path_taken":["M","?","?","M","?","E","R","?","T","E","M","R","?","E","R","BOSS"],"build_version":"2019-07-17","purchased_purges":1,"victory":false,"max_hp_per_floor":[66,66,71,71,71,71,71,71,71,71,71,71,71,71,71,71],"card_choices":[{"not_picked":["Acrobatics","Bane"],"picked":"Well Laid Plans","floor":1},{"not_picked":["PiercingWail","Flying Knee"],"picked":"Blade Dance","floor":4},{"not_picked":["Blade Dance","Flying Knee"],"picked":"All Out Attack","floor":6},{"not_picked":["Prepared","Blade Dance"],"picked":"Accuracy","floor":10},{"not_picked":["Dodge and Roll","Dagger Spray"],"picked":"Backstab","floor":11},{"not_picked":["Dodge and Roll","Dagger Spray"],"picked":"Cloak And Dagger","floor":14}],"player_experience":1206310,"relics_obtained":[{"floor":6,"key":"Letter Opener"},{"floor":8,"key":"Blood Vial"},{"floor":9,"key":"Sundial"},{"floor":10,"key":"Bronze Scales"},{"floor":14,"key":"Singing Bowl"}],"event_choices":[{"damage_healed":0,"gold_gain":0,"cards_transformed":["Strike_G"],"player_choice":"Change","damage_taken":0,"max_hp_gain":0,"max_hp_loss":0,"event_name":"Living Wall","floor":2,"gold_loss":0,"cards_obtained":["Night Terror"]},{"damage_healed":0,"gold_gain":0,"player_choice":"Donut","damage_taken":0,"max_hp_gain":5,"max_hp_loss":0,"event_name":"Big Fish","floor":3,"gold_loss":0},{"cards_removed":["Strike_G"],"damage_healed":0,"gold_gain":0,"player_choice":"Card Removal","damage_taken":7,"max_hp_gain":0,"max_hp_loss":0,"event_name":"Golden Wing","floor":5,"gold_loss":0}],"is_beta":false,"boss_relics":[],"items_purged_floors":[13],"is_endless":false,"potions_floor_spawned":[4,10],"killed_by":"Slime Boss","ascension_level":20}