{"gold_per_floor":[119,44,44,44,65,65,109,127,127,145,145,145,145,188,188,277,277],"floor_reached":17,"playtime":325,"items_purged":[],"score":376,"play_id":"d8bcfe2b-4334-426b-80b5-90e137c09fbf","local_time":"20190610220611","is_ascension_mode":true,"campfire_choices":[{"data":"Bash","floor":6,"key":"SMITH"},{"data":"Inflame","floor":11,"key":"SMITH"},{"floor":13,"key":"REST"},{"floor":15,"key":"REST"}],"neow_cost":"NONE","seed_source_timestamp":202668681214100,"circlet_count":0,"master_deck":["AscendersBane","Bash+1","Sword Boomerang","Inflame+1","Power Through","Anger","Evolve","Fiend Fire","Bludgeon","Clothesline","Power Through","Armaments","Pummel","Carnage","Infernal Blade","Dropkick"],"relics":["Burning Blood","NeowsBlessing","Golden Idol","StoneCalendar","Darkstone Periapt","Bronze Scales","Art of War","Pandora\u0027s Box"],"potions_floor_usage":[],"damage_taken":[{"damage":0,"enemies":"Small Slimes","floor":1,"turns":1},{"damage":0,"enemies":"2 Louse","floor":5,"turns":1},{"damage":0,"enemies":"3 Sentries","floor":7,"turns":1},{"damage":16,"enemies":"Jaw Worm","floor":8,"turns":5},{"damage":13,"enemies":"Large Slime","floor":10,"turns":6},{"damage":30,"enemies":"Lagavulin","floor":14,"turns":6},{"damage":33,"enemies":"Slime Boss","floor":16,"turns":7}],"seed_played":"1257135573751660187","potions_obtained":[{"floor":5,"key":"Weak Potion"},{"floor":14,"key":"Dexterity Potion"},{"floor":16,"key":"Regen Potion"}],"is_trial":false,"path_per_floor":["M","?","?","?","M","R","E","M","T","M","R","?","R","E","R","B",null],"character_chosen":"IRONCLAD","items_purchased":[],"campfire_rested":2,"item_purchase_floors":[],"current_hp_per_floor":[74,74,48,22,28,28,34,24,24,17,17,17,39,15,37,10,59],"gold":277,"neow_bonus":"THREE_ENEMY_KILL","is_prod":false,"is_daily":false,"chose_seed":false,"campfire_upgraded":2,"win_rate":0,"timestamp":1560171971,"path_taken":["M","?","?","?","?","R","E","M","T","M","R","?","R","E","R","BOSS"],"build_version":"2019-01-23","purchased_purges":0,"victory":false,"max_hp_per_floor":[75,75,75,75,75,75,75,75,75,75,75,75,75,75,75,75,75],"card_choices":[{"not_picked":["Heavy Blade","Cleave","Havoc"],"picked":"SKIP","floor":1},{"not_picked":["Clothesline","Wild Strike"],"picked":"Sword Boomerang","floor":5},{"not_picked":["Anger","Shrug It Off"],"picked":"Inflame","floor":7},{"not_picked":["Thunderclap","Perfected Strike"],"picked":"Power Through","floor":8},{"not_picked":["Body Slam","Sword Boomerang"],"picked":"Anger","floor":10},{"not_picked":["Carnage","Sword Boomerang"],"picked":"Evolve","floor":14},{"not_picked":["Exhume","Berserk"],"picked":"Fiend Fire","floor":16}],"player_experience":566528,"relics_obtained":[{"floor":7,"key":"Darkstone Periapt"},{"floor":14,"key":"Art of War"}],"event_choices":[{"cards_removed":["Strike_R"],"damage_healed":0,"gold_gain":0,"player_choice":"Card Removal","damage_taken":0,"max_hp_gain":0,"max_hp_loss":0,"event_name":"The Cleric","floor":2,"gold_loss":75},{"damage_healed":0,"gold_gain":0,"player_choice":"Take Damage","damage_taken":26,"relics_obtained":["Golden Idol"],"max_hp_gain":0,"max_hp_loss":0,"event_name":"Golden Idol","floor":3,"gold_loss":0},{"damage_healed":0,"gold_gain":0,"player_choice":"Success","damage_taken":26,"relics_obtained":["StoneCalendar"],"max_hp_gain":0,"max_hp_loss":0,"event_name":"Scrap Ooze","floor":4,"gold_loss":0},{"damage_healed":0,"gold_gain":0,"player_choice":"Gave Potion","damage_taken":0,"relics_obtained":["Bronze Scales"],"max_hp_gain":0,"max_hp_loss":0,"event_name":"WeMeetAgain","floor":12,"gold_loss":0}],"is_beta":false,"boss_relics":[{"not_picked":["Coffee Dripper","Mark of Pain"],"picked":"Pandora\u0027s Box"}],"items_purged_floors":[],"is_endless":false,"potions_floor_spawned":[5,14,16],"ascension_level":20}