{"gold_per_floor":[110,124,124,124,2,32,47,47,47,15,32,50,100,115,115,191,241,258,258,20,35,49,49,61,81,162,162,212,225,244,277,277,277],"floor_reached":33,"playtime":1292,"items_purged":[],"score":524,"play_id":"2fb114e8-cef4-4f41-b4c2-9f76226c75c1","local_time":"20190725162931","is_ascension_mode":true,"campfire_choices":[{"data":"Reflex","floor":8.0,"key":"SMITH"},{"floor":15.0,"key":"REST"},{"floor":23.0,"key":"REST"},{"floor":32,"key":"REST"}],"neow_cost":"NONE","seed_source_timestamp":511569459431070,"circlet_count":0,"master_deck":["AscendersBane","Strike_G+1","Strike_G+1","Strike_G+1","Strike_G+1","Strike_G+1","Defend_G+1","Defend_G+1","Defend_G+1","Defend_G+1","Defend_G+1","Survivor+1","Neutralize","Dagger Throw","Dagger Throw+1","Reflex+1","Predator","Finisher","Underhanded Strike","Predator","Backflip","Underhanded Strike","Unload","Flying Knee","Backflip","Reflex","Adrenaline","Backflip","Prepared","Noxious Fumes+1","Dagger Spray","Reflex","Underhanded Strike+1"],"special_seed":0,"relics":["Ring of the Snake","NeowsBlessing","Ninja Scroll","Dodecahedron","The Courier","Tiny House","Mercury Hourglass","Singing Bowl","Red Mask"],"potions_floor_usage":[31],"damage_taken":[{"damage":0.0,"enemies":"Jaw Worm","floor":1.0,"turns":1.0},{"damage":0.0,"enemies":"Small Slimes","floor":2.0,"turns":1.0},{"damage":0.0,"enemies":"3 Sentries","floor":6.0,"turns":1.0},{"damage":0.0,"enemies":"Cultist","floor":7.0,"turns":2.0},{"damage":4.0,"enemies":"3 Louse","floor":11.0,"turns":2.0},{"damage":0.0,"enemies":"Red Slaver","floor":12.0,"turns":4.0},{"damage":0.0,"enemies":"Large Slime","floor":14.0,"turns":3.0},{"damage":58.0,"enemies":"The Guardian","floor":16.0,"turns":11.0},{"damage":12.0,"enemies":"Chosen","floor":18.0,"turns":4.0},{"damage":6.0,"enemies":"2 Thieves","floor":21.0,"turns":3.0},{"damage":2.0,"enemies":"Centurion and Healer","floor":22.0,"turns":4.0},{"damage":13.0,"enemies":"3 Cultists","floor":24.0,"turns":4.0},{"damage":16.0,"enemies":"Snake Plant","floor":25.0,"turns":3.0},{"damage":1.0,"enemies":"Centurion and Healer","floor":29.0,"turns":4.0},{"damage":21.0,"enemies":"Cultist and Chosen","floor":30.0,"turns":6.0},{"damage":0,"enemies":"Masked Bandits","floor":31,"turns":1},{"damage":34,"enemies":"Collector","floor":33,"turns":3}],"seed_played":"-3548780451271574620","potions_obtained":[{"floor":2.0,"key":"Poison Potion"},{"floor":7.0,"key":"EssenceOfSteel"},{"floor":14.0,"key":"SkillPotion"},{"floor":16.0,"key":"LiquidBronze"},{"floor":17.0,"key":"Explosive Potion"},{"floor":18.0,"key":"Fire Potion"},{"floor":21.0,"key":"GhostInAJar"},{"floor":22.0,"key":"GamblersBrew"},{"floor":30.0,"key":"AttackPotion"},{"floor":31,"key":"SpeedPotion"}],"is_trial":false,"path_per_floor":["M","M","?","?","$","E","M","R","T","$","M","M","?","M","R","B",null,"M","T","$","M","M","R","M","M","T","?","?","M","M","?","R","B"],"character_chosen":"THE_SILENT","items_purchased":["Reflex","Predator","Predator","Reflex","Adrenaline","Backflip"],"campfire_rested":3,"item_purchase_floors":[5,5,10,20,20,20],"current_hp_per_floor":[59,59,59,59,59,59,59,59,59,59,55,55,49,49,66,8,57,45,45,45,39,37,58,45,29,29,29,29,30,11,11,33,0],"gold":277,"neow_bonus":"THREE_ENEMY_KILL","is_prod":false,"is_daily":false,"chose_seed":false,"campfire_upgraded":1,"win_rate":0,"timestamp":1564061371,"path_taken":["M","M","?","?","$","E","M","R","T","$","?","M","?","M","R","BOSS","M","?","$","M","M","R","M","M","T","?","?","M","M","?","R","BOSS"],"build_version":"2019-07-17","purchased_purges":0,"victory":false,"max_hp_per_floor":[66,66,66,66,66,66,66,66,66,66,66,66,66,66,66,66,71,71,71,71,71,71,71,71,71,71,71,71,73,75,75,75,75],"card_choices":[{"not_picked":["Slice","Terror"],"picked":"Dagger Throw","floor":1.0},{"not_picked":["Slice","Cloak And Dagger"],"picked":"Dagger Throw","floor":2.0},{"not_picked":["Bouncing Flask","Backflip"],"picked":"Finisher","floor":6.0},{"not_picked":["Flying Knee","Endless Agony"],"picked":"Underhanded Strike","floor":7.0},{"not_picked":["Blade Dance","Poisoned Stab","Dodge and Roll"],"picked":"SKIP","floor":11.0},{"not_picked":["Wraith Form v2","Poisoned Stab"],"picked":"Backflip","floor":12.0},{"not_picked":["Deadly Poison","Quick Slash"],"picked":"Underhanded Strike","floor":14.0},{"not_picked":["Grand Finale","Doppelganger"],"picked":"Unload","floor":16.0},{"not_picked":["Quick Slash","Deflect"],"picked":"Flying Knee","floor":17.0},{"not_picked":["Grand Finale","Deadly Poison"],"picked":"Backflip","floor":18.0},{"not_picked":["Bane","Sucker Punch"],"picked":"Prepared","floor":21.0},{"not_picked":["Well Laid Plans","Sucker Punch"],"picked":"Noxious Fumes+1","floor":22.0},{"not_picked":["Slice","Skewer"],"picked":"Dagger Spray","floor":24.0},{"not_picked":["Outmaneuver","Terror"],"picked":"Reflex","floor":25.0},{"not_picked":["Malaise","Dash","Poisoned Stab"],"picked":"Singing Bowl","floor":29.0},{"not_picked":["Poisoned Stab","Flying Knee","Crippling Poison+1"],"picked":"Singing Bowl","floor":30.0},{"not_picked":["Bane","Flechettes"],"picked":"Underhanded Strike+1","floor":31}],"player_experience":1657790,"relics_obtained":[{"floor":6.0,"key":"Dodecahedron"},{"floor":9.0,"key":"The Courier"},{"floor":19.0,"key":"Mercury Hourglass"},{"floor":26.0,"key":"Singing Bowl"},{"floor":31,"key":"Red Mask"}],"event_choices":[{"damage_healed":0.0,"max_hp_gain":0.0,"max_hp_loss":0.0,"gold_gain":0.0,"event_name":"Living Wall","player_choice":"Grow","floor":3.0,"gold_loss":0.0,"damage_taken":0.0,"cards_upgraded":["Dagger Throw"]},{"damage_healed":0.0,"max_hp_gain":0.0,"max_hp_loss":0.0,"gold_gain":0.0,"event_name":"WeMeetAgain","player_choice":"Gave Potion","floor":4.0,"gold_loss":0.0,"damage_taken":0.0,"relics_obtained":["Ninja Scroll"]},{"damage_healed":0.0,"max_hp_gain":0.0,"max_hp_loss":0.0,"gold_gain":50.0,"event_name":"FaceTrader","player_choice":"Touch","floor":13.0,"gold_loss":0.0,"damage_taken":6.0},{"damage_healed":0.0,"max_hp_gain":0.0,"max_hp_loss":0.0,"gold_gain":0.0,"event_name":"Back to Basics","player_choice":"Simplicity","floor":27.0,"gold_loss":0.0,"damage_taken":0.0,"cards_upgraded":["Strike_G","Strike_G","Strike_G","Strike_G","Strike_G","Defend_G","Defend_G","Defend_G","Defend_G","Defend_G"]},{"damage_healed":0.0,"max_hp_gain":0.0,"max_hp_loss":0.0,"gold_gain":50.0,"event_name":"Nest","player_choice":"Stole From Cult","floor":28.0,"gold_loss":0.0,"damage_taken":0.0},{"damage_healed":0,"gold_gain":0,"player_choice":"Fought Bandits","damage_taken":0,"max_hp_gain":0,"max_hp_loss":0,"event_name":"Masked Bandits","floor":31,"gold_loss":0}],"is_beta":false,"boss_relics":[{"not_picked":["HoveringKite","Empty Cage"],"picked":"Tiny House"}],"items_purged_floors":[],"is_endless":false,"potions_floor_spawned":[2,7,14,16,18,21,22,30,31],"killed_by":"Collector","ascension_level":18}