{"gold_per_floor":[109,127,127,127,127,127,34,68,68,68,143,174,14,33,33,33],"floor_reached":16,"playtime":425,"items_purged":[],"score":212,"play_id":"c31dbd4f-b01c-4b39-a09b-4920c5eca168","local_time":"20190724191247","is_ascension_mode":true,"campfire_choices":[{"floor":6,"key":"REST"},{"floor":10,"key":"REST"},{"data":"Skewer","floor":15,"key":"SMITH"}],"neow_cost":"TEN_PERCENT_HP_LOSS","seed_source_timestamp":445604695333100,"circlet_count":0,"master_deck":["AscendersBane","Strike_G+1","Strike_G","Strike_G","Defend_G","Defend_G","Defend_G","Defend_G","Defend_G","Survivor","Neutralize","Flying Knee","Terror","Dagger Spray","Skewer+1","Die Die Die+1","Well Laid Plans","Escape Plan+1","Masterful Stab"],"relics":["Ring of the Snake","Golden Idol","Darkstone Periapt","Matryoshka","Whetstone","Bottled Lightning","Toxic Egg 2"],"potions_floor_usage":[8,8,12,16],"damage_taken":[{"damage":1,"enemies":"Cultist","floor":1,"turns":5},{"damage":1,"enemies":"Small Slimes","floor":2,"turns":4},{"damage":27,"enemies":"3 Sentries","floor":8,"turns":12},{"damage":8,"enemies":"Lagavulin","floor":12,"turns":7},{"damage":0,"enemies":"2 Louse","floor":14,"turns":1},{"damage":1,"enemies":"Slime Boss","floor":16,"turns":6}],"seed_played":"5272045972457975078","potions_obtained":[{"floor":1,"key":"SkillPotion"},{"floor":8,"key":"GhostInAJar"},{"floor":14,"key":"GhostInAJar"}],"is_trial":false,"path_per_floor":["M","M","?","?","?","R","$","E","T","R","?","E","$","M","R","B"],"character_chosen":"THE_SILENT","items_purchased":["Fire Potion","Skewer","Well Laid Plans","Escape Plan+1"],"campfire_rested":2,"item_purchase_floors":[7,7,13,13],"current_hp_per_floor":[58,57,62,40,14,33,33,6,6,25,14,6,6,6,6,5],"gold":33,"neow_bonus":"TRANSFORM_TWO_CARDS","is_prod":false,"is_daily":false,"chose_seed":false,"campfire_upgraded":1,"win_rate":0,"timestamp":1563963167,"path_taken":["M","M","?","?","?","R","$","E","T","R","?","E","?","?","R","BOSS"],"build_version":"2019-07-17","purchased_purges":0,"victory":false,"max_hp_per_floor":[60,60,65,65,65,65,65,65,65,65,65,65,65,65,65,65],"card_choices":[{"not_picked":["Setup","Cloak And Dagger"],"picked":"Dagger Spray","floor":1},{"not_picked":["Flying Knee","Cloak And Dagger","Bane"],"picked":"SKIP","floor":2},{"not_picked":["Underhanded Strike","Sucker Punch"],"picked":"Die Die Die","floor":8},{"not_picked":["Tactician","Slice","Bane"],"picked":"SKIP","floor":12},{"not_picked":["Well Laid Plans","Dodge and Roll+1"],"picked":"Masterful Stab","floor":14}],"player_experience":1182364,"relics_obtained":[{"floor":8,"key":"Matryoshka"},{"floor":9,"key":"Whetstone"},{"floor":9,"key":"Bottled Lightning"},{"floor":12,"key":"Toxic Egg 2"}],"event_choices":[{"damage_healed":0,"gold_gain":0,"player_choice":"Donut","damage_taken":0,"max_hp_gain":5,"max_hp_loss":0,"event_name":"Big Fish","floor":3,"gold_loss":0},{"damage_healed":0,"gold_gain":0,"player_choice":"Take Damage","damage_taken":22,"relics_obtained":["Golden Idol"],"max_hp_gain":0,"max_hp_loss":0,"event_name":"Golden Idol","floor":4,"gold_loss":0},{"damage_healed":0,"gold_gain":0,"player_choice":"Success","damage_taken":26,"relics_obtained":["Darkstone Periapt"],"max_hp_gain":0,"max_hp_loss":0,"event_name":"Scrap Ooze","floor":5,"gold_loss":0},{"damage_healed":0,"gold_gain":75,"player_choice":"Gather Gold","damage_taken":11,"max_hp_gain":0,"max_hp_loss":0,"event_name":"World of Goop","floor":11,"gold_loss":0}],"is_beta":false,"boss_relics":[],"items_purged_floors":[],"is_endless":false,"potions_floor_spawned":[1,8,14],"killed_by":"Slime Boss","ascension_level":20}