{"gold_per_floor":[116,134,150,167,17,17,44,44,44,44,60,60,60,89,89,163,163,179,197,212,46,46,46,61,61,61,61,61,61,61],"floor_reached":30,"playtime":1278,"items_purged":[],"score":501,"play_id":"fcc0b3a0-7963-49b9-8630-25252f9cc234","local_time":"20190610184025","is_ascension_mode":true,"campfire_choices":[{"data":"Consume","floor":6,"key":"SMITH"},{"data":"Fission","floor":8,"key":"SMITH"},{"floor":12,"key":"REST"},{"data":"Capacitor","floor":15,"key":"SMITH"},{"floor":23,"key":"REST"},{"data":"Defragment","floor":25,"key":"SMITH"},{"floor":27,"key":"REST"},{"floor":29,"key":"REST"}],"neow_cost":"NONE","seed_source_timestamp":189365879139200,"circlet_count":0,"master_deck":["AscendersBane","Defend_B","Defend_B","Defend_B","Defend_B","Zap","Dualcast","Consume+1","Turbo","Ball Lightning","Capacitor+1","Coolheaded","Cold Snap","Fission+1","Turbo","Hologram","Glacier+1","Fission+1","Defragment+1","Hologram+1","Chaos+1","Redo+1","Glacier+1","Blizzard","Cold Snap","Bite","Bite","Bite","Bite","Bite","Creative AI"],"relics":["Cracked Core","NeowsBlessing","Anchor","Dodecahedron","Toxic Egg 2","Orrery","DataDisk","Sundial"],"potions_floor_usage":[4,7,16,24,30],"damage_taken":[{"damage":0,"enemies":"Cultist","floor":1,"turns":1},{"damage":0,"enemies":"2 Louse","floor":2,"turns":1},{"damage":0,"enemies":"Jaw Worm","floor":3,"turns":1},{"damage":8,"enemies":"3 Louse","floor":4,"turns":5},{"damage":24,"enemies":"Gremlin Nob","floor":7,"turns":4},{"damage":7,"enemies":"2 Fungi Beasts","floor":11,"turns":4},{"damage":10,"enemies":"3 Sentries","floor":14,"turns":7},{"damage":2,"enemies":"Slime Boss","floor":16,"turns":15},{"damage":7,"enemies":"2 Thieves","floor":18,"turns":5},{"damage":0,"enemies":"Spheric Guardian","floor":19,"turns":8},{"damage":40,"enemies":"Cultist and Chosen","floor":20,"turns":10},{"damage":16,"enemies":"3 Cultists","floor":24,"turns":9},{"damage":95,"enemies":"Gremlin Leader","floor":30,"turns":19}],"seed_played":"-7734293923393725930","potions_obtained":[{"floor":1,"key":"Strength Potion"},{"floor":3,"key":"Poison Potion"},{"floor":11,"key":"FocusPotion"},{"floor":14,"key":"GamblersBrew"},{"floor":19,"key":"FearPotion"}],"is_trial":false,"path_per_floor":["M","M","M","M","$","R","E","R","T","?","M","R","$","E","R","B",null,"M","M","M","$","?","R","M","R","T","R","?","R","E"],"character_chosen":"DEFECT","items_purchased":["Capacitor","Coolheaded","Cold Snap","DataDisk"],"campfire_rested":4,"item_purchase_floors":[5,5,5,21],"current_hp_per_floor":[64,64,64,56,56,56,32,32,32,32,25,46,46,36,36,34,62,55,55,15,15,15,29,31,31,31,45,24,38,0],"gold":61,"neow_bonus":"THREE_ENEMY_KILL","is_prod":false,"is_daily":false,"chose_seed":false,"campfire_upgraded":4,"win_rate":0,"timestamp":1560159625,"path_taken":["M","M","M","?","?","R","E","R","T","?","?","R","$","E","R","BOSS","M","?","?","$","?","R","M","R","T","R","?","R","E"],"build_version":"2019-01-23","purchased_purges":0,"victory":false,"max_hp_per_floor":[71,71,71,71,71,71,71,71,71,71,71,71,71,71,71,71,71,71,71,71,71,49,49,49,49,49,49,49,49,49],"card_choices":[{"not_picked":["Reinforced Body","Hologram"],"picked":"Consume","floor":1},{"not_picked":["Redo","Barrage"],"picked":"Turbo","floor":2},{"not_picked":["Steam","Genetic Algorithm","Turbo"],"picked":"SKIP","floor":3},{"not_picked":["Meteor Strike","Beam Cell"],"picked":"Ball Lightning","floor":4},{"not_picked":["Stack","Loop"],"picked":"Fission","floor":7},{"not_picked":["Beam Cell","Melter"],"picked":"Hologram","floor":11},{"not_picked":["Blizzard","Fusion"],"picked":"Glacier","floor":14},{"not_picked":["Biased Cognition","Core Surge"],"picked":"Fission+1","floor":16},{"not_picked":["Sweeping Beam","Hologram+1"],"picked":"Defragment","floor":17},{"not_picked":["Rebound","Go for the Eyes"],"picked":"Hologram+1","floor":17},{"not_picked":["Conserve Battery+1","Turbo+1"],"picked":"Chaos+1","floor":17},{"not_picked":["Stack+1","Streamline"],"picked":"Redo+1","floor":17},{"not_picked":["Stack+1","Steam Power+1"],"picked":"Glacier+1","floor":18},{"not_picked":["Compile Driver","Turbo+1"],"picked":"Blizzard","floor":19},{"not_picked":["Streamline","Self Repair"],"picked":"Cold Snap","floor":20},{"not_picked":["Heatsinks","Sweeping Beam"],"picked":"Creative AI","floor":24}],"player_experience":558654,"relics_obtained":[{"floor":7,"key":"Anchor"},{"floor":9,"key":"Dodecahedron"},{"floor":14,"key":"Toxic Egg 2"},{"floor":26,"key":"Sundial"}],"event_choices":[{"damage_healed":0,"gold_gain":0,"cards_transformed":["Strike_B"],"player_choice":"Transformed","damage_taken":0,"max_hp_gain":0,"max_hp_loss":0,"event_name":"Transmorgrifier","floor":10,"gold_loss":0,"cards_obtained":["Turbo"]},{"damage_healed":0,"gold_gain":0,"player_choice":"Became a vampire","damage_taken":0,"max_hp_gain":0,"max_hp_loss":22,"event_name":"Vampires","floor":22,"gold_loss":0,"cards_obtained":["Bite","Bite","Bite","Bite","Bite"]},{"damage_healed":0,"gold_gain":0,"player_choice":"Obtained Book","damage_taken":21,"max_hp_gain":0,"max_hp_loss":0,"event_name":"Cursed Tome","floor":28,"gold_loss":0}],"is_beta":false,"boss_relics":[{"not_picked":["Calling Bell","Velvet Choker"],"picked":"Orrery"}],"items_purged_floors":[],"is_endless":false,"potions_floor_spawned":[1,3,11,14,19],"killed_by":"Gremlin Leader","ascension_level":20}