{"gold_per_floor":[113,113,123,48,62,62,96,96,145,145,176,98,98,116,116,193,193,211,131,156,156,156,156,166,166,193,193],"floor_reached":27,"playtime":979,"items_purged":[],"score":584,"play_id":"754a57e6-4436-4867-92f5-f2b4c5595e5c","local_time":"20190730150258","is_ascension_mode":true,"campfire_choices":[{"data":"Buffer","floor":6,"key":"SMITH"},{"data":"Dualcast","floor":8,"key":"SMITH"},{"data":"Zap","floor":15,"key":"SMITH"},{"data":"Consume","floor":23,"key":"SMITH"},{"data":"Self Repair","floor":25,"key":"SMITH"}],"neow_cost":"PERCENT_DAMAGE","seed_source_timestamp":948465001361800,"circlet_count":0,"master_deck":["AscendersBane","Defend_B","Defend_B","Zap+1","Dualcast+1","Machine Learning","Buffer+1","Ball Lightning","Rip and Tear","Capacitor","Reboot","Leap","Core Surge","Double Energy","Self Repair+1","Coolheaded","Consume+1","Static Discharge","Chill","Coolheaded"],"relics":["Cracked Core","Ancient Tea Set","Bag of Preparation","Coffee Dripper","Red Mask","Art of War"],"potions_floor_usage":[11,16,20,27],"damage_taken":[{"damage":0,"enemies":"2 Louse","floor":1,"turns":2},{"damage":1,"enemies":"Cultist","floor":3,"turns":3},{"damage":7,"enemies":"Jaw Worm","floor":5,"turns":2},{"damage":0,"enemies":"Gremlin Nob","floor":7,"turns":4},{"damage":5,"enemies":"3 Sentries","floor":11,"turns":5},{"damage":0,"enemies":"Large Slime","floor":14,"turns":4},{"damage":0,"enemies":"Slime Boss","floor":16,"turns":9},{"damage":16,"enemies":"Shell Parasite","floor":18,"turns":4},{"damage":39,"enemies":"Masked Bandits","floor":20,"turns":5},{"damage":0,"enemies":"3 Byrds","floor":24,"turns":6},{"damage":30,"enemies":"Slavers","floor":27,"turns":6}],"seed_played":"-727168648623509467","potions_obtained":[{"floor":5,"key":"Explosive Potion"},{"floor":11,"key":"Strength Potion"},{"floor":13,"key":"EssenceOfSteel"},{"floor":14,"key":"Energy Potion"},{"floor":16,"key":"LiquidBronze"},{"floor":18,"key":"Regen Potion"}],"is_trial":false,"path_per_floor":["M","?","M","?","M","R","E","R","T","?","E","$","?","M","R","B",null,"M","$","?","?","?","R","M","R","T","E"],"character_chosen":"DEFECT","items_purchased":["Reboot","Self Repair"],"campfire_rested":0,"item_purchase_floors":[12,19],"current_hp_per_floor":[46,46,45,45,38,38,38,38,38,38,33,33,33,33,33,33,62,46,46,21,21,21,21,28,28,28,0],"gold":193,"neow_bonus":"TRANSFORM_TWO_CARDS","is_prod":false,"is_daily":false,"chose_seed":false,"campfire_upgraded":5,"win_rate":0,"timestamp":1564466578,"path_taken":["M","?","?","?","M","R","E","R","T","?","E","$","?","M","R","BOSS","M","$","?","?","?","R","M","R","T","E"],"build_version":"2019-07-17","purchased_purges":0,"victory":false,"max_hp_per_floor":[71,71,71,71,71,71,71,71,71,71,71,71,71,71,71,71,71,71,71,71,71,71,71,71,71,71,71],"card_choices":[{"not_picked":["Heatsinks","Compile Driver"],"picked":"Ball Lightning","floor":1},{"not_picked":["Sweeping Beam","Tempest"],"picked":"Rip and Tear","floor":5},{"not_picked":["Beam Cell","Rip and Tear","Hello World"],"picked":"SKIP","floor":7},{"not_picked":["Rebound","Compile Driver"],"picked":"Capacitor","floor":11},{"not_picked":["Auto Shields","Heatsinks"],"picked":"Leap","floor":14},{"not_picked":["Fission","Buffer"],"picked":"Core Surge","floor":16},{"not_picked":["Sunder","Blizzard"],"picked":"Double Energy","floor":18},{"not_picked":["Sweeping Beam","Beam Cell"],"picked":"Coolheaded","floor":20},{"not_picked":["Turbo","Skim"],"picked":"Coolheaded","floor":24}],"player_experience":1290520,"relics_obtained":[{"floor":7,"key":"Ancient Tea Set"},{"floor":9,"key":"Bag of Preparation"},{"floor":20,"key":"Red Mask"},{"floor":26,"key":"Art of War"}],"event_choices":[{"cards_removed":["Strike_B"],"damage_healed":0,"gold_gain":0,"player_choice":"Purged","damage_taken":0,"max_hp_gain":0,"max_hp_loss":0,"event_name":"Purifier","floor":2,"gold_loss":0},{"cards_removed":["Strike_B"],"damage_healed":0,"gold_gain":0,"player_choice":"Card Removal","damage_taken":0,"max_hp_gain":0,"max_hp_loss":0,"event_name":"The Cleric","floor":4,"gold_loss":75},{"damage_healed":0,"gold_gain":0,"cards_transformed":["Strike_B"],"player_choice":"Change","damage_taken":0,"max_hp_gain":0,"max_hp_loss":0,"event_name":"Living Wall","floor":10,"gold_loss":0,"cards_obtained":["Rip and Tear"]},{"damage_healed":0,"gold_gain":0,"player_choice":"Got Potions","damage_taken":0,"max_hp_gain":0,"max_hp_loss":0,"event_name":"Lab","floor":13,"gold_loss":0},{"damage_healed":0,"gold_gain":0,"player_choice":"Fought Bandits","damage_taken":0,"max_hp_gain":0,"max_hp_loss":0,"event_name":"Masked Bandits","floor":20,"gold_loss":0},{"damage_healed":0,"gold_gain":0,"player_choice":"Read","damage_taken":0,"max_hp_gain":0,"max_hp_loss":0,"event_name":"The Library","floor":21,"gold_loss":0,"cards_obtained":["Consume"]},{"damage_healed":0,"gold_gain":0,"cards_transformed":["Rip and Tear","Defend_B"],"player_choice":"Became Test Subject","damage_taken":0,"max_hp_gain":0,"max_hp_loss":0,"event_name":"Drug Dealer","floor":22,"gold_loss":0,"cards_obtained":["Static Discharge","Chill"]}],"is_beta":false,"boss_relics":[{"not_picked":["Philosopher\u0027s Stone","Calling Bell"],"picked":"Coffee Dripper"}],"items_purged_floors":[],"is_endless":false,"potions_floor_spawned":[5,11,14,16,18],"killed_by":"Slavers","ascension_level":20}