{"gold_per_floor":[117,117,117,129,141,168,9,9,9,159,194,194,194],"floor_reached":13,"playtime":240,"items_purged":["Strike_R"],"score":182,"play_id":"509056cd-7d10-422a-8ae3-10d93b092057","local_time":"20190722150653","is_ascension_mode":true,"campfire_choices":[{"data":"Bash","floor":8,"key":"SMITH"},{"floor":12,"key":"REST"}],"neow_cost":"NONE","seed_source_timestamp":258235673812000,"circlet_count":0,"master_deck":["AscendersBane","Strike_R","Strike_R","Defend_R","Defend_R","Defend_R","Defend_R","Bash+1","Dropkick","Disarm","Combust","True Grit","Evolve","Doubt","Shockwave+1"],"relics":["Burning Blood","NeowsBlessing","Nunchaku","Blue Candle","Toxic Egg 2"],"potions_floor_usage":[6],"damage_taken":[{"damage":0,"enemies":"Small Slimes","floor":1,"turns":1},{"damage":0,"enemies":"Cultist","floor":4,"turns":1},{"damage":0,"enemies":"2 Louse","floor":5,"turns":1},{"damage":30,"enemies":"Gremlin Nob","floor":6,"turns":4},{"damage":45,"enemies":"Lagavulin","floor":11,"turns":9},{"damage":22,"enemies":"3 Sentries","floor":13,"turns":4}],"seed_played":"-6960918872360385986","potions_obtained":[{"floor":4,"key":"Energy Potion"}],"is_trial":false,"path_per_floor":["M","?","?","M","M","E","$","R","T","?","E","R","E"],"character_chosen":"IRONCLAD","items_purchased":["Evolve"],"campfire_rested":1,"item_purchase_floors":[7],"current_hp_per_floor":[74,74,74,75,75,51,51,51,51,51,12,34,12],"gold":194,"neow_bonus":"THREE_ENEMY_KILL","is_prod":false,"is_daily":false,"chose_seed":false,"campfire_upgraded":1,"win_rate":0,"timestamp":1563775613,"path_taken":["M","?","?","?","M","E","?","R","T","?","E","R","E"],"build_version":"2019-07-17","purchased_purges":1,"victory":false,"max_hp_per_floor":[75,75,75,75,75,75,75,75,75,75,75,75,75],"card_choices":[{"not_picked":["Warcry","Thunderclap","Body Slam"],"picked":"SKIP","floor":1},{"not_picked":["Infernal Blade","Warcry"],"picked":"Disarm","floor":4},{"not_picked":["True Grit","Pummel"],"picked":"Combust","floor":5},{"not_picked":["Headbutt","Intimidate"],"picked":"True Grit","floor":6},{"not_picked":["Ghostly Armor","Wild Strike"],"picked":"Shockwave","floor":11}],"player_experience":1123291,"relics_obtained":[{"floor":6,"key":"Nunchaku"},{"floor":9,"key":"Blue Candle"},{"floor":11,"key":"Toxic Egg 2"}],"event_choices":[{"damage_healed":0,"gold_gain":0,"cards_transformed":["Strike_R"],"player_choice":"Change","damage_taken":0,"max_hp_gain":0,"max_hp_loss":0,"event_name":"Living Wall","floor":2,"gold_loss":0,"cards_obtained":["Dropkick"]},{"cards_removed":["Strike_R"],"damage_healed":0,"gold_gain":0,"player_choice":"Card Removal","damage_taken":0,"max_hp_gain":0,"max_hp_loss":0,"event_name":"Wheel of Change","floor":3,"gold_loss":0},{"damage_healed":0,"gold_gain":150,"player_choice":"AGREE","damage_taken":0,"max_hp_gain":0,"max_hp_loss":0,"event_name":"Liars Game","floor":10,"gold_loss":0,"cards_obtained":["Doubt"]}],"is_beta":false,"boss_relics":[],"items_purged_floors":[7],"is_endless":false,"potions_floor_spawned":[4],"killed_by":"3 Sentries","ascension_level":20}