{"gold_per_floor":[115,125,125,20,31,31,64,82,82,112,137,137,137,169,169,242,242,258,258,270,270,3,3,38,38,38,38,64,164,164,189,189,266,266,281,296,50,325,336,368,381,413,413,448,523,533,199,199,199,199,199,199,199,1,26,26],"floor_reached":57,"playtime":2764,"items_purged":["Bite","Writhe","Pain"],"score":2999,"play_id":"338a90bb-0ef1-43d5-b9d0-37ed82250cd0","local_time":"20190722163735","is_ascension_mode":true,"campfire_choices":[{"data":"Bash","floor":6.0,"key":"SMITH"},{"floor":13.0,"key":"REST"},{"data":"Whirlwind","floor":15.0,"key":"SMITH"},{"floor":23.0,"key":"REST"},{"data":"Feed","floor":27.0,"key":"SMITH"},{"data":"Inflame","floor":30.0,"key":"SMITH"},{"data":"Evolve","floor":32.0,"key":"SMITH"},{"floor":49.0,"key":"RECALL"},{"data":"Barricade","floor":53.0,"key":"SMITH"}],"neow_cost":"NONE","seed_source_timestamp":260842457666600,"circlet_count":0,"master_deck":["AscendersBane","Defend_R","Defend_R","Defend_R","Defend_R","Bash+1","Spot Weakness","Discovery+1","Sword Boomerang","Limit Break+1","Shockwave+1","True Grit+1","Whirlwind+1","Fiend Fire","Feed+1","Exhume+1","Evolve+1","Bite","Bite","Bite","Inflame+1","Feel No Pain","Armaments+1","Ghostly+1","Ghostly+1","Ghostly+1","Impervious+1","True Grit+1","Headbutt","Barricade+1","Body Slam","Regret","Power Through+1","Parasite","Seeing Red+1","Corruption","Deep Breath+1","Impervious+1","Dual Wield+1","Reckless Charge+1"],"special_seed":0,"relics":["Burning Blood","NeowsBlessing","Toxic Egg 2","Sundial","Pear","Odd Mushroom","The Courier","Cursed Key","Centennial Puzzle","Smiling Mask","Mercury Hourglass","Letter Opener","Gambling Chip","Kunai","Blood Vial","Black Star","PreservedInsect","Meat on the Bone","Boot","Blue Candle","StoneCalendar","Molten Egg 2","Self Forming Clay","Pantograph","Potion Belt","Anchor","Pen Nib"],"potions_floor_usage":[56,56,56],"damage_taken":[{"damage":0.0,"enemies":"Small Slimes","floor":1.0,"turns":1.0},{"damage":0.0,"enemies":"Cultist","floor":2.0,"turns":1.0},{"damage":0.0,"enemies":"2 Louse","floor":5.0,"turns":1.0},{"damage":20.0,"enemies":"Lagavulin","floor":7.0,"turns":6.0},{"damage":7.0,"enemies":"Large Slime","floor":8.0,"turns":2.0},{"damage":35.0,"enemies":"3 Sentries","floor":10.0,"turns":10.0},{"damage":33.0,"enemies":"The Mushroom Lair","floor":11.0,"turns":4.0},{"damage":16.0,"enemies":"Lagavulin","floor":14.0,"turns":6.0},{"damage":18.0,"enemies":"Hexaghost","floor":16.0,"turns":9.0},{"damage":33.0,"enemies":"Spheric Guardian","floor":18.0,"turns":5.0},{"damage":30.0,"enemies":"Shell Parasite","floor":20.0,"turns":3.0},{"damage":0.0,"enemies":"Gremlin Leader","floor":24.0,"turns":3.0},{"damage":5.0,"enemies":"Slavers","floor":28.0,"turns":5.0},{"damage":23.0,"enemies":"Colosseum Slavers","floor":29.0,"turns":6.0},{"damage":2.0,"enemies":"Colosseum Nobs","floor":29.0,"turns":5.0},{"damage":7.0,"enemies":"Book of Stabbing","floor":31.0,"turns":6.0},{"damage":37.0,"enemies":"Collector","floor":33.0,"turns":12.0},{"damage":0.0,"enemies":"3 Shapes","floor":35.0,"turns":5.0},{"damage":14.0,"enemies":"Orb Walker","floor":36.0,"turns":5.0},{"damage":6.0,"enemies":"4 Shapes","floor":39.0,"turns":4.0},{"damage":13.0,"enemies":"Nemesis","floor":40.0,"turns":11.0},{"damage":34.0,"enemies":"Writhing Mass","floor":41.0,"turns":9.0},{"damage":13.0,"enemies":"Reptomancer","floor":42.0,"turns":5.0},{"damage":1.0,"enemies":"Giant Head","floor":44.0,"turns":7.0},{"damage":11.0,"enemies":"Maw","floor":46.0,"turns":7.0},{"damage":43.0,"enemies":"Awakened One","floor":50.0,"turns":10.0},{"damage":41.0,"enemies":"Time Eater","floor":51.0,"turns":9.0},{"damage":26.0,"enemies":"Shield and Spear","floor":55.0,"turns":8.0},{"damage":38,"enemies":"The Heart","floor":56,"turns":9}],"seed_played":"-3182477675584295594","potions_obtained":[{"floor":1.0,"key":"Dexterity Potion"},{"floor":5.0,"key":"Block Potion"},{"floor":10.0,"key":"SpeedPotion"},{"floor":16.0,"key":"SmokeBomb"},{"floor":20.0,"key":"Block Potion"},{"floor":24.0,"key":"Explosive Potion"},{"floor":28.0,"key":"Block Potion"},{"floor":55.0,"key":"SteroidPotion"}],"is_trial":false,"path_per_floor":["M","M","?","$","M","R","E","M","T","E","?","?","R","E","R","B",null,"M","?","M","?","$","R","E","?","T","R","E","?","R","E","R","B",null,"M","M","$","?","M","E","M","E","T","E","T","M","$","?","R","B","B",null,"R","$","E","B",null],"character_chosen":"IRONCLAD","items_purchased":["Discovery+1","Feel No Pain","Armaments+1","Centennial Puzzle","PreservedInsect","Body Slam","Energy Potion","Potion Belt","Strength Potion","Energy Potion","Deep Breath+1","Impervious+1","Dual Wield+1"],"campfire_rested":2,"item_purchase_floors":[4,22,22,22,37,37,37,47,47,47,47,54,54],"current_hp_per_floor":[74,75,75,75,75,75,61,60,60,41,14,14,39,29,29,17,68,44,44,26,10,10,29,37,33,33,33,33,41,41,41,41,17,35,45,41,41,41,54,57,43,44,44,54,54,57,57,57,57,47,44,60,60,60,51,50],"gold":26,"neow_bonus":"THREE_ENEMY_KILL","is_prod":false,"is_daily":false,"chose_seed":false,"campfire_upgraded":6,"win_rate":0,"timestamp":1563781055,"path_taken":["M","M","?","$","?","R","E","M","T","E","?","?","R","E","R","BOSS","M","?","M","?","$","R","E","?","T","R","E","?","R","E","R","BOSS","M","M","$","?","?","E","?","E","T","E","?","?","$","?","R","BOSS","BOSS","R","$","E","BOSS"],"build_version":"2019-07-17","purchased_purges":3,"victory":true,"max_hp_per_floor":[75,75,75,75,75,75,75,75,75,85,85,85,85,85,85,85,85,88,61,61,66,66,66,66,33,33,33,33,41,41,41,41,41,41,45,49,49,49,57,57,57,57,57,57,57,57,57,57,57,61,65,65,65,65,65,65],"card_choices":[{"not_picked":["Rupture","Perfected Strike","Heavy Blade"],"picked":"SKIP","floor":1.0},{"not_picked":["Rupture","Perfected Strike","Heavy Blade"],"picked":"SKIP","floor":1.0},{"not_picked":["Iron Wave","Havoc"],"picked":"Spot Weakness","floor":2.0},{"not_picked":["Pommel Strike","Rage+1"],"picked":"Sword Boomerang","floor":5.0},{"not_picked":["Heavy Blade","Wild Strike"],"picked":"Limit Break+1","floor":7.0},{"not_picked":["Iron Wave","Metallicize"],"picked":"Shockwave+1","floor":8.0},{"not_picked":["Combust","Infernal Blade+1"],"picked":"True Grit+1","floor":10.0},{"not_picked":["True Grit+1","Clothesline"],"picked":"Whirlwind","floor":11.0},{"not_picked":["Flex+1","Disarm+1"],"picked":"Feed","floor":14.0},{"not_picked":["Juggernaut","Limit Break+1"],"picked":"Exhume+1","floor":16.0},{"not_picked":["Flex+1","Wild Strike"],"picked":"Evolve","floor":18.0},{"not_picked":["Cleave","Fire Breathing"],"picked":"Inflame","floor":20.0},{"not_picked":["Body Slam","Sever Soul","Sword Boomerang"],"picked":"SKIP","floor":24.0},{"not_picked":["Warcry+1","Power Through+1"],"picked":"Impervious+1","floor":28.0},{"not_picked":["Thunderclap","Reckless Charge"],"picked":"True Grit+1","floor":29.0},{"not_picked":["Pummel+1","Heavy Blade"],"picked":"Headbutt","floor":31.0},{"not_picked":["Bludgeon","Feed"],"picked":"Barricade","floor":33.0},{"not_picked":["Sentinel+1","Flex+1","Sword Boomerang"],"picked":"SKIP","floor":35.0},{"not_picked":["Thunderclap+1","Rupture+1","True Grit+1"],"picked":"SKIP","floor":36.0},{"not_picked":["Blood for Blood","Warcry+1"],"picked":"Power Through+1","floor":39.0},{"not_picked":["Twin Strike+1","Barricade","Thunderclap"],"picked":"SKIP","floor":40.0},{"not_picked":["Metallicize","Headbutt","Cleave"],"picked":"SKIP","floor":41.0},{"not_picked":["Shockwave+1","Sever Soul","Havoc+1"],"picked":"SKIP","floor":42.0},{"not_picked":["Blood for Blood","Burning Pact+1"],"picked":"Seeing Red+1","floor":44.0},{"not_picked":["Intimidate+1","Spot Weakness+1"],"picked":"Corruption","floor":46.0},{"not_picked":["Reckless Charge+1","Bludgeon+1","Thunderclap+1"],"picked":"SKIP","floor":55.0},{"not_picked":["Bludgeon+1","Thunderclap+1"],"picked":"Reckless Charge+1","floor":55.0}],"player_experience":1125821,"relics_obtained":[{"floor":7.0,"key":"Sundial"},{"floor":10.0,"key":"Pear"},{"floor":11.0,"key":"Odd Mushroom"},{"floor":14.0,"key":"The Courier"},{"floor":24.0,"key":"Smiling Mask"},{"floor":26.0,"key":"Mercury Hourglass"},{"floor":28.0,"key":"Letter Opener"},{"floor":29.0,"key":"Gambling Chip"},{"floor":29.0,"key":"Kunai"},{"floor":31.0,"key":"Blood Vial"},{"floor":40.0,"key":"Meat on the Bone"},{"floor":42.0,"key":"Boot"},{"floor":42.0,"key":"Blue Candle"},{"floor":43.0,"key":"StoneCalendar"},{"floor":44.0,"key":"Molten Egg 2"},{"floor":44.0,"key":"Self Forming Clay"},{"floor":45.0,"key":"Pantograph"},{"floor":55.0,"key":"Anchor"},{"floor":55.0,"key":"Pen Nib"}],"event_choices":[{"damage_healed":0.0,"max_hp_gain":0.0,"max_hp_loss":0.0,"gold_gain":0.0,"event_name":"WeMeetAgain","player_choice":"Gave Potion","floor":3.0,"gold_loss":0.0,"damage_taken":0.0,"relics_obtained":["Toxic Egg 2"]},{"damage_healed":0.0,"max_hp_gain":0.0,"max_hp_loss":0.0,"gold_gain":0.0,"event_name":"Mushrooms","player_choice":"Fought Mushrooms","floor":11.0,"gold_loss":0.0,"damage_taken":0.0},{"damage_healed":0.0,"max_hp_gain":0.0,"max_hp_loss":0.0,"gold_gain":0.0,"cards_transformed":["Strike_R"],"event_name":"Living Wall","player_choice":"Change","floor":12.0,"gold_loss":0.0,"damage_taken":0.0,"cards_obtained":["Fiend Fire"]},{"damage_healed":0.0,"max_hp_gain":0.0,"max_hp_loss":27.0,"gold_gain":0.0,"event_name":"Vampires","player_choice":"Became a vampire","floor":19.0,"gold_loss":0.0,"damage_taken":0.0,"cards_obtained":["Bite","Bite","Bite","Bite","Bite"]},{"damage_healed":0.0,"max_hp_gain":5.0,"max_hp_loss":0.0,"gold_gain":0.0,"event_name":"Forgotten Altar","player_choice":"Shed Blood","floor":21.0,"gold_loss":0.0,"damage_taken":21.0},{"damage_healed":0.0,"max_hp_gain":0.0,"max_hp_loss":33.0,"gold_gain":0.0,"event_name":"Ghosts","player_choice":"Became a Ghost","floor":25.0,"gold_loss":0.0,"damage_taken":0.0,"cards_obtained":["Ghostly","Ghostly","Ghostly"]},{"damage_healed":0.0,"max_hp_gain":0.0,"max_hp_loss":0.0,"gold_gain":0.0,"event_name":"Colosseum","player_choice":"Fight","floor":29.0,"gold_loss":0.0,"damage_taken":0.0},{"damage_healed":0.0,"max_hp_gain":0.0,"max_hp_loss":0.0,"gold_gain":0.0,"event_name":"Colosseum","player_choice":"Fought Nobs","floor":29.0,"gold_loss":0.0,"damage_taken":0.0},{"damage_healed":0.0,"max_hp_gain":0.0,"max_hp_loss":0.0,"gold_gain":275.0,"event_name":"Golden Shrine","player_choice":"Desecrate","floor":38.0,"gold_loss":0.0,"damage_taken":0.0,"cards_obtained":["Regret"]},{"cards_removed":["Bite"],"damage_healed":0.0,"max_hp_gain":0.0,"max_hp_loss":0.0,"gold_gain":0.0,"event_name":"Falling","player_choice":"Removed Attack","floor":48.0,"gold_loss":0.0,"damage_taken":0.0}],"is_beta":false,"boss_relics":[{"not_picked":["Runic Pyramid","Busted Crown"],"picked":"Cursed Key"},{"not_picked":["Tiny House","White Beast Statue"],"picked":"Black Star"}],"items_purged_floors":[22,37,47],"is_endless":false,"potions_floor_spawned":[1,5,10,16,20,24,28,31,39,41,42,44,55],"ascension_level":20}