{"gold_per_floor":[119,119,139,139,156,156,185,185,185,213,223,240,240,257,257,336,336,353,204,204],"floor_reached":20,"playtime":991,"items_purged":["Strike_R"],"score":368,"play_id":"722f164c-9b31-4193-b58a-655647f96618","local_time":"20190723163552","is_ascension_mode":true,"campfire_choices":[{"data":"Bash","floor":6,"key":"SMITH"},{"data":"Strike_R","floor":8,"key":"PURGE"},{"data":"Strike_R","floor":13,"key":"PURGE"},{"data":"Strike_R","floor":15,"key":"PURGE"}],"neow_cost":"CURSE","seed_source_timestamp":349222624947900,"circlet_count":0,"master_deck":["AscendersBane","Strike_R","Defend_R","Defend_R","Defend_R","Defend_R","Bash+1","Spot Weakness","Dropkick","Sword Boomerang","Dropkick","Fiend Fire","Burning Pact","Corruption"],"relics":["Burning Blood","Prayer Wheel","Peace Pipe","Magic Flower","Meat on the Bone","Black Star"],"potions_floor_usage":[7,16,18],"damage_taken":[{"damage":24,"enemies":"Cultist","floor":1,"turns":6},{"damage":14,"enemies":"Jaw Worm","floor":3,"turns":5},{"damage":9,"enemies":"Small Slimes","floor":5,"turns":4},{"damage":30,"enemies":"Lagavulin","floor":7,"turns":5},{"damage":36,"enemies":"Gremlin Nob","floor":10,"turns":4},{"damage":5,"enemies":"Gremlin Gang","floor":11,"turns":4},{"damage":9,"enemies":"Blue Slaver","floor":12,"turns":4},{"damage":12,"enemies":"Large Slime","floor":14,"turns":4},{"damage":47,"enemies":"The Guardian","floor":16,"turns":12},{"damage":22,"enemies":"Shell Parasite","floor":18,"turns":3},{"damage":54,"enemies":"Spheric Guardian","floor":20,"turns":6}],"seed_played":"9111537498273900386","potions_obtained":[{"floor":1,"key":"Regen Potion"},{"floor":11,"key":"Weak Potion"},{"floor":12,"key":"SteroidPotion"},{"floor":14,"key":"Dexterity Potion"},{"floor":16,"key":"SkillPotion"}],"is_trial":false,"path_per_floor":["M","?","M","?","M","R","E","R","T","E","M","M","R","M","R","B",null,"M","$","M"],"character_chosen":"IRONCLAD","items_purchased":["Corruption"],"campfire_rested":0,"item_purchase_floors":[19],"current_hp_per_floor":[50,75,67,67,64,64,52,52,52,25,47,47,47,62,62,42,67,54,54,0],"gold":204,"neow_bonus":"ONE_RARE_RELIC","is_prod":false,"is_daily":false,"chose_seed":false,"campfire_upgraded":1,"win_rate":0,"timestamp":1563867352,"path_taken":["M","?","M","?","M","R","E","R","T","E","M","M","R","M","R","BOSS","M","$","?"],"build_version":"2019-07-17","purchased_purges":1,"victory":false,"max_hp_per_floor":[75,75,75,75,75,75,75,75,75,75,75,75,75,75,75,75,75,75,75,75],"card_choices":[{"not_picked":["Warcry","Twin Strike","Wild Strike"],"picked":"SKIP","floor":1},{"not_picked":["Anger","Flex","True Grit"],"picked":"SKIP","floor":1},{"not_picked":["Iron Wave","Blood for Blood","Corruption"],"picked":"SKIP","floor":3},{"not_picked":["Perfected Strike","Havoc","Body Slam"],"picked":"SKIP","floor":3},{"not_picked":["Pommel Strike","Armaments"],"picked":"Spot Weakness","floor":5},{"not_picked":["Clothesline","Perfected Strike"],"picked":"Dropkick","floor":5},{"not_picked":["Wild Strike","Combust","Armaments"],"picked":"SKIP","floor":7},{"not_picked":["Clothesline","Uppercut","Body Slam"],"picked":"SKIP","floor":10},{"not_picked":["Warcry","Thunderclap","Anger"],"picked":"SKIP","floor":11},{"not_picked":["Exhume","Havoc","Headbutt"],"picked":"SKIP","floor":11},{"not_picked":["Cleave","Iron Wave"],"picked":"Sword Boomerang","floor":12},{"not_picked":["Intimidate","Anger","Havoc"],"picked":"SKIP","floor":12},{"not_picked":["Clothesline","Cleave"],"picked":"Dropkick","floor":14},{"not_picked":["Infernal Blade","Dual Wield","Hemokinesis"],"picked":"SKIP","floor":14},{"not_picked":["Immolate","Brutality"],"picked":"Fiend Fire","floor":16},{"not_picked":["True Grit","Pommel Strike"],"picked":"Burning Pact","floor":18},{"not_picked":["Twin Strike","Armaments","Infernal Blade"],"picked":"SKIP","floor":18}],"player_experience":1142270,"relics_obtained":[{"floor":7,"key":"Peace Pipe"},{"floor":9,"key":"Magic Flower"},{"floor":10,"key":"Meat on the Bone"}],"event_choices":[{"damage_healed":25,"gold_gain":0,"player_choice":"Banana","damage_taken":0,"max_hp_gain":0,"max_hp_loss":0,"event_name":"Big Fish","floor":2,"gold_loss":0},{"cards_removed":["Normality"],"damage_healed":0,"gold_gain":0,"player_choice":"Purged","damage_taken":0,"max_hp_gain":0,"max_hp_loss":0,"event_name":"Purifier","floor":4,"gold_loss":0}],"is_beta":false,"boss_relics":[{"not_picked":["Eternal Feather","Velvet Choker"],"picked":"Black Star"}],"items_purged_floors":[19],"is_endless":false,"potions_floor_spawned":[1,11,12,14,16],"killed_by":"Spheric Guardian","ascension_level":20}