{"gold_per_floor":[115,190,190,190,213,248,263,263,263,263,263],"floor_reached":11,"playtime":221,"items_purged":[],"score":192,"play_id":"f8ec3726-a09b-430c-a5f2-ce4172235d8a","local_time":"20190715194625","is_ascension_mode":true,"campfire_choices":[{"data":"Dagger Spray","floor":8,"key":"SMITH"},{"data":"Strike_G","floor":10,"key":"PURGE"}],"neow_cost":"NONE","seed_source_timestamp":238036876621400,"circlet_count":0,"master_deck":["AscendersBane","Strike_G","Strike_G","Strike_G","Strike_G","Defend_G","Defend_G","Defend_G","Defend_G","Defend_G","Survivor","Neutralize","Escape Plan","Riddle With Holes","Dagger Spray+1","Backflip"],"relics":["Ring of the Snake","NeowsBlessing","Golden Idol","Pear","Peace Pipe","Anchor"],"potions_floor_usage":[11,11],"damage_taken":[{"damage":0,"enemies":"Jaw Worm","floor":1,"turns":1},{"damage":0,"enemies":"Small Slimes","floor":5,"turns":1},{"damage":0,"enemies":"3 Sentries","floor":6,"turns":1},{"damage":0,"enemies":"Cultist","floor":7,"turns":3},{"damage":33,"enemies":"Lagavulin","floor":11,"turns":10}],"seed_played":"8337073312242914730","potions_obtained":[{"floor":5,"key":"Dexterity Potion"},{"floor":6,"key":"Swift Potion"}],"is_trial":false,"path_per_floor":["M","?","?","?","M","E","M","R","T","R","E"],"character_chosen":"THE_SILENT","items_purchased":[],"campfire_rested":0,"item_purchase_floors":[],"current_hp_per_floor":[59,48,48,58,58,58,58,58,58,58,25],"gold":263,"neow_bonus":"THREE_ENEMY_KILL","is_prod":false,"is_daily":false,"chose_seed":false,"campfire_upgraded":1,"win_rate":0,"timestamp":1563187585,"path_taken":["M","?","?","?","?","E","M","R","T","R","E"],"build_version":"2019-07-05","purchased_purges":0,"victory":false,"max_hp_per_floor":[66,66,60,70,70,70,70,70,70,70,70],"card_choices":[{"not_picked":["Slice","Caltrops"],"picked":"Escape Plan","floor":1},{"not_picked":["Sucker Punch","Expertise"],"picked":"Riddle With Holes","floor":5},{"not_picked":["Escape Plan","Riddle With Holes"],"picked":"Dagger Spray","floor":6},{"not_picked":["Blade Dance","Endless Agony"],"picked":"Backflip","floor":7}],"player_experience":1051956,"relics_obtained":[{"floor":4,"key":"Pear"},{"floor":6,"key":"Peace Pipe"},{"floor":9,"key":"Anchor"}],"event_choices":[{"damage_healed":0,"gold_gain":75,"player_choice":"Gather Gold","damage_taken":11,"max_hp_gain":0,"max_hp_loss":0,"event_name":"World of Goop","floor":2,"gold_loss":0},{"damage_healed":0,"gold_gain":0,"player_choice":"Lose Max HP","damage_taken":0,"relics_obtained":["Golden Idol"],"max_hp_gain":0,"max_hp_loss":6,"event_name":"Golden Idol","floor":3,"gold_loss":0},{"damage_healed":0,"gold_gain":0,"player_choice":"Relic","damage_taken":0,"max_hp_gain":0,"max_hp_loss":0,"event_name":"Wheel of Change","floor":4,"gold_loss":0}],"is_beta":false,"boss_relics":[],"items_purged_floors":[],"is_endless":false,"potions_floor_spawned":[5,6],"killed_by":"Lagavulin","ascension_level":20}