{"gold_per_floor":[109,109,128,143,218,244,244,244,320,320,320],"floor_reached":11,"playtime":287,"items_purged":[],"score":142,"play_id":"25835345-651f-4be3-83d9-45d27a6f34a2","local_time":"20190722154126","is_ascension_mode":true,"campfire_choices":[{"data":"Corruption","floor":7,"key":"SMITH"},{"floor":10,"key":"REST"}],"neow_cost":"NONE","seed_source_timestamp":260261520705300,"circlet_count":0,"master_deck":["AscendersBane","Strike_R","Strike_R","Strike_R","Strike_R","Strike_R","Defend_R","Defend_R","Defend_R","Defend_R","Bash","Corruption+1","Seeing Red","Infernal Blade","Power Through","Cleave","Second Wind","Pommel Strike","Body Slam","Shrug It Off"],"relics":["Orrery","Anchor","Bottled Tornado"],"potions_floor_usage":[6,11],"damage_taken":[{"damage":7,"enemies":"Jaw Worm","floor":1,"turns":4},{"damage":0,"enemies":"Small Slimes","floor":3,"turns":3},{"damage":1,"enemies":"Cultist","floor":4,"turns":3},{"damage":37,"enemies":"Gremlin Nob","floor":6,"turns":4},{"damage":37,"enemies":"3 Sentries","floor":11,"turns":11}],"seed_played":"-4496983979271794825","potions_obtained":[{"floor":1,"key":"Energy Potion"},{"floor":4,"key":"AttackPotion"}],"is_trial":false,"path_per_floor":["M","?","M","M","?","E","R","?","T","R","E"],"character_chosen":"IRONCLAD","items_purchased":[],"campfire_rested":1,"item_purchase_floors":[],"current_hp_per_floor":[61,66,66,65,54,17,17,17,17,41,4],"gold":320,"neow_bonus":"BOSS_RELIC","is_prod":false,"is_daily":false,"chose_seed":false,"campfire_upgraded":1,"win_rate":0,"timestamp":1563777686,"path_taken":["M","?","M","M","?","E","R","?","T","R","E"],"build_version":"2019-07-17","purchased_purges":0,"victory":false,"max_hp_per_floor":[75,80,80,80,80,80,80,80,80,80,80],"card_choices":[{"not_picked":["Fire Breathing","Flex"],"picked":"Corruption","floor":0},{"not_picked":["Armaments","Anger"],"picked":"Seeing Red","floor":0},{"not_picked":["Headbutt","True Grit"],"picked":"Infernal Blade","floor":0},{"not_picked":["Perfected Strike","Cleave"],"picked":"Power Through","floor":0},{"not_picked":["Fire Breathing","Clash"],"picked":"Cleave","floor":0},{"not_picked":["Pommel Strike","Havoc"],"picked":"Second Wind","floor":1},{"not_picked":["Combust","Hemokinesis"],"picked":"Pommel Strike","floor":3},{"not_picked":["Iron Wave","Heavy Blade"],"picked":"Body Slam","floor":4},{"not_picked":["Sever Soul","Blood for Blood"],"picked":"Shrug It Off","floor":6}],"player_experience":1125258,"relics_obtained":[{"floor":6,"key":"Anchor"},{"floor":9,"key":"Bottled Tornado"}],"event_choices":[{"damage_healed":0,"gold_gain":0,"player_choice":"Donut","damage_taken":0,"max_hp_gain":5,"max_hp_loss":0,"event_name":"Big Fish","floor":2,"gold_loss":0},{"damage_healed":0,"gold_gain":75,"player_choice":"Gather Gold","damage_taken":11,"max_hp_gain":0,"max_hp_loss":0,"event_name":"World of Goop","floor":5,"gold_loss":0},{"damage_healed":0,"gold_gain":0,"player_choice":"Ignored","damage_taken":0,"max_hp_gain":0,"max_hp_loss":0,"event_name":"Shining Light","floor":8,"gold_loss":0}],"is_beta":false,"boss_relics":[],"items_purged_floors":[],"is_endless":false,"potions_floor_spawned":[1,4],"killed_by":"3 Sentries","ascension_level":20}