{"gold_per_floor":[118,193,343,354,365,365,395,231,231,259,272,82,101,1,1,78,78,89,89,101,71,87,112,112,140,140,152,168,178,195,226,226,299,299,310,310,310,321,32,58,58,58,58,58,82,101,30,57,57,57,57,57,57,7,40,40],"floor_reached":57,"playtime":3185,"items_purged":["Doubt","Strike_B","Defend_B","Defend_B"],"score":2760,"play_id":"e4a79dba-d1bb-48cc-9ece-c1dd2de0743d","local_time":"20190611224642","is_ascension_mode":true,"campfire_choices":[{"data":"Streamline","floor":6,"key":"SMITH"},{"data":"Leap","floor":15,"key":"SMITH"},{"data":"Consume","floor":24,"key":"SMITH"},{"floor":32,"key":"REST"},{"data":"Fission","floor":42,"key":"SMITH"},{"floor":44,"key":"RECALL"},{"data":"Capacitor","floor":49,"key":"SMITH"},{"data":"Loop","floor":53,"key":"SMITH"}],"neow_cost":"NONE","seed_source_timestamp":288631192280000,"circlet_count":0,"master_deck":["AscendersBane","Defend_B","Zap","Dualcast","Streamline+1","Chill","Self Repair","Double Energy","Leap+1","Electrodynamics","Consume+1","Coolheaded","Loop+1","Undo","Decay","Echo Form","Heatsinks+1","Coolheaded+1","Fission+1","Cold Snap+1","Sunder+1","Reboot+1","Shame","Reboot","Capacitor+1","Recycle+1"],"relics":["Cracked Core","NeowsBlessing","Kunai","Blue Candle","Meat on the Bone","DataDisk","Cursed Key","Cables","Sundial","Matryoshka","Astrolabe","Omamori","Torii","Smiling Mask","The Courier","Symbiotic Virus","Dream Catcher","Dodecahedron","War Paint"],"potions_floor_usage":[7,16,22,23,28,40,51],"damage_taken":[{"damage":0,"enemies":"2 Louse","floor":1,"turns":1},{"damage":0,"enemies":"Jaw Worm","floor":4,"turns":1},{"damage":0,"enemies":"Cultist","floor":5,"turns":1},{"damage":8,"enemies":"Gremlin Nob","floor":7,"turns":3},{"damage":24,"enemies":"Lagavulin","floor":10,"turns":5},{"damage":9,"enemies":"2 Fungi Beasts","floor":11,"turns":3},{"damage":3,"enemies":"Exordium Wildlife","floor":13,"turns":3},{"damage":45,"enemies":"The Guardian","floor":16,"turns":10},{"damage":23,"enemies":"2 Thieves","floor":18,"turns":4},{"damage":4,"enemies":"Spheric Guardian","floor":20,"turns":4},{"damage":7,"enemies":"Snake Plant","floor":22,"turns":4},{"damage":28,"enemies":"Gremlin Leader","floor":23,"turns":5},{"damage":29,"enemies":"Book of Stabbing","floor":25,"turns":5},{"damage":3,"enemies":"Snecko","floor":27,"turns":5},{"damage":32,"enemies":"Shelled Parasite and Fungi","floor":28,"turns":5},{"damage":5,"enemies":"Sentry and Sphere","floor":29,"turns":4},{"damage":16,"enemies":"Centurion and Healer","floor":30,"turns":4},{"damage":40,"enemies":"Slavers","floor":31,"turns":4},{"damage":16,"enemies":"Champ","floor":33,"turns":13},{"damage":34,"enemies":"3 Darklings","floor":35,"turns":6},{"damage":0,"enemies":"3 Shapes","floor":38,"turns":3},{"damage":30,"enemies":"Nemesis","floor":40,"turns":11},{"damage":2,"enemies":"Spire Growth","floor":46,"turns":5},{"damage":3,"enemies":"Giant Head","floor":48,"turns":11},{"damage":60,"enemies":"Time Eater","floor":50,"turns":35},{"damage":24,"enemies":"Awakened One","floor":51,"turns":24},{"damage":29,"enemies":"Shield and Spear","floor":55,"turns":8},{"damage":48,"enemies":"The Heart","floor":56,"turns":16}],"seed_played":"-3093032686623463098","potions_obtained":[{"floor":4,"key":"FearPotion"},{"floor":11,"key":"Swift Potion"},{"floor":13,"key":"Explosive Potion"},{"floor":20,"key":"SkillPotion"},{"floor":25,"key":"Swift Potion"},{"floor":28,"key":"LiquidBronze"},{"floor":35,"key":"Block Potion"},{"floor":37,"key":"Block Potion"},{"floor":38,"key":"AttackPotion"}],"is_trial":false,"path_per_floor":["M","?","?","M","M","R","E","$","T","E","M","$","M","$","R","B",null,"M","?","M","?","M","E","R","E","T","M","M","M","M","E","R","B",null,"M","?","?","M","$","E","?","R","T","R","T","M","$","E","R","B","B",null,"R","$","E","B",null],"character_chosen":"DEFECT","items_purchased":["Self Repair","DataDisk","Leap","Omamori","Capacitor"],"campfire_rested":1,"item_purchase_floors":[8,12,12,39,47],"current_hp_per_floor":[64,53,53,53,53,53,45,45,45,28,31,31,47,47,47,21,59,43,43,46,46,46,37,37,27,27,43,30,44,47,26,47,57,68,53,53,53,53,53,42,56,56,56,56,56,61,61,71,71,37,39,63,63,63,53,24],"gold":40,"neow_bonus":"THREE_ENEMY_KILL","is_prod":false,"is_daily":false,"chose_seed":false,"campfire_upgraded":6,"win_rate":0,"timestamp":1560260802,"path_taken":["M","?","?","?","M","R","E","$","T","E","M","$","M","?","R","BOSS","M","?","M","?","M","E","R","E","T","M","?","M","?","E","R","BOSS","M","?","?","?","?","E","?","R","T","R","?","?","$","E","R","BOSS","BOSS","R","$","E","BOSS"],"build_version":"2019-01-23","purchased_purges":4,"victory":true,"max_hp_per_floor":[71,71,71,71,71,71,71,71,71,71,71,71,71,71,71,71,71,71,71,71,71,71,71,71,71,71,71,71,71,71,71,71,71,71,71,71,71,71,71,71,71,71,71,71,71,71,71,71,71,71,71,71,71,71,71,71],"card_choices":[{"not_picked":["Gash","Sweeping Beam"],"picked":"Streamline","floor":1},{"not_picked":["Stack","Turbo"],"picked":"Ball Lightning","floor":4},{"not_picked":["Blizzard","Barrage"],"picked":"Rip and Tear","floor":5},{"not_picked":["Sweeping Beam","Ball Lightning"],"picked":"Chill","floor":7},{"not_picked":["Turbo","Sweeping Beam"],"picked":"Double Energy","floor":10},{"not_picked":["Sunder","FTL","Beam Cell"],"picked":"SKIP","floor":11},{"not_picked":["Compile Driver","Redo","Ball Lightning"],"picked":"SKIP","floor":13},{"not_picked":["Meteor Strike","Creative AI"],"picked":"Electrodynamics","floor":16},{"not_picked":["Sunder","Stack"],"picked":"Consume","floor":18},{"not_picked":["Sweeping Beam","Streamline","Lockon"],"picked":"SKIP","floor":20},{"not_picked":["Compile Driver","Heatsinks","Gash"],"picked":"SKIP","floor":22},{"not_picked":["Sweeping Beam","Conserve Battery"],"picked":"Undo","floor":23},{"not_picked":["Steam","Steam Power","Static Discharge"],"picked":"SKIP","floor":25},{"not_picked":["Steam","FTL","Gash"],"picked":"SKIP","floor":27},{"not_picked":["Steam","Auto Shields","Sweeping Beam+1"],"picked":"SKIP","floor":28},{"not_picked":["Lockon","Tempest"],"picked":"Echo Form","floor":29},{"not_picked":["Go for the Eyes","Beam Cell"],"picked":"Heatsinks+1","floor":30},{"not_picked":["Cold Snap+1","Gash"],"picked":"Coolheaded","floor":31},{"not_picked":["Seek","Electrodynamics"],"picked":"Fission","floor":33},{"not_picked":["Consume","Redo","Barrage"],"picked":"SKIP","floor":35},{"not_picked":["Sweeping Beam+1","Force Field","Ball Lightning"],"picked":"SKIP","floor":38},{"not_picked":["Steam","Scrape","Skim"],"picked":"SKIP","floor":40},{"not_picked":["Gash","Doom and Gloom"],"picked":"Reboot","floor":46},{"not_picked":["Leap","Compile Driver+1","Conserve Battery"],"picked":"SKIP","floor":48},{"not_picked":["Turbo","Coolheaded+1"],"picked":"Recycle","floor":55}],"player_experience":588552,"relics_obtained":[{"floor":7,"key":"Kunai"},{"floor":9,"key":"Blue Candle"},{"floor":10,"key":"Meat on the Bone"},{"floor":23,"key":"Cables"},{"floor":25,"key":"Sundial"},{"floor":31,"key":"Matryoshka"},{"floor":40,"key":"Torii"},{"floor":43,"key":"Smiling Mask"},{"floor":43,"key":"The Courier"},{"floor":45,"key":"Symbiotic Virus"},{"floor":45,"key":"Dream Catcher"},{"floor":48,"key":"Dodecahedron"},{"floor":55,"key":"War Paint"}],"event_choices":[{"damage_healed":0,"gold_gain":75,"player_choice":"Gather Gold","damage_taken":11,"max_hp_gain":0,"max_hp_loss":0,"event_name":"World of Goop","floor":2,"gold_loss":0},{"damage_healed":0,"gold_gain":150,"player_choice":"AGREE","damage_taken":0,"max_hp_gain":0,"max_hp_loss":0,"event_name":"Liars Game","floor":3,"gold_loss":0,"cards_obtained":["Doubt"]},{"damage_healed":0,"gold_gain":0,"cards_transformed":["Strike_B","Strike_B"],"player_choice":"Became Test Subject","damage_taken":0,"max_hp_gain":0,"max_hp_loss":0,"event_name":"Drug Dealer","floor":19,"gold_loss":0,"cards_obtained":["Coolheaded","Loop"]},{"damage_healed":0,"gold_gain":0,"player_choice":"Bought 2 Potions","damage_taken":0,"max_hp_gain":0,"max_hp_loss":0,"event_name":"The Woman in Blue","floor":21,"gold_loss":0},{"cards_removed":["Ball Lightning"],"damage_healed":0,"gold_gain":0,"player_choice":"Removed Attack","damage_taken":0,"max_hp_gain":0,"max_hp_loss":0,"event_name":"Falling","floor":36,"gold_loss":0},{"damage_healed":0,"gold_gain":0,"player_choice":"Got Potions","damage_taken":0,"max_hp_gain":0,"max_hp_loss":0,"event_name":"Lab","floor":37,"gold_loss":0},{"damage_healed":14,"gold_gain":0,"player_choice":"Writhe","damage_taken":0,"max_hp_gain":0,"max_hp_loss":0,"event_name":"Winding Halls","floor":41,"gold_loss":0,"cards_obtained":["Writhe"]}],"is_beta":false,"boss_relics":[{"not_picked":["Eternal Feather","Nuclear Battery"],"picked":"Cursed Key"},{"not_picked":["Fusion Hammer","Lizard Tail"],"picked":"Astrolabe"}],"items_purged_floors":[8,14,39,54],"is_endless":false,"potions_floor_spawned":[4,11,13,20,25,28,35,38],"ascension_level":20}