{"gold_per_floor":[113,113,132,57,68,68,103,103,185,27,93,93,93],"floor_reached":13,"playtime":317,"items_purged":["Decay","Strike_B"],"score":166,"play_id":"9a74fecc-cbc1-4397-93cd-2ecdcbcf09bb","local_time":"20190611215313","is_ascension_mode":true,"campfire_choices":[{"floor":6,"key":"REST"},{"floor":12,"key":"REST"}],"neow_cost":"NONE","seed_source_timestamp":288299961914400,"circlet_count":0,"master_deck":["AscendersBane","Strike_B","Strike_B","Strike_B","Defend_B","Defend_B","Defend_B","Defend_B","Zap","Dualcast","Recycle","Ball Lightning","Rip and Tear","Ball Lightning","Self Repair"],"relics":["Inserter","Vajra","SsserpentHead","Question Card"],"potions_floor_usage":[7,13],"damage_taken":[{"damage":18,"enemies":"Jaw Worm","floor":1,"turns":6},{"damage":14,"enemies":"Cultist","floor":3,"turns":5},{"damage":11,"enemies":"2 Louse","floor":5,"turns":2},{"damage":25,"enemies":"Lagavulin","floor":7,"turns":7},{"damage":9,"enemies":"Red Slaver","floor":11,"turns":2},{"damage":30,"enemies":"3 Sentries","floor":13,"turns":5}],"seed_played":"-1595847404661730014","potions_obtained":[{"floor":1,"key":"Fire Potion"},{"floor":5,"key":"FocusPotion"},{"floor":7,"key":"Weak Potion"}],"is_trial":false,"path_per_floor":["M","?","M","$","M","R","E","?","T","$","M","R","E"],"character_chosen":"DEFECT","items_purchased":["Ball Lightning"],"campfire_rested":2,"item_purchase_floors":[10],"current_hp_per_floor":[46,46,32,32,21,42,17,17,17,17,8,29,0],"gold":93,"neow_bonus":"BOSS_RELIC","is_prod":false,"is_daily":false,"chose_seed":false,"campfire_upgraded":0,"win_rate":0,"timestamp":1560257593,"path_taken":["M","?","M","$","?","R","E","?","T","$","?","R","E"],"build_version":"2019-01-23","purchased_purges":2,"victory":false,"max_hp_per_floor":[71,71,71,71,71,71,71,71,71,71,71,71,71],"card_choices":[{"not_picked":["Redo","Beam Cell"],"picked":"Recycle","floor":1},{"not_picked":["Doom and Gloom","Hologram","Redo"],"picked":"SKIP","floor":3},{"not_picked":["Blizzard","Chill"],"picked":"Ball Lightning","floor":5},{"not_picked":["Beam Cell","Double Energy"],"picked":"Rip and Tear","floor":7},{"not_picked":["Heatsinks","Force Field","Seek"],"picked":"Self Repair","floor":11}],"player_experience":588235,"relics_obtained":[{"floor":7,"key":"Vajra"},{"floor":9,"key":"Question Card"}],"event_choices":[{"damage_healed":0,"gold_gain":0,"player_choice":"Cursed","damage_taken":0,"max_hp_gain":0,"max_hp_loss":0,"event_name":"Wheel of Change","floor":2,"gold_loss":0,"cards_obtained":["Decay"]},{"damage_healed":0,"gold_gain":0,"player_choice":"Trade","damage_taken":0,"relics_obtained":["SsserpentHead"],"max_hp_gain":0,"max_hp_loss":0,"event_name":"FaceTrader","floor":8,"gold_loss":0}],"is_beta":false,"boss_relics":[],"items_purged_floors":[4,10],"is_endless":false,"potions_floor_spawned":[1,5,7],"killed_by":"3 Sentries","ascension_level":20}