{"gold_per_floor":[114,114,133,151,161,161,126,155,155,155,155,155,194,26,26,26],"floor_reached":16,"playtime":1386,"items_purged":[],"score":211,"play_id":"646b56ce-205e-45de-8b12-0d990f4a9b15","local_time":"20190520092631","is_ascension_mode":true,"campfire_choices":[{"floor":6,"key":"REST"},{"data":"Neutralize","floor":11,"key":"SMITH"},{"data":"Wraith Form v2","floor":15,"key":"SMITH"}],"neow_cost":"NONE","seed_source_timestamp":71235209712376,"circlet_count":0,"master_deck":["AscendersBane","Defend_G","Defend_G","Defend_G","Defend_G","Defend_G","Strike_G+1","Strike_G","Strike_G","Strike_G","Strike_G","Survivor","Neutralize+1","Skewer+1","Flying Knee","Dagger Spray","Calculated Gamble","Wraith Form v2+1"],"relics":["Ring of the Snake","Ancient Tea Set","Juzu Bracelet","Vajra","Matryoshka","Golden Idol","Regal Pillow","Oddly Smooth Stone"],"potions_floor_usage":[5,8],"damage_taken":[{"damage":8,"enemies":"Small Slimes","floor":1,"turns":5},{"damage":1,"enemies":"2 Louse","floor":3,"turns":3},{"damage":2,"enemies":"Jaw Worm","floor":4,"turns":3},{"damage":10,"enemies":"Large Slime","floor":5,"turns":7},{"damage":6,"enemies":"Gremlin Nob","floor":8,"turns":3},{"damage":7,"enemies":"3 Sentries","floor":13,"turns":6},{"damage":37,"enemies":"The Guardian","floor":16,"turns":9}],"seed_played":"-4892287218265657272","potions_obtained":[{"floor":4,"key":"Block Potion"},{"floor":5,"key":"Explosive Potion"}],"is_trial":false,"path_per_floor":["M","?","M","M","M","R","?","E","T","?","R","?","E","$","R","B"],"character_chosen":"THE_SILENT","items_purchased":["Oddly Smooth Stone"],"campfire_rested":1,"item_purchase_floors":[14],"current_hp_per_floor":[51,31,30,28,18,37,53,47,47,47,47,47,40,40,40,3],"gold":26,"neow_bonus":"RANDOM_COMMON_RELIC","is_prod":false,"is_daily":false,"chose_seed":false,"campfire_upgraded":2,"win_rate":0,"timestamp":1558337191,"path_taken":["M","?","M","M","M","R","?","E","T","?","R","?","E","$","R","BOSS"],"build_version":"2019-01-23","purchased_purges":0,"victory":false,"max_hp_per_floor":[66,66,66,66,66,66,66,66,66,66,66,60,60,60,60,60],"card_choices":[{"not_picked":["Blade Dance","Distraction"],"picked":"Skewer","floor":1},{"not_picked":["Sucker Punch","Dagger Throw"],"picked":"Flying Knee","floor":3},{"not_picked":["Flying Knee","Poisoned Stab"],"picked":"Dagger Spray","floor":4},{"not_picked":["Heel Hook","Deflect"],"picked":"Calculated Gamble","floor":8},{"not_picked":["Leg Sweep","Blur"],"picked":"Wraith Form v2","floor":13}],"player_experience":933373,"relics_obtained":[{"floor":8,"key":"Juzu Bracelet"},{"floor":9,"key":"Vajra"},{"floor":13,"key":"Regal Pillow"}],"event_choices":[{"damage_healed":0,"gold_gain":0,"player_choice":"Entered Light","damage_taken":20,"max_hp_gain":0,"max_hp_loss":0,"event_name":"Shining Light","floor":2,"gold_loss":0,"cards_upgraded":["Strike_G","Skewer"]},{"damage_healed":16,"gold_gain":0,"player_choice":"Healed","damage_taken":0,"max_hp_gain":0,"max_hp_loss":0,"event_name":"The Cleric","floor":7,"gold_loss":35},{"damage_healed":0,"gold_gain":0,"player_choice":"Searched \u00271\u0027 times","damage_taken":0,"relics_obtained":["Matryoshka"],"max_hp_gain":0,"max_hp_loss":0,"event_name":"Dead Adventurer","floor":10,"gold_loss":0},{"damage_healed":0,"gold_gain":0,"player_choice":"Lose Max HP","damage_taken":0,"relics_obtained":["Golden Idol"],"max_hp_gain":0,"max_hp_loss":6,"event_name":"Golden Idol","floor":12,"gold_loss":0}],"is_beta":false,"boss_relics":[],"items_purged_floors":[],"is_endless":false,"potions_floor_spawned":[4,5],"killed_by":"The Guardian","ascension_level":19}