{"gold_per_floor":[118,133,58,78,95,95,114,149,176,187,187,187,207,240,240,240],"floor_reached":16,"playtime":721,"items_purged":["Strike_G"],"score":228,"play_id":"32e88f07-8d3b-453e-863f-df5440f909b5","local_time":"20190716012920","is_ascension_mode":true,"campfire_choices":[{"data":"Deadly Poison","floor":6.0,"key":"SMITH"},{"data":"Neutralize","floor":12.0,"key":"SMITH"},{"data":"Dagger Spray","floor":15.0,"key":"SMITH"}],"neow_cost":"NONE","seed_source_timestamp":258081973721700,"circlet_count":0,"master_deck":["AscendersBane","Strike_G","Strike_G","Strike_G","Strike_G","Defend_G","Defend_G","Defend_G","Defend_G+1","Defend_G","Survivor+1","Neutralize+1","Deadly Poison+1","Dash","Deflect","Backflip","Dagger Spray+1"],"special_seed":0,"relics":["Ring of the Snake","NeowsBlessing","War Paint","Oddly Smooth Stone","Calipers","Ancient Tea Set"],"potions_floor_usage":[],"damage_taken":[{"damage":0.0,"enemies":"Cultist","floor":1.0,"turns":1.0},{"damage":0.0,"enemies":"Jaw Worm","floor":2.0,"turns":1.0},{"damage":0.0,"enemies":"Small Slimes","floor":4.0,"turns":1.0},{"damage":19.0,"enemies":"Exordium Thugs","floor":5.0,"turns":6.0},{"damage":0.0,"enemies":"3 Louse","floor":7.0,"turns":5.0},{"damage":17.0,"enemies":"Lagavulin","floor":8.0,"turns":10.0},{"damage":0.0,"enemies":"2 Fungi Beasts","floor":10.0,"turns":4.0},{"damage":0.0,"enemies":"Blue Slaver","floor":13.0,"turns":4.0},{"damage":22.0,"enemies":"3 Sentries","floor":14.0,"turns":10.0},{"damage":37,"enemies":"Slime Boss","floor":16,"turns":8}],"seed_played":"3108648906360025444","potions_obtained":[{"floor":5.0,"key":"SmokeBomb"},{"floor":7.0,"key":"Fruit Juice"},{"floor":8.0,"key":"SkillPotion"},{"floor":13.0,"key":"FairyPotion"}],"is_trial":false,"path_per_floor":["M","M","$","M","M","R","M","E","T","M","T","R","M","E","R","B"],"character_chosen":"THE_SILENT","items_purchased":[],"campfire_rested":0,"item_purchase_floors":[],"current_hp_per_floor":[59,59,59,59,40,40,45,28,28,28,28,28,28,6,6,0],"gold":240,"neow_bonus":"THREE_ENEMY_KILL","is_prod":false,"is_daily":false,"chose_seed":false,"campfire_upgraded":3,"win_rate":0,"timestamp":1563208160,"path_taken":["M","M","$","M","M","R","M","E","T","M","?","R","M","E","R","BOSS"],"build_version":"2019-07-05","purchased_purges":1,"victory":false,"max_hp_per_floor":[66,66,66,66,66,66,71,71,71,71,71,71,71,71,71,71],"card_choices":[{"not_picked":["Sucker Punch","Poisoned Stab"],"picked":"Deadly Poison","floor":1.0},{"not_picked":["Setup","Deflect"],"picked":"Dash","floor":2.0},{"not_picked":["Deadly Poison","Riddle With Holes"],"picked":"Deflect","floor":4.0},{"not_picked":["Bane","Cloak And Dagger","PiercingWail"],"picked":"SKIP","floor":5.0},{"not_picked":["Expertise","Sucker Punch","Dash"],"picked":"SKIP","floor":7.0},{"not_picked":["Concentrate","Doppelganger"],"picked":"Backflip","floor":8.0},{"not_picked":["Blade Dance","Quick Slash","Cloak And Dagger"],"picked":"SKIP","floor":10.0},{"not_picked":["Flying Knee","PiercingWail"],"picked":"Dagger Spray","floor":13.0},{"not_picked":["Cloak And Dagger","Backflip","Flying Knee"],"picked":"SKIP","floor":14.0}],"player_experience":1056712,"relics_obtained":[{"floor":8.0,"key":"War Paint"},{"floor":9.0,"key":"Oddly Smooth Stone"},{"floor":11.0,"key":"Calipers"},{"floor":14.0,"key":"Ancient Tea Set"}],"event_choices":[],"is_beta":false,"boss_relics":[],"items_purged_floors":[3],"is_endless":false,"potions_floor_spawned":[5,7,8,13],"killed_by":"Slime Boss","ascension_level":20}