{"gold_per_floor":[116,129,198,198,148,180,70,97,97,109,138,149,7,7,7,110,110,126,41,41,52,52,52,79,12,12,12,24,24,24,48,48,144,144,156,156,106,122,137,137,147,147,219,244,32,32,57,72,72,72,72,72,42,67,67],"floor_reached":55,"playtime":4253,"items_purged":["Defend_G"],"score":764,"play_id":"a42b44e2-091e-42d4-898a-1b1aba042433","local_time":"20181222191234","is_ascension_mode":false,"campfire_choices":[{"floor":15,"key":"REST"},{"floor":23,"key":"REST"},{"floor":29,"key":"RECALL"},{"floor":32,"key":"REST"},{"floor":40,"key":"DIG"},{"floor":42,"key":"DIG"},{"floor":46,"key":"DIG"},{"floor":49,"key":"DIG"},{"floor":52,"key":"DIG"}],"neow_cost":"NONE","seed_source_timestamp":4992765008746,"circlet_count":0,"master_deck":["Defend_G+1","Defend_G+1","Defend_G+1","Strike_G+1","Strike_G+1","Strike_G+1","Strike_G+1","Strike_G+1","Survivor","Neutralize","Backstab","Cloak And Dagger","After Image+1","Dash","Accuracy+1","Blade Dance","Cloak And Dagger","Bandage Up","Die Die Die","Cloak And Dagger","Infinite Blades+1","Die Die Die","Bandage Up","Neutralize","Cloak And Dagger+1","Cloak And Dagger","Slice+1","Infinite Blades+1","Jack Of All Trades","Accuracy+1"],"relics":["Ring of the Snake","Frozen Egg 2","Bottled Flame","Regal Pillow","Shovel","Eternal Feather","Vajra","Boot","Shuriken","Enchiridion","Oddly Smooth Stone","Singing Bowl","Dream Catcher","Ornamental Fan","The Courier","Anchor","Bag of Marbles","Bird Faced Urn","Bottled Lightning","Bronze Scales"],"potions_floor_usage":[1,6,6,6,8,12,16,24,33,38,44,54,54,55],"damage_taken":[{"damage":0,"enemies":"Jaw Worm","floor":1,"turns":3},{"damage":0,"enemies":"2 Louse","floor":2,"turns":3},{"damage":9,"enemies":"Lagavulin","floor":6,"turns":6},{"damage":3,"enemies":"Gremlin Nob","floor":8,"turns":4},{"damage":0,"enemies":"Small Slimes","floor":10,"turns":3},{"damage":22,"enemies":"Lagavulin","floor":11,"turns":12},{"damage":0,"enemies":"3 Louse","floor":12,"turns":4},{"damage":37,"enemies":"Slime Boss","floor":16,"turns":16},{"damage":11,"enemies":"Spheric Guardian","floor":18,"turns":5},{"damage":14,"enemies":"Colosseum Slavers","floor":20,"turns":4},{"damage":6,"enemies":"2 Thieves","floor":21,"turns":4},{"damage":22,"enemies":"Slavers","floor":24,"turns":5},{"damage":5,"enemies":"Snake Plant","floor":28,"turns":4},{"damage":52,"enemies":"Collector","floor":33,"turns":10},{"damage":12,"enemies":"3 Shapes","floor":35,"turns":3},{"damage":0,"enemies":"3 Darklings","floor":38,"turns":4},{"damage":19,"enemies":"4 Shapes","floor":39,"turns":4},{"damage":1,"enemies":"Maw","floor":41,"turns":7},{"damage":4,"enemies":"Reptomancer","floor":44,"turns":6},{"damage":10,"enemies":"Nemesis","floor":47,"turns":5},{"damage":0,"enemies":"Transient","floor":48,"turns":5},{"damage":45,"enemies":"Time Eater","floor":50,"turns":11},{"damage":40,"enemies":"Shield and Spear","floor":54,"turns":5},{"damage":90,"enemies":"The Heart","floor":55,"turns":5}],"seed_played":"7269290555149003828","potions_obtained":[{"floor":0,"key":"FearPotion"},{"floor":0,"key":"Swift Potion"},{"floor":0,"key":"FearPotion"},{"floor":1,"key":"Block Potion"},{"floor":6,"key":"Poison Potion"},{"floor":11,"key":"Regen Potion"},{"floor":21,"key":"LiquidBronze"},{"floor":28,"key":"Weak Potion"},{"floor":39,"key":"Block Potion"},{"floor":47,"key":"Fire Potion"}],"is_trial":false,"path_per_floor":["M","M","?","?","?","E","$","E","T","M","E","M","$","T","R","B",null,"M","?","?","M","?","R","E","$","T","$","M","R","?","T","R","B",null,"M","?","$","M","M","R","M","R","T","E","$","R","E","M","R","B",null,"R","$","E","B"],"character_chosen":"THE_SILENT","items_purchased":["Dash","Bandage Up","AttackPotion","Infinite Blades+1","AttackPotion","Infinite Blades+1","Strength Potion","Fire Potion","Jack Of All Trades","Accuracy+1"],"campfire_rested":3,"item_purchase_floors":[7,13,13,25,37,45,45,45,45,53],"current_hp_per_floor":[70,70,70,70,70,61,61,58,58,58,36,48,48,48,70,37,70,59,59,49,47,47,70,52,52,52,52,51,63,47,47,70,22,70,62,62,62,70,55,70,70,70,70,72,72,72,72,76,76,40,76,76,76,42,0],"gold":67,"neow_bonus":"THREE_SMALL_POTIONS","is_prod":false,"is_daily":false,"chose_seed":false,"campfire_upgraded":0,"win_rate":0,"timestamp":1545498754,"path_taken":["M","M","?","?","?","E","?","E","T","M","E","M","$","?","R","BOSS","M","?","?","M","?","R","E","$","T","?","M","R","?","?","R","BOSS","M","?","$","M","M","R","M","R","T","E","$","R","E","M","R","BOSS","R","$","E","BOSS"],"build_version":"2018-12-20","purchased_purges":1,"victory":false,"max_hp_per_floor":[70,70,70,70,70,70,70,70,70,70,70,70,70,70,70,70,70,70,70,70,70,70,70,70,70,70,70,70,70,70,70,70,70,70,70,70,70,70,70,70,70,70,70,72,72,72,74,76,76,76,76,76,76,78,78],"card_choices":[{"not_picked":["Predator","Venomology"],"picked":"Backstab","floor":1},{"not_picked":["Leg Sweep","Underhanded Strike"],"picked":"Cloak And Dagger","floor":2},{"not_picked":["Bane","Blur"],"picked":"After Image","floor":6},{"not_picked":["PiercingWail","Prepared","Eviscerate"],"picked":"SKIP","floor":8},{"not_picked":["Bane","Heel Hook"],"picked":"Accuracy+1","floor":10},{"not_picked":["Wraith Form v2+1","Poisoned Stab"],"picked":"Blade Dance","floor":11},{"not_picked":["Crippling Poison","Calculated Gamble"],"picked":"Cloak And Dagger","floor":12},{"not_picked":["Burst","Unload"],"picked":"Die Die Die","floor":16},{"not_picked":["Dagger Spray","Concentrate","Acrobatics"],"picked":"SKIP","floor":18},{"not_picked":["Predator+1","Dodge and Roll","Dagger Throw"],"picked":"SKIP","floor":21},{"not_picked":["Dagger Spray","Dash+1"],"picked":"Cloak And Dagger","floor":24},{"not_picked":["Endless Agony+1","Deadly Poison","Reflex"],"picked":"SKIP","floor":28},{"not_picked":["Unload","Adrenaline"],"picked":"Die Die Die","floor":33},{"not_picked":["Slice+1","Poisoned Stab","Deflect+1"],"picked":"SKIP","floor":35},{"not_picked":["Blade Dance","Backflip"],"picked":"Cloak And Dagger+1","floor":38},{"not_picked":["Leg Sweep+1","Setup"],"picked":"Cloak And Dagger","floor":39},{"not_picked":["Envenom+1","Catalyst"],"picked":"Slice+1","floor":41},{"not_picked":["Dash+1","Well Laid Plans+1","Bouncing Flask+1"],"picked":"Singing Bowl","floor":44},{"not_picked":["Noxious Fumes+1","Outmaneuver","Backstab"],"picked":"Singing Bowl","floor":47},{"not_picked":["Catalyst","Concentrate+1","Tactician+1"],"picked":"Singing Bowl","floor":48},{"not_picked":["Acrobatics+1","Prepared","Dagger Throw"],"picked":"Singing Bowl","floor":54}],"player_experience":859537,"relics_obtained":[{"floor":6,"key":"Frozen Egg 2"},{"floor":8,"key":"Bottled Flame"},{"floor":9,"key":"Regal Pillow"},{"floor":11,"key":"Shovel"},{"floor":24,"key":"Boot"},{"floor":26,"key":"Shuriken"},{"floor":30,"key":"Enchiridion"},{"floor":31,"key":"Oddly Smooth Stone"},{"floor":40,"key":"Singing Bowl"},{"floor":42,"key":"Dream Catcher"},{"floor":43,"key":"Ornamental Fan"},{"floor":44,"key":"The Courier"},{"floor":46,"key":"Anchor"},{"floor":47,"key":"Bag of Marbles"},{"floor":49,"key":"Bird Faced Urn"},{"floor":52,"key":"Bottled Lightning"},{"floor":54,"key":"Bronze Scales"}],"event_choices":[{"damage_healed":0,"gold_gain":69,"player_choice":"Gained Gold","damage_taken":0,"max_hp_gain":0,"max_hp_loss":0,"event_name":"Golden Wing","floor":3,"gold_loss":0},{"damage_healed":0,"gold_gain":0,"player_choice":"Ignored","damage_taken":0,"max_hp_gain":0,"max_hp_loss":0,"event_name":"Shining Light","floor":4,"gold_loss":0},{"cards_removed":["Defend_G"],"damage_healed":0,"gold_gain":0,"player_choice":"Card Removal","damage_taken":0,"max_hp_gain":0,"max_hp_loss":0,"event_name":"The Cleric","floor":5,"gold_loss":50},{"damage_healed":0,"gold_gain":0,"player_choice":"Obtained Relic","damage_taken":0,"relics_obtained":["Vajra"],"max_hp_gain":0,"max_hp_loss":0,"event_name":"Addict","floor":19,"gold_loss":85},{"damage_healed":0,"gold_gain":0,"player_choice":"Fight","damage_taken":0,"max_hp_gain":0,"max_hp_loss":0,"event_name":"Colosseum","floor":20,"gold_loss":0},{"damage_healed":0,"gold_gain":0,"player_choice":"Fled From Nobs","damage_taken":0,"max_hp_gain":0,"max_hp_loss":0,"event_name":"Colosseum","floor":20,"gold_loss":0},{"damage_healed":0,"gold_gain":0,"player_choice":"Simplicity","damage_taken":0,"max_hp_gain":0,"max_hp_loss":0,"event_name":"Back to Basics","floor":22,"gold_loss":0,"cards_upgraded":["Defend_G","Defend_G","Defend_G","Strike_G","Strike_G","Strike_G","Strike_G","Strike_G"]},{"damage_healed":0,"gold_gain":0,"player_choice":"Obtained Book","damage_taken":16,"max_hp_gain":0,"max_hp_loss":0,"event_name":"Cursed Tome","floor":30,"gold_loss":0},{"damage_healed":0,"gold_gain":0,"player_choice":"2 cards matched","damage_taken":0,"max_hp_gain":0,"max_hp_loss":0,"event_name":"Match and Keep!","floor":36,"gold_loss":0,"cards_obtained":["Bandage Up","Neutralize"]}],"is_beta":false,"boss_relics":[{"not_picked":["Philosopher\u0027s Stone","HoveringKite"],"picked":"Eternal Feather"},{"not_picked":["Coffee Dripper","Empty Cage","Runic Dome"]}],"items_purged_floors":[7],"is_endless":false,"potions_floor_spawned":[1,6,11,21,28,39,47,48],"killed_by":"The Heart","ascension_level":0}