{"gold_per_floor":[110,110,110,9,21,21,35,68,98,98,98],"floor_reached":11,"playtime":190,"items_purged":["Strike_R"],"score":142,"play_id":"36cb4153-07e1-42a4-af5d-0c949e0bb7f6","local_time":"20190610215958","is_ascension_mode":true,"campfire_choices":[{"data":"Body Slam","floor":6,"key":"SMITH"},{"data":"Fiend Fire","floor":10,"key":"SMITH"}],"neow_cost":"NONE","seed_source_timestamp":202430263564800,"circlet_count":0,"master_deck":["AscendersBane","Strike_R","Strike_R+1","Strike_R+1","Strike_R","Defend_R","Defend_R","Defend_R","Defend_R","Bash","Anger","Body Slam+1","Shrug It Off","Fiend Fire+1","Entrench"],"relics":["Burning Blood","NeowsBlessing","FaceOfCleric","Question Card","Tiny Chest"],"potions_floor_usage":[8],"damage_taken":[{"damage":0,"enemies":"Jaw Worm","floor":1,"turns":1},{"damage":0,"enemies":"2 Louse","floor":5,"turns":1},{"damage":0,"enemies":"Cultist","floor":7,"turns":1},{"damage":25,"enemies":"Lagavulin","floor":8,"turns":6},{"damage":42,"enemies":"3 Sentries","floor":11,"turns":8}],"seed_played":"2351795879357111796","potions_obtained":[{"floor":7,"key":"Swift Potion"}],"is_trial":false,"path_per_floor":["M","?","?","$","M","R","M","E","T","R","E"],"character_chosen":"IRONCLAD","items_purchased":["Body Slam"],"campfire_rested":0,"item_purchase_floors":[4],"current_hp_per_floor":[74,51,51,51,58,58,65,47,47,47,5],"gold":98,"neow_bonus":"THREE_ENEMY_KILL","is_prod":false,"is_daily":false,"chose_seed":false,"campfire_upgraded":2,"win_rate":0,"timestamp":1560171598,"path_taken":["M","?","?","$","?","R","?","E","T","R","E"],"build_version":"2019-01-23","purchased_purges":1,"victory":false,"max_hp_per_floor":[75,75,75,75,76,76,77,78,78,78,78],"card_choices":[{"not_picked":["Clash","Clothesline"],"picked":"Anger","floor":1},{"not_picked":["Perfected Strike","Combust"],"picked":"Shrug It Off","floor":5},{"not_picked":["Iron Wave","Second Wind"],"picked":"Fiend Fire","floor":7},{"not_picked":["Warcry","Clothesline"],"picked":"Entrench","floor":8}],"player_experience":566338,"relics_obtained":[{"floor":8,"key":"Question Card"},{"floor":9,"key":"Tiny Chest"}],"event_choices":[{"damage_healed":0,"gold_gain":0,"player_choice":"Entered Light","damage_taken":23,"max_hp_gain":0,"max_hp_loss":0,"event_name":"Shining Light","floor":2,"gold_loss":0,"cards_upgraded":["Strike_R","Strike_R"]},{"damage_healed":0,"gold_gain":0,"player_choice":"Trade","damage_taken":0,"relics_obtained":["FaceOfCleric"],"max_hp_gain":0,"max_hp_loss":0,"event_name":"FaceTrader","floor":3,"gold_loss":0}],"is_beta":false,"boss_relics":[],"items_purged_floors":[4],"is_endless":false,"potions_floor_spawned":[7],"killed_by":"3 Sentries","ascension_level":20}