{"gold_per_floor":[109,127,140,154,154,183,183,216,216,216,216,141,170,170,170,170],"floor_reached":16,"playtime":506,"items_purged":["Strike_R"],"score":236,"play_id":"b7e99f83-b9e0-487d-871a-acc2e3153319","local_time":"20190725084531","is_ascension_mode":true,"campfire_choices":[{"data":"Uppercut","floor":7,"key":"SMITH"},{"data":"Pommel Strike","floor":11,"key":"SMITH"},{"data":"Metallicize","floor":15,"key":"SMITH"}],"neow_cost":"PERCENT_DAMAGE","seed_source_timestamp":494288955401000,"circlet_count":0,"master_deck":["AscendersBane","Strike_R","Strike_R","Strike_R","Strike_R","Defend_R","Defend_R","Defend_R","Defend_R","Bash+1","Pommel Strike+1","Metallicize+1","Uppercut+1","Feed","Shrug It Off","Seeing Red"],"relics":["Burning Blood","Champion Belt","Thread and Needle","Pear","Vajra"],"potions_floor_usage":[16,16],"damage_taken":[{"damage":3,"enemies":"Cultist","floor":1,"turns":4},{"damage":4,"enemies":"Small Slimes","floor":2,"turns":4},{"damage":2,"enemies":"Jaw Worm","floor":3,"turns":4},{"damage":17,"enemies":"3 Louse","floor":4,"turns":6},{"damage":40,"enemies":"Lagavulin","floor":6,"turns":9},{"damage":17,"enemies":"Gremlin Nob","floor":8,"turns":4},{"damage":14,"enemies":"3 Sentries","floor":13,"turns":9},{"damage":38,"enemies":"Hexaghost","floor":16,"turns":11}],"seed_played":"-1721954007159987169","potions_obtained":[{"floor":4,"key":"SpeedPotion"},{"floor":13,"key":"Explosive Potion"}],"is_trial":false,"path_per_floor":["M","M","M","M","?","E","R","E","T","?","R","$","E","?","R","B"],"character_chosen":"IRONCLAD","items_purchased":[],"campfire_rested":0,"item_purchase_floors":[],"current_hp_per_floor":[53,55,59,48,73,39,39,41,41,41,41,41,36,36,36,0],"gold":170,"neow_bonus":"ONE_RARE_RELIC","is_prod":false,"is_daily":false,"chose_seed":false,"campfire_upgraded":3,"win_rate":0,"timestamp":1564011931,"path_taken":["M","M","M","M","?","E","R","E","T","?","R","?","E","?","R","BOSS"],"build_version":"2019-07-17","purchased_purges":1,"victory":false,"max_hp_per_floor":[75,75,75,75,75,75,75,88,88,88,88,88,91,91,91,91],"card_choices":[{"not_picked":["Heavy Blade","Headbutt"],"picked":"Pommel Strike","floor":1},{"not_picked":["Heavy Blade","Headbutt"],"picked":"Metallicize","floor":2},{"not_picked":["Havoc","Iron Wave"],"picked":"Uppercut","floor":3},{"not_picked":["Flex","Warcry","Infernal Blade"],"picked":"SKIP","floor":4},{"not_picked":["Twin Strike","Whirlwind"],"picked":"Feed","floor":6},{"not_picked":["Iron Wave","Uppercut"],"picked":"Shrug It Off","floor":8},{"not_picked":["Blood for Blood","Armaments"],"picked":"Seeing Red","floor":13}],"player_experience":1190826,"relics_obtained":[{"floor":6,"key":"Thread and Needle"},{"floor":8,"key":"Pear"},{"floor":13,"key":"Vajra"}],"event_choices":[{"damage_healed":25,"gold_gain":0,"player_choice":"Banana","damage_taken":0,"max_hp_gain":0,"max_hp_loss":0,"event_name":"Big Fish","floor":5,"gold_loss":0},{"damage_healed":0,"gold_gain":0,"player_choice":"Ignored","damage_taken":0,"max_hp_gain":0,"max_hp_loss":0,"event_name":"Liars Game","floor":10,"gold_loss":0},{"damage_healed":0,"gold_gain":0,"player_choice":"Forge","damage_taken":0,"max_hp_gain":0,"max_hp_loss":0,"event_name":"Accursed Blacksmith","floor":14,"gold_loss":0,"cards_upgraded":["Bash"]}],"is_beta":false,"boss_relics":[],"items_purged_floors":[12],"is_endless":false,"potions_floor_spawned":[4,13],"killed_by":"Hexaghost","ascension_level":20}