{"gold_per_floor":[111,111,122,138,185,219,219,245,268,288,307,334,346,385,397,409],"floor_reached":16,"playtime":448,"items_purged":[],"score":260,"play_id":"304cfdd8-554f-4f1c-bf44-ee313bf73251","local_time":"20190723190350","is_ascension_mode":true,"campfire_choices":[{"data":"Bash","floor":7,"key":"SMITH"},{"data":"Evolve","floor":13,"key":"SMITH"},{"data":"Rampage","floor":15,"key":"SMITH"}],"neow_cost":"NONE","seed_source_timestamp":358642362982000,"circlet_count":0,"master_deck":["AscendersBane","Strike_R","Strike_R","Strike_R","Strike_R","Strike_R+1","Defend_R","Defend_R","Defend_R+1","Defend_R","Bash+1","Evolve+1","Wild Strike+1","Rage+1","Rampage+1","Second Wind","Feel No Pain","Burning Pact"],"relics":["Burning Blood","NeowsBlessing","Smiling Mask","Lantern","Pear","War Paint","Whetstone","MawBank","Boot"],"potions_floor_usage":[8,14,16],"damage_taken":[{"damage":0,"enemies":"Small Slimes","floor":1,"turns":1},{"damage":0,"enemies":"Cultist","floor":3,"turns":1},{"damage":0,"enemies":"2 Louse","floor":4,"turns":2},{"damage":40,"enemies":"3 Sentries","floor":6,"turns":11},{"damage":8,"enemies":"Gremlin Nob","floor":8,"turns":3},{"damage":9,"enemies":"Lots of Slimes","floor":10,"turns":5},{"damage":0,"enemies":"Red Slaver","floor":11,"turns":2},{"damage":24,"enemies":"Lagavulin","floor":12,"turns":8},{"damage":8,"enemies":"Gremlin Nob","floor":14,"turns":3},{"damage":23,"enemies":"Hexaghost","floor":16,"turns":7}],"seed_played":"-5723468601304363147","potions_obtained":[{"floor":1,"key":"Strength Potion"},{"floor":4,"key":"SteroidPotion"},{"floor":8,"key":"Strength Potion"},{"floor":14,"key":"Energy Potion"}],"is_trial":false,"path_per_floor":["M","?","M","M","T","E","R","E","T","M","M","E","R","E","R","B"],"character_chosen":"IRONCLAD","items_purchased":[],"campfire_rested":0,"item_purchase_floors":[],"current_hp_per_floor":[74,74,75,75,75,51,51,49,49,46,52,34,34,32,32,9],"gold":409,"neow_bonus":"THREE_ENEMY_KILL","is_prod":false,"is_daily":false,"chose_seed":false,"campfire_upgraded":3,"win_rate":0,"timestamp":1563876230,"path_taken":["M","?","?","M","?","E","R","E","T","M","M","E","R","E","R","BOSS"],"build_version":"2019-07-17","purchased_purges":0,"victory":false,"max_hp_per_floor":[75,75,75,75,75,85,85,85,85,85,85,85,85,85,85,85],"card_choices":[{"not_picked":["Anger","Corruption"],"picked":"Evolve","floor":1},{"not_picked":["Warcry","Rage","Wild Strike"],"picked":"SKIP","floor":3},{"not_picked":["Warcry","Rage"],"picked":"Wild Strike","floor":3},{"not_picked":["Wild Strike","Clothesline","Pummel"],"picked":"SKIP","floor":4},{"not_picked":["Headbutt","Iron Wave","Thunderclap"],"picked":"SKIP","floor":6},{"not_picked":["True Grit","Pummel"],"picked":"Rage","floor":8},{"not_picked":["Warcry","Berserk"],"picked":"Rampage","floor":10},{"not_picked":["Searing Blow","Warcry"],"picked":"Second Wind","floor":11},{"not_picked":["Thunderclap","Havoc"],"picked":"Feel No Pain","floor":12},{"not_picked":["Rage","Twin Strike"],"picked":"Burning Pact","floor":14}],"player_experience":1151016,"relics_obtained":[{"floor":5,"key":"Lantern"},{"floor":6,"key":"Pear"},{"floor":8,"key":"War Paint"},{"floor":9,"key":"Whetstone"},{"floor":12,"key":"MawBank"},{"floor":14,"key":"Boot"}],"event_choices":[{"damage_healed":0,"gold_gain":0,"player_choice":"Gave Potion","damage_taken":0,"relics_obtained":["Smiling Mask"],"max_hp_gain":0,"max_hp_loss":0,"event_name":"WeMeetAgain","floor":2,"gold_loss":0}],"is_beta":false,"boss_relics":[],"items_purged_floors":[],"is_endless":false,"potions_floor_spawned":[1,4,8,14],"killed_by":"Hexaghost","ascension_level":20}