{"gold_per_floor":[115,115,115,115,131,131,161,161,212,212,212,212,223,248,248,319,319,335,335,335,355,369,369,123,123,198,198,213,138,138,168,168,243,243,257,270,282,282,301,327,327,343,343,343,354,354,382,396,396,396,396,396,396,38,72,72],"floor_reached":57,"playtime":2489,"items_purged":["Pain","Strike_G"],"score":2851,"play_id":"cefb1a5c-509a-4b57-a9e9-9e33c7a4bde5","local_time":"20190716192205","is_ascension_mode":true,"campfire_choices":[{"data":"Deadly Poison","floor":6.0,"key":"SMITH"},{"data":"Poisoned Stab","floor":8.0,"key":"SMITH"},{"data":"Neutralize","floor":12.0,"key":"SMITH"},{"data":"Backflip","floor":15.0,"key":"SMITH"},{"data":"Bouncing Flask","floor":23.0,"key":"SMITH"},{"data":"Bouncing Flask","floor":25.0,"key":"SMITH"},{"data":"Acrobatics","floor":27.0,"key":"SMITH"},{"data":"Dash","floor":32.0,"key":"SMITH"},{"data":"Wraith Form v2","floor":41.0,"key":"SMITH"},{"data":"Predator","floor":44.0,"key":"SMITH"},{"floor":46.0,"key":"RECALL"},{"floor":49.0,"key":"REST"},{"data":"After Image","floor":53,"key":"SMITH"}],"neow_cost":"NONE","seed_source_timestamp":319980621662200,"circlet_count":0,"master_deck":["AscendersBane","Strike_G+1","Defend_G","Defend_G","Defend_G","Defend_G+1","Defend_G","Survivor","Neutralize+1","Deadly Poison+1","Poisoned Stab+1","Acrobatics+1","Backflip+1","PiercingWail","Bullet Time","Eviscerate+1","Bouncing Flask+1","Riddle With Holes","Bouncing Flask+1","Envenom","Dash+1","Wraith Form v2+1","Backflip+1","Predator+1","Envenom","Crippling Poison","Bouncing Flask+1","Acrobatics","After Image+1","Tools of the Trade","Well Laid Plans","Catalyst+1"],"special_seed":0,"relics":["Ring of the Snake","NeowsBlessing","Pocketwatch","Potion Belt","Snake Skull","Snecko Eye","WarpedTongs","Bag of Preparation","Happy Flower","Orrery","Lantern","Bottled Tornado","Shuriken","Oddly Smooth Stone","Mango"],"potions_floor_usage":[51,56,56,56,56],"damage_taken":[{"damage":0.0,"enemies":"Small Slimes","floor":1.0,"turns":1.0},{"damage":0.0,"enemies":"2 Louse","floor":5.0,"turns":1.0},{"damage":0.0,"enemies":"3 Sentries","floor":7.0,"turns":2.0},{"damage":0.0,"enemies":"Jaw Worm","floor":13.0,"turns":3.0},{"damage":7.0,"enemies":"Lagavulin","floor":14.0,"turns":6.0},{"damage":0.0,"enemies":"The Guardian","floor":16.0,"turns":8.0},{"damage":0.0,"enemies":"Spheric Guardian","floor":18.0,"turns":3.0},{"damage":5.0,"enemies":"3 Byrds","floor":21.0,"turns":5.0},{"damage":10.0,"enemies":"Snecko","floor":22.0,"turns":3.0},{"damage":0.0,"enemies":"Centurion and Healer","floor":28.0,"turns":3.0},{"damage":4.0,"enemies":"Gremlin Leader","floor":31.0,"turns":4.0},{"damage":4.0,"enemies":"Collector","floor":33.0,"turns":5.0},{"damage":0.0,"enemies":"3 Darklings","floor":35.0,"turns":3.0},{"damage":0.0,"enemies":"Orb Walker","floor":36.0,"turns":3.0},{"damage":0.0,"enemies":"4 Shapes","floor":37.0,"turns":3.0},{"damage":0.0,"enemies":"Transient","floor":39.0,"turns":6.0},{"damage":19.0,"enemies":"Nemesis","floor":40.0,"turns":5.0},{"damage":0.0,"enemies":"3 Darklings","floor":42.0,"turns":3.0},{"damage":11.0,"enemies":"Writhing Mass","floor":45.0,"turns":4.0},{"damage":2.0,"enemies":"Reptomancer","floor":47.0,"turns":4.0},{"damage":0.0,"enemies":"Sphere and 2 Shapes","floor":48.0,"turns":4.0},{"damage":36.0,"enemies":"Awakened One","floor":50.0,"turns":10.0},{"damage":11,"enemies":"Time Eater","floor":51,"turns":7},{"damage":2,"enemies":"Shield and Spear","floor":55,"turns":5},{"damage":33,"enemies":"The Heart","floor":56,"turns":6}],"seed_played":"-3510369420856242377","potions_obtained":[{"floor":1.0,"key":"Fire Potion"},{"floor":7.0,"key":"Ancient Potion"},{"floor":14.0,"key":"AttackPotion"},{"floor":18.0,"key":"Poison Potion"},{"floor":21.0,"key":"GamblersBrew"},{"floor":22.0,"key":"Regen Potion"},{"floor":35.0,"key":"FearPotion"},{"floor":39.0,"key":"AttackPotion"},{"floor":42.0,"key":"Fire Potion"}],"is_trial":false,"path_per_floor":["M","?","?","?","M","R","E","R","T","?","?","R","M","E","R","B",null,"M","?","?","M","M","R","$","R","T","R","M","?","?","E","R","B",null,"M","M","M","?","M","E","R","M","T","R","M","R","E","M","R","B","B",null,"R","$","E","B",null],"character_chosen":"THE_SILENT","items_purchased":["Bag of Preparation","Oddly Smooth Stone","Well Laid Plans","Energy Potion"],"campfire_rested":1,"item_purchase_floors":[24,54,54,54],"current_hp_per_floor":[59,59,59,52,52,52,52,52,52,57,36,36,36,29,29,29,61,61,61,61,56,46,46,46,46,46,46,46,46,46,42,42,52,66,66,66,66,66,66,47,47,47,47,47,36,36,34,34,55,19,8,55,55,55,67,34],"gold":72,"neow_bonus":"THREE_ENEMY_KILL","is_prod":false,"is_daily":false,"chose_seed":false,"campfire_upgraded":11,"win_rate":0,"timestamp":1563272525,"path_taken":["M","?","?","?","M","R","E","R","T","?","?","R","?","E","R","BOSS","M","?","?","?","M","R","$","R","T","R","M","?","?","E","R","BOSS","M","M","?","?","M","E","R","M","T","R","M","R","E","M","R","BOSS","BOSS","R","$","E","BOSS"],"build_version":"2019-07-05","purchased_purges":2,"victory":true,"max_hp_per_floor":[66,66,66,66,66,66,66,66,66,71,71,71,71,71,71,71,71,71,71,71,71,71,71,71,71,71,71,71,71,71,71,71,71,71,71,71,71,71,71,71,71,71,71,71,71,71,71,71,71,71,71,71,71,71,85,85],"card_choices":[{"not_picked":["Caltrops","Riddle With Holes"],"picked":"Deadly Poison","floor":1.0},{"not_picked":["PiercingWail","Flying Knee","Prepared"],"picked":"SKIP","floor":5.0},{"not_picked":["Leg Sweep","Prepared"],"picked":"Acrobatics","floor":7.0},{"not_picked":["PiercingWail","Flying Knee"],"picked":"Backflip","floor":13.0},{"not_picked":["Acrobatics","Poisoned Stab"],"picked":"PiercingWail","floor":14.0},{"not_picked":["Phantasmal Killer","Unload"],"picked":"Bullet Time","floor":16.0},{"not_picked":["Sucker Punch","Blade Dance+1"],"picked":"Eviscerate","floor":18.0},{"not_picked":["Expertise","Outmaneuver"],"picked":"Riddle With Holes","floor":21.0},{"not_picked":["Poisoned Stab","Quick Slash"],"picked":"Bouncing Flask","floor":22.0},{"not_picked":["Cloak And Dagger","Dash"],"picked":"Envenom","floor":28.0},{"not_picked":["Eviscerate","Bane"],"picked":"Dash","floor":31.0},{"not_picked":["Tools of the Trade","Unload"],"picked":"Wraith Form v2","floor":33.0},{"not_picked":["Poisoned Stab","Dagger Throw"],"picked":"Backflip+1","floor":34.0},{"not_picked":["Sucker Punch+1","Deadly Poison"],"picked":"Predator","floor":34.0},{"not_picked":["Dagger Throw","Sucker Punch"],"picked":"Envenom","floor":34.0},{"not_picked":["Choke","Bane"],"picked":"Crippling Poison","floor":34.0},{"not_picked":["Underhanded Strike+1","Accuracy","Sucker Punch"],"picked":"SKIP","floor":35.0},{"not_picked":["Cloak And Dagger","Skewer+1"],"picked":"Bouncing Flask+1","floor":36.0},{"not_picked":["Concentrate+1","Deadly Poison","Terror"],"picked":"SKIP","floor":37.0},{"not_picked":["Backstab+1","Deflect","Backflip"],"picked":"SKIP","floor":39.0},{"not_picked":["Backstab+1","Deflect","Backflip"],"picked":"SKIP","floor":39.0},{"not_picked":["Terror","Bane"],"picked":"Acrobatics","floor":40.0},{"not_picked":["Acrobatics","Outmaneuver","Endless Agony"],"picked":"SKIP","floor":42.0},{"not_picked":["Acrobatics","Riddle With Holes"],"picked":"After Image","floor":45.0},{"not_picked":["Prepared","Tactician"],"picked":"Tools of the Trade","floor":47.0},{"not_picked":["Skewer","Prepared","Poisoned Stab"],"picked":"SKIP","floor":48.0},{"not_picked":["Skewer","Underhanded Strike"],"picked":"Catalyst+1","floor":55}],"player_experience":1066213,"relics_obtained":[{"floor":7.0,"key":"Pocketwatch"},{"floor":9.0,"key":"Potion Belt"},{"floor":14.0,"key":"Snake Skull"},{"floor":31.0,"key":"Happy Flower"},{"floor":40.0,"key":"Lantern"},{"floor":43.0,"key":"Bottled Tornado"},{"floor":47.0,"key":"Shuriken"},{"floor":55,"key":"Mango"}],"event_choices":[{"damage_healed":0.0,"max_hp_gain":0.0,"max_hp_loss":0.0,"gold_gain":0.0,"cards_transformed":["Strike_G"],"event_name":"Living Wall","player_choice":"Change","floor":2.0,"gold_loss":0.0,"damage_taken":0.0,"cards_obtained":["Poisoned Stab"]},{"damage_healed":0.0,"max_hp_gain":0.0,"max_hp_loss":0.0,"gold_gain":0.0,"event_name":"Liars Game","player_choice":"Ignored","floor":3.0,"gold_loss":0.0,"damage_taken":0.0},{"cards_removed":["Strike_G"],"damage_healed":0.0,"max_hp_gain":0.0,"max_hp_loss":0.0,"gold_gain":0.0,"event_name":"Golden Wing","player_choice":"Card Removal","floor":4.0,"gold_loss":0.0,"damage_taken":7.0},{"damage_healed":0.0,"max_hp_gain":5.0,"max_hp_loss":0.0,"gold_gain":0.0,"event_name":"Big Fish","player_choice":"Donut","floor":10.0,"gold_loss":0.0,"damage_taken":0.0},{"damage_healed":0.0,"max_hp_gain":0.0,"max_hp_loss":0.0,"gold_gain":0.0,"event_name":"Shining Light","player_choice":"Entered Light","floor":11.0,"gold_loss":0.0,"damage_taken":21.0,"cards_upgraded":["Strike_G","Defend_G"]},{"damage_healed":0.0,"max_hp_gain":0.0,"max_hp_loss":0.0,"gold_gain":0.0,"event_name":"The Library","player_choice":"Read","floor":19.0,"gold_loss":0.0,"damage_taken":0.0,"cards_obtained":["Bouncing Flask"]},{"damage_healed":0.0,"max_hp_gain":0.0,"max_hp_loss":0.0,"gold_gain":0.0,"event_name":"Accursed Blacksmith","player_choice":"Rummage","floor":20.0,"gold_loss":0.0,"damage_taken":0.0,"relics_obtained":["WarpedTongs"],"cards_obtained":["Pain"]},{"cards_removed":["Strike_G"],"damage_healed":0.0,"max_hp_gain":0.0,"max_hp_loss":0.0,"gold_gain":0.0,"event_name":"Beggar","player_choice":"Gave Gold","floor":29.0,"gold_loss":75.0,"damage_taken":0.0},{"damage_healed":0.0,"max_hp_gain":0.0,"max_hp_loss":0.0,"gold_gain":0.0,"event_name":"Upgrade Shrine","player_choice":"Upgraded","floor":30.0,"gold_loss":0.0,"damage_taken":0.0,"cards_upgraded":["Eviscerate"]},{"damage_healed":0.0,"max_hp_gain":0.0,"max_hp_loss":0.0,"gold_gain":0.0,"event_name":"Tomb of Lord Red Mask","player_choice":"Ignored","floor":38.0,"gold_loss":0.0,"damage_taken":0.0}],"is_beta":false,"boss_relics":[{"not_picked":["Philosopher\u0027s Stone","Lizard Tail"],"picked":"Snecko Eye"},{"not_picked":["WristBlade","Eternal Feather"],"picked":"Orrery"}],"items_purged_floors":[24,54],"is_endless":false,"potions_floor_spawned":[1,7,14,18,21,22,35,39,42],"ascension_level":20}