{"gold_per_floor":[119,68,79,97,97,127,147,147,147,165,165,175,200,86,86,190,190,201,201,201,5,21,21,38,66,120,120,120,120,131,144,144,144],"floor_reached":33,"playtime":1668,"items_purged":[],"score":393,"play_id":"f552a46f-9c0f-4141-9efb-ad8a647bc4a9","local_time":"20190606192459","is_ascension_mode":true,"campfire_choices":[{"data":"Bane","floor":8.0,"key":"SMITH"},{"floor":15.0,"key":"REST"},{"floor":23.0,"key":"REST"},{"floor":27.0,"key":"REST"},{"floor":29.0,"key":"REST"},{"floor":32.0,"key":"REST"}],"neow_cost":"NONE","seed_source_timestamp":966498559903803,"circlet_count":0,"master_deck":["Defend_G","Defend_G","Defend_G","Defend_G","Defend_G","Strike_G","Strike_G","Strike_G","Strike_G","Strike_G","Survivor","Neutralize+1","Bane+1","Flying Knee+1","Blade Dance+1","Deadly Poison+1","Storm of Steel+1","Bane+1","Footwork+1","Envenom+1","Terror+1","Endless Agony+1","Noxious Fumes+1","Poisoned Stab+1","Cloak And Dagger+1","Bane+1","Backstab+1","Poisoned Stab+1","Distraction+1","Deadly Poison+1","Infinite Blades+1"],"special_seed":0,"relics":["Ring of the Snake","Happy Flower","Frozen Egg 2","Toxic Egg 2","Molten Egg 2","Orrery","GremlinMask","Snake Skull","Centennial Puzzle","Anchor"],"potions_floor_usage":[33],"damage_taken":[{"damage":0.0,"enemies":"Cultist","floor":1.0,"turns":4.0},{"damage":11.0,"enemies":"Small Slimes","floor":3.0,"turns":4.0},{"damage":0.0,"enemies":"2 Louse","floor":4.0,"turns":2.0},{"damage":0.0,"enemies":"3 Sentries","floor":6.0,"turns":7.0},{"damage":1.0,"enemies":"Large Slime","floor":7.0,"turns":7.0},{"damage":17.0,"enemies":"Lots of Slimes","floor":10.0,"turns":7.0},{"damage":9.0,"enemies":"3 Louse","floor":12.0,"turns":3.0},{"damage":15.0,"enemies":"Gremlin Nob","floor":13.0,"turns":3.0},{"damage":15.0,"enemies":"Slime Boss","floor":16.0,"turns":7.0},{"damage":11.0,"enemies":"Spheric Guardian","floor":18.0,"turns":3.0},{"damage":11.0,"enemies":"2 Thieves","floor":22.0,"turns":3.0},{"damage":10.0,"enemies":"3 Cultists","floor":24.0,"turns":4.0},{"damage":32.0,"enemies":"Slavers","floor":25.0,"turns":4.0},{"damage":0.0,"enemies":"Colosseum Slavers","floor":28.0,"turns":3.0},{"damage":8.0,"enemies":"Snake Plant","floor":30.0,"turns":2.0},{"damage":32.0,"enemies":"Sentry and Sphere","floor":31.0,"turns":5.0},{"damage":48,"enemies":"Collector","floor":33,"turns":6}],"seed_played":"-8961325273976485015","potions_obtained":[{"floor":3.0,"key":"EntropicBrew"},{"floor":6.0,"key":"Regen Potion"},{"floor":10.0,"key":"PowerPotion"},{"floor":13.0,"key":"FearPotion"},{"floor":16.0,"key":"Explosive Potion"},{"floor":24.0,"key":"LiquidBronze"},{"floor":25.0,"key":"SkillPotion"},{"floor":30.0,"key":"Weak Potion"}],"is_trial":false,"path_per_floor":["M","$","M","M","?","E","M","R","T","M","?","M","E","$","R","B",null,"M","?","?","$","M","R","M","E","T","R","?","R","M","M","R","B"],"character_chosen":"THE_SILENT","items_purchased":["AttackPotion","Bane+1","Footwork+1","Snake Skull","AttackPotion"],"campfire_rested":5,"item_purchase_floors":[2,14,14,21,21],"current_hp_per_floor":[63,63,52,52,52,67,66,66,66,64,64,55,40,40,61,46,64,53,53,53,53,42,63,53,21,21,42,42,63,55,23,44,0],"gold":144,"neow_bonus":"RANDOM_COMMON_RELIC","is_prod":false,"is_daily":false,"chose_seed":false,"campfire_upgraded":1,"win_rate":0,"timestamp":1559838299,"path_taken":["M","$","M","?","?","E","M","R","T","M","?","?","E","$","R","BOSS","M","?","?","$","M","R","?","E","T","R","?","R","M","M","R","BOSS"],"build_version":"2019-01-23","purchased_purges":0,"victory":false,"max_hp_per_floor":[70,70,70,70,70,70,70,70,70,70,70,70,70,70,70,70,70,70,70,70,70,70,70,70,70,70,70,70,70,70,70,70,70],"card_choices":[{"not_picked":["Masterful Stab","Terror"],"picked":"Bane","floor":1.0},{"not_picked":["Choke","Riddle With Holes","Outmaneuver"],"picked":"SKIP","floor":3.0},{"not_picked":["Underhanded Strike","Riddle With Holes"],"picked":"Flying Knee","floor":4.0},{"not_picked":["Eviscerate","Calculated Gamble","Sucker Punch"],"picked":"SKIP","floor":6.0},{"not_picked":["Dagger Throw","Cloak And Dagger","Underhanded Strike"],"picked":"SKIP","floor":7.0},{"not_picked":["Sucker Punch","Dash"],"picked":"Blade Dance+1","floor":10.0},{"not_picked":["Catalyst+1","Leg Sweep+1"],"picked":"Deadly Poison+1","floor":12.0},{"not_picked":["Outmaneuver+1","Dagger Throw"],"picked":"Storm of Steel+1","floor":13.0},{"not_picked":["Wraith Form v2+1","Venomology+1"],"picked":"Envenom+1","floor":16.0},{"not_picked":["Reflex+1","Acrobatics+1"],"picked":"Terror+1","floor":17.0},{"not_picked":["Eviscerate+1","Dagger Throw+1"],"picked":"Endless Agony+1","floor":17.0},{"not_picked":["Prepared+1","Underhanded Strike+1"],"picked":"Noxious Fumes+1","floor":17.0},{"not_picked":["Leg Sweep+1","Dodge and Roll+1"],"picked":"Poisoned Stab+1","floor":17.0},{"not_picked":["Deflect+1","Flechettes+1"],"picked":"Cloak And Dagger+1","floor":17.0},{"not_picked":["Backflip+1","Sucker Punch+1"],"picked":"Bane+1","floor":18.0},{"not_picked":["Deadly Poison+1","Acrobatics+1"],"picked":"Backstab+1","floor":22.0},{"not_picked":["All Out Attack+1","Dagger Throw+1"],"picked":"Poisoned Stab+1","floor":24.0},{"not_picked":["Footwork+1","Storm of Steel+1"],"picked":"Distraction+1","floor":25.0},{"not_picked":["Deflect+1","Eviscerate+1"],"picked":"Deadly Poison+1","floor":30.0},{"not_picked":["Flying Knee+1","Dagger Throw+1"],"picked":"Infinite Blades+1","floor":31.0}],"player_experience":1471568,"relics_obtained":[{"floor":6.0,"key":"Frozen Egg 2"},{"floor":9.0,"key":"Toxic Egg 2"},{"floor":13.0,"key":"Molten Egg 2"},{"floor":25.0,"key":"Centennial Puzzle"},{"floor":26.0,"key":"Anchor"}],"event_choices":[{"damage_healed":0.0,"max_hp_gain":0.0,"max_hp_loss":0.0,"gold_gain":0.0,"event_name":"Living Wall","player_choice":"Grow","floor":5.0,"gold_loss":0.0,"damage_taken":0.0,"cards_upgraded":["Flying Knee"]},{"damage_healed":0.0,"max_hp_gain":0.0,"max_hp_loss":0.0,"gold_gain":0.0,"event_name":"Upgrade Shrine","player_choice":"Upgraded","floor":11.0,"gold_loss":0.0,"damage_taken":0.0,"cards_upgraded":["Neutralize"]},{"damage_healed":0.0,"max_hp_gain":0.0,"max_hp_loss":0.0,"gold_gain":0.0,"event_name":"Beggar","player_choice":"Ignored","floor":19.0,"gold_loss":0.0,"damage_taken":0.0},{"damage_healed":0.0,"max_hp_gain":0.0,"max_hp_loss":0.0,"gold_gain":0.0,"event_name":"FaceTrader","player_choice":"Trade","floor":20.0,"gold_loss":0.0,"damage_taken":0.0,"relics_obtained":["GremlinMask"]},{"damage_healed":0.0,"max_hp_gain":0.0,"max_hp_loss":0.0,"gold_gain":0.0,"event_name":"Colosseum","player_choice":"Fight","floor":28.0,"gold_loss":0.0,"damage_taken":0.0},{"damage_healed":0.0,"max_hp_gain":0.0,"max_hp_loss":0.0,"gold_gain":0.0,"event_name":"Colosseum","player_choice":"Fled From Nobs","floor":28.0,"gold_loss":0.0,"damage_taken":0.0}],"is_beta":false,"boss_relics":[{"not_picked":["Coffee Dripper","Fusion Hammer"],"picked":"Orrery"}],"items_purged_floors":[],"is_endless":false,"potions_floor_spawned":[3,6,10,13,16,24,25,30],"killed_by":"Collector","ascension_level":6}