{"gold_per_floor":[110,110,110,110,126,154,154,173,173,186,186,220,233,233,233,338,338,356,356,356,49,62,62,62,62,62,73,83,103,8,18,18,18],"floor_reached":33,"playtime":1805,"items_purged":[],"score":347,"play_id":"a2b27234-7fdc-47b6-9be4-46ebd6c03d5b","local_time":"20190608120133","is_ascension_mode":true,"campfire_choices":[{"floor":7.0,"key":"REST"},{"floor":11,"key":"REST"},{"floor":15,"key":"REST"},{"floor":23,"key":"REST"},{"floor":32,"key":"REST"}],"neow_cost":"NONE","seed_source_timestamp":1111903834416542,"circlet_count":0,"master_deck":["Defend_G","Defend_G","Defend_G","Defend_G","Strike_G","Strike_G","Strike_G","Strike_G","Survivor","Neutralize","Tactician","Leg Sweep","Noxious Fumes+1","Cloak And Dagger","Bane+1","Glass Knife+1","Parasite","Tools of the Trade+1","Slice+1","Outmaneuver","Flying Knee+1","Dagger Spray+1","Blade Dance+1","Prepared","Backflip+1","Dash+1","Predator+1","Blade Dance","Escape Plan"],"special_seed":0,"relics":["Ring of the Snake","Frozen Egg 2","Molten Egg 2","Bronze Scales","HoveringKite","Kunai","Ice Cream","Meat on the Bone","Letter Opener"],"potions_floor_usage":[12,16,22,27,27,28,28,28,28,31,33],"damage_taken":[{"damage":1.0,"enemies":"2 Louse","floor":1.0,"turns":3.0},{"damage":10.0,"enemies":"Cultist","floor":5.0,"turns":5.0},{"damage":8.0,"enemies":"Lagavulin","floor":6.0,"turns":8.0},{"damage":3.0,"enemies":"Small Slimes","floor":8.0,"turns":5.0},{"damage":12,"enemies":"Looter","floor":10,"turns":5},{"damage":39,"enemies":"Gremlin Nob","floor":12,"turns":7},{"damage":5,"enemies":"3 Louse","floor":13,"turns":3},{"damage":13,"enemies":"Hexaghost","floor":16,"turns":9},{"damage":26,"enemies":"Chosen","floor":18,"turns":5},{"damage":14,"enemies":"2 Thieves","floor":22,"turns":4},{"damage":29,"enemies":"3 Cultists","floor":27,"turns":5},{"damage":4,"enemies":"Snecko","floor":28,"turns":5},{"damage":27,"enemies":"Snake Plant","floor":29,"turns":5},{"damage":9,"enemies":"Shelled Parasite and Fungi","floor":31,"turns":5},{"damage":66,"enemies":"Champ","floor":33,"turns":9}],"seed_played":"2062089657361953452","potions_obtained":[{"floor":0.0,"key":"LiquidBronze"},{"floor":0.0,"key":"EssenceOfSteel"},{"floor":0.0,"key":"PowerPotion"},{"floor":6.0,"key":"GhostInAJar"},{"floor":12,"key":"Ancient Potion"},{"floor":16,"key":"EntropicBrew"},{"floor":18,"key":"GhostInAJar"},{"floor":27,"key":"LiquidBronze"},{"floor":31,"key":"Dexterity Potion"}],"is_trial":false,"path_per_floor":["M","$","?","?","M","E","R","M","T","M","R","E","M","?","R","B",null,"M","?","?","$","M","R","T","?","T","M","M","M","$","M","R","B"],"character_chosen":"THE_SILENT","items_purchased":["Ice Cream","Dagger Spray+1","Predator+1","Blade Dance"],"campfire_rested":5,"item_purchase_floors":[21,21,30,30],"current_hp_per_floor":[62,62,62,62,52,44,65,62,62,50,70,31,26,43,64,51,65,39,39,39,39,25,46,46,39,39,22,30,15,15,18,39,0],"gold":18,"neow_bonus":"THREE_SMALL_POTIONS","is_prod":false,"is_daily":false,"chose_seed":false,"campfire_upgraded":0,"win_rate":0,"timestamp":1559984493,"path_taken":["M","$","?","?","?","E","R","M","T","M","R","E","M","?","R","BOSS","M","?","?","$","M","R","?","?","T","M","M","?","?","M","R","BOSS"],"build_version":"2019-01-23","purchased_purges":0,"victory":false,"max_hp_per_floor":[70,70,70,70,70,70,70,70,70,70,70,70,70,70,70,70,70,70,70,70,70,70,70,70,70,70,70,70,70,70,70,70,70],"card_choices":[{"not_picked":["PiercingWail","Acrobatics"],"picked":"Tactician","floor":1.0},{"not_picked":["Slice","Backflip"],"picked":"Leg Sweep","floor":5.0},{"not_picked":["Flying Knee","Predator"],"picked":"Noxious Fumes","floor":6.0},{"not_picked":["Deflect","Endless Agony"],"picked":"Cloak And Dagger","floor":8.0},{"not_picked":["Blade Dance","Prepared","Acrobatics"],"picked":"SKIP","floor":10},{"not_picked":["Blur","Predator+1"],"picked":"Bane+1","floor":12},{"not_picked":["Dagger Throw+1","Quick Slash+1"],"picked":"Glass Knife+1","floor":13},{"not_picked":["Adrenaline","A Thousand Cuts+1"],"picked":"Tools of the Trade+1","floor":16},{"not_picked":["Footwork+1","Setup"],"picked":"Slice+1","floor":18},{"not_picked":["Deflect+1","Bouncing Flask"],"picked":"Blade Dance+1","floor":22},{"not_picked":["Sucker Punch+1","Deadly Poison"],"picked":"Prepared","floor":27},{"not_picked":["Dash+1","Slice+1"],"picked":"Backflip+1","floor":28},{"not_picked":["Deflect","Concentrate+1"],"picked":"Dash+1","floor":29},{"not_picked":["Heel Hook+1","Dagger Throw+1"],"picked":"Escape Plan","floor":31}],"player_experience":1483678,"relics_obtained":[{"floor":6.0,"key":"Frozen Egg 2"},{"floor":9.0,"key":"Molten Egg 2"},{"floor":12,"key":"Bronze Scales"},{"floor":24,"key":"Meat on the Bone"},{"floor":26,"key":"Letter Opener"}],"event_choices":[{"damage_healed":0.0,"max_hp_gain":0.0,"max_hp_loss":0.0,"gold_gain":0.0,"event_name":"Shining Light","player_choice":"Ignored","floor":3.0,"gold_loss":0.0,"damage_taken":0.0},{"damage_healed":0.0,"max_hp_gain":0.0,"max_hp_loss":0.0,"gold_gain":0.0,"event_name":"The Woman in Blue","player_choice":"Bought 0 Potions","floor":4.0,"gold_loss":0.0,"damage_taken":0.0},{"damage_healed":17,"gold_gain":0,"player_choice":"Healed and dodged fight","damage_taken":0,"max_hp_gain":0,"max_hp_loss":0,"event_name":"Mushrooms","floor":14,"gold_loss":0,"cards_obtained":["Parasite"]},{"damage_healed":0,"gold_gain":0,"cards_transformed":["Strike_G","Defend_G"],"player_choice":"Became Test Subject","damage_taken":0,"max_hp_gain":0,"max_hp_loss":0,"event_name":"Drug Dealer","floor":19,"gold_loss":0,"cards_obtained":["Outmaneuver","Flying Knee"]},{"damage_healed":0,"gold_gain":0,"player_choice":"Opened","damage_taken":0,"relics_obtained":["Kunai"],"max_hp_gain":0,"max_hp_loss":0,"event_name":"The Mausoleum","floor":20,"gold_loss":0},{"damage_healed":0,"gold_gain":0,"player_choice":"","damage_taken":7,"max_hp_gain":0,"max_hp_loss":0,"event_name":"Knowing Skull","floor":25,"potions_obtained":[],"gold_loss":0,"cards_obtained":[]}],"is_beta":false,"boss_relics":[{"not_picked":["Ring of the Serpent","Philosopher\u0027s Stone"],"picked":"HoveringKite"}],"items_purged_floors":[],"is_endless":false,"potions_floor_spawned":[1,6,12,16,18,27,31],"killed_by":"Champ","ascension_level":7}