{"gold_per_floor":[364,168,243,518,532,532,551,586,609,164,129,161,161,161,161,236,236,255,305,171,183,201,201,230,230,277,294,294,294,294,313,313,389,389,404,418,431,431,431,431,462,462,462,337,354,379,398,174,174,174,174,174,174,137,171,171],"floor_reached":57,"playtime":2699,"items_purged":["Strike_R","Regret","Wild Strike"],"score":2822,"play_id":"87e497f4-6e63-4d82-aacc-054dbfc6ecb0","local_time":"20190622180712","is_ascension_mode":true,"campfire_choices":[{"floor":6,"key":"REST"},{"data":"Armaments","floor":13,"key":"SMITH"},{"data":"Disarm","floor":15,"key":"SMITH"},{"data":"Dark Embrace","floor":23,"key":"SMITH"},{"data":"Barricade","floor":28,"key":"SMITH"},{"data":"Feel No Pain","floor":32,"key":"SMITH"},{"data":"Demon Form","floor":40,"key":"SMITH"},{"floor":42,"key":"RECALL"},{"data":"Dual Wield","floor":49,"key":"SMITH"},{"data":"Shockwave","floor":53,"key":"SMITH"}],"neow_cost":"PERCENT_DAMAGE","seed_source_timestamp":14173194455500,"circlet_count":0,"master_deck":["AscendersBane","Battle Trance","Inflame","Ghostly Armor+1","Twin Strike","Shrug It Off","Disarm+1","Armaments+1","Exhume","Dark Embrace+1","Burning Pact","Sentinel","Headbutt","Entrench","Rage","Barricade+1","Pommel Strike","Feel No Pain+1","Disarm+1","Spot Weakness+1","Body Slam","Rupture","Dual Wield+1","Armaments+1","Demon Form+1","Reaper","Corruption+1","Sentinel","Shockwave+1","The Bomb","Enlightenment","Body Slam","Sword Boomerang+1","Shrug It Off","Feel No Pain+1","Flame Barrier","Spot Weakness"],"relics":["Burning Blood","Blood Vial","Bag of Marbles","Bronze Scales","Incense Burner","Pandora\u0027s Box","Boot","Centennial Puzzle","Snecko Eye","Dream Catcher","War Paint","DollysMirror","Mummified Hand"],"potions_floor_usage":[8,12,21,27,33,56,56],"damage_taken":[{"damage":0,"enemies":"2 Louse","floor":1,"turns":4},{"damage":17,"enemies":"Jaw Worm","floor":5,"turns":3},{"damage":3,"enemies":"Cultist","floor":7,"turns":4},{"damage":55,"enemies":"Gremlin Nob","floor":8,"turns":5},{"damage":7,"enemies":"3 Sentries","floor":12,"turns":4},{"damage":5,"enemies":"Hexaghost","floor":16,"turns":11},{"damage":11,"enemies":"Shell Parasite","floor":18,"turns":8},{"damage":0,"enemies":"2 Thieves","floor":21,"turns":3},{"damage":18,"enemies":"Sentry and Sphere","floor":22,"turns":9},{"damage":31,"enemies":"Book of Stabbing","floor":24,"turns":9},{"damage":0,"enemies":"Snake Plant","floor":27,"turns":6},{"damage":14,"enemies":"Shelled Parasite and Fungi","floor":31,"turns":8},{"damage":16,"enemies":"Automaton","floor":33,"turns":9},{"damage":0,"enemies":"Orb Walker","floor":35,"turns":4},{"damage":1,"enemies":"3 Shapes","floor":36,"turns":4},{"damage":1,"enemies":"Sphere and 2 Shapes","floor":37,"turns":6},{"damage":0,"enemies":"Giant Head","floor":41,"turns":4},{"damage":11,"enemies":"4 Shapes","floor":45,"turns":5},{"damage":36,"enemies":"Reptomancer","floor":46,"turns":4},{"damage":48,"enemies":"Jaw Worm Horde","floor":47,"turns":3},{"damage":26,"enemies":"Awakened One","floor":50,"turns":8},{"damage":52,"enemies":"Donu and Deca","floor":51,"turns":11},{"damage":4,"enemies":"Shield and Spear","floor":55,"turns":3},{"damage":24,"enemies":"The Heart","floor":56,"turns":8}],"seed_played":"6199427663237262618","potions_obtained":[{"floor":7,"key":"SkillPotion"},{"floor":16,"key":"EssenceOfSteel"},{"floor":24,"key":"SpeedPotion"},{"floor":27,"key":"SpeedPotion"},{"floor":33,"key":"Fruit Juice"},{"floor":37,"key":"Ancient Potion"},{"floor":45,"key":"PowerPotion"}],"is_trial":false,"path_per_floor":["M","$","?","?","M","R","M","E","T","$","?","E","R","?","R","B",null,"M","?","$","M","M","R","E","?","T","M","R","?","?","M","R","B",null,"M","M","M","?","?","R","E","R","T","$","M","E","M","$","R","B","B",null,"R","$","E","B",null],"character_chosen":"IRONCLAD","items_purchased":["Inflame","Rampage","Bronze Scales","AttackPotion","Shrug It Off","Disarm","Feel No Pain","AttackPotion","DollysMirror","Flame Barrier"],"campfire_rested":1,"item_purchase_floors":[2,2,10,10,10,10,20,20,48,54],"current_hp_per_floor":[56,56,45,45,34,56,59,10,10,10,28,29,29,29,29,32,64,61,54,54,62,52,52,29,29,29,37,37,37,37,31,31,28,67,75,80,80,70,70,70,76,76,76,76,76,76,76,76,76,76,68,74,74,74,76,76],"gold":171,"neow_bonus":"TWO_FIFTY_GOLD","is_prod":false,"is_daily":false,"chose_seed":false,"campfire_upgraded":8,"win_rate":0,"timestamp":1561194432,"path_taken":["M","$","?","?","?","R","M","E","T","$","?","E","R","?","R","BOSS","M","?","$","?","M","R","E","?","T","M","R","?","?","?","R","BOSS","M","M","M","?","?","R","E","R","T","?","M","E","M","$","R","BOSS","BOSS","R","$","E","BOSS"],"build_version":"2019-01-23","purchased_purges":3,"victory":true,"max_hp_per_floor":[75,75,75,75,75,75,75,75,75,75,75,75,75,75,75,75,75,75,75,75,75,75,75,75,75,75,75,75,75,75,75,75,80,80,80,80,80,80,76,76,76,76,76,76,76,76,76,76,76,76,76,76,76,76,76,76],"card_choices":[{"not_picked":["True Grit","Dual Wield"],"picked":"Battle Trance","floor":1},{"not_picked":["Warcry","Iron Wave"],"picked":"Ghostly Armor","floor":5},{"not_picked":["Uppercut","Headbutt","Havoc"],"picked":"SKIP","floor":7},{"not_picked":["Battle Trance","Iron Wave"],"picked":"Twin Strike","floor":8},{"not_picked":["Body Slam","True Grit"],"picked":"Armaments","floor":12},{"not_picked":["Double Tap","Barricade"],"picked":"Dark Embrace","floor":16},{"not_picked":["Heavy Blade","Searing Blow+1"],"picked":"Pommel Strike","floor":18},{"not_picked":["Fire Breathing","Whirlwind"],"picked":"Disarm","floor":21},{"not_picked":["Clash","Anger"],"picked":"Spot Weakness+1","floor":22},{"not_picked":["Warcry","Wild Strike"],"picked":"Body Slam","floor":24},{"not_picked":["Clash","Battle Trance"],"picked":"Dual Wield","floor":27},{"not_picked":["Iron Wave+1","Flame Barrier"],"picked":"Demon Form","floor":31},{"not_picked":["Bludgeon","Impervious"],"picked":"Reaper","floor":33},{"not_picked":["True Grit","Shrug It Off+1"],"picked":"Corruption+1","floor":35},{"not_picked":["Reckless Charge","Flex"],"picked":"Sentinel","floor":36},{"not_picked":["Anger+1","Shrug It Off"],"picked":"Shockwave","floor":37},{"not_picked":["Finesse","Flash of Steel"],"picked":"The Bomb","floor":38},{"not_picked":["Mind Blast","Blind"],"picked":"Enlightenment","floor":38},{"not_picked":["Perfected Strike","Anger"],"picked":"Body Slam","floor":41},{"not_picked":["Uppercut","Armaments"],"picked":"Sword Boomerang+1","floor":45},{"not_picked":["Headbutt+1","Perfected Strike","Clothesline"],"picked":"SKIP","floor":46},{"not_picked":["Second Wind","Intimidate"],"picked":"Shrug It Off","floor":47},{"not_picked":["Perfected Strike","Rage"],"picked":"Spot Weakness","floor":55}],"player_experience":748649,"relics_obtained":[{"floor":8,"key":"Blood Vial"},{"floor":9,"key":"Bag of Marbles"},{"floor":12,"key":"Incense Burner"},{"floor":24,"key":"Boot"},{"floor":26,"key":"Centennial Puzzle"},{"floor":41,"key":"Dream Catcher"},{"floor":46,"key":"War Paint"},{"floor":55,"key":"Mummified Hand"}],"event_choices":[{"damage_healed":0,"gold_gain":75,"player_choice":"Gather Gold","damage_taken":11,"max_hp_gain":0,"max_hp_loss":0,"event_name":"World of Goop","floor":3,"gold_loss":0},{"damage_healed":0,"gold_gain":275,"player_choice":"Desecrate","damage_taken":0,"max_hp_gain":0,"max_hp_loss":0,"event_name":"Golden Shrine","floor":4,"gold_loss":0,"cards_obtained":["Regret"]},{"damage_healed":18,"gold_gain":0,"player_choice":"Healed","damage_taken":0,"max_hp_gain":0,"max_hp_loss":0,"event_name":"The Cleric","floor":11,"gold_loss":35},{"damage_healed":0,"gold_gain":0,"cards_transformed":["Strike_R"],"player_choice":"Change","damage_taken":0,"max_hp_gain":0,"max_hp_loss":0,"event_name":"Living Wall","floor":14,"gold_loss":0,"cards_obtained":["Exhume"]},{"damage_healed":0,"gold_gain":50,"player_choice":"Touch","damage_taken":7,"max_hp_gain":0,"max_hp_loss":0,"event_name":"FaceTrader","floor":19,"gold_loss":0},{"damage_healed":0,"gold_gain":0,"cards_transformed":["Bash","Armaments"],"player_choice":"Became Test Subject","damage_taken":0,"max_hp_gain":0,"max_hp_loss":0,"event_name":"Drug Dealer","floor":25,"gold_loss":0,"cards_obtained":["Wild Strike","Rupture"]},{"cards_removed":["Rampage"],"damage_healed":0,"gold_gain":0,"player_choice":"Elegance","damage_taken":0,"max_hp_gain":0,"max_hp_loss":0,"event_name":"Back to Basics","floor":29,"gold_loss":0},{"damage_healed":0,"gold_gain":0,"player_choice":"Copied","damage_taken":0,"max_hp_gain":0,"max_hp_loss":0,"event_name":"Duplicator","floor":30,"gold_loss":0,"cards_obtained":["Armaments"]},{"damage_healed":0,"gold_gain":0,"player_choice":"Memory 3","damage_taken":10,"max_hp_gain":0,"max_hp_loss":0,"event_name":"SensoryStone","floor":38,"gold_loss":0},{"damage_healed":0,"gold_gain":0,"player_choice":"Max HP","damage_taken":0,"max_hp_gain":0,"max_hp_loss":4,"event_name":"Winding Halls","floor":39,"gold_loss":0}],"is_beta":false,"boss_relics":[{"not_picked":["Astrolabe","Orrery"],"picked":"Pandora\u0027s Box"},{"not_picked":["Black Star","Coffee Dripper"],"picked":"Snecko Eye"}],"items_purged_floors":[2,10,44],"is_endless":false,"potions_floor_spawned":[7,16,24,27,31,33,37,41,45,47],"ascension_level":20}