{"gold_per_floor":[117,137,12,87,103,103,103,117,117,161,175,175,218,218,218,313,313,338,13,13,13,13],"floor_reached":22,"playtime":600,"items_purged":["Strike_B","Strike_B"],"score":384,"play_id":"f2d0be92-8f58-41cc-849a-eab3596983e9","local_time":"20190623152742","is_ascension_mode":true,"campfire_choices":[{"data":"Creative AI","floor":6,"key":"SMITH"},{"floor":12,"key":"REST"},{"floor":15,"key":"REST"}],"neow_cost":"NONE","seed_source_timestamp":93110220978400,"circlet_count":0,"master_deck":["AscendersBane","Strike_B","Strike_B","Defend_B","Defend_B","Defend_B","Defend_B","Zap","Dualcast","Creative AI+1","Rip and Tear","Ball Lightning","Ball Lightning","Loop","Cold Snap","Seek+1","Leap+1","Electrodynamics","Chill+1"],"relics":["Cracked Core","Golden Idol","Smiling Mask","Toxic Egg 2","Centennial Puzzle","Philosopher\u0027s Stone","Question Card"],"potions_floor_usage":[11,13,21],"damage_taken":[{"damage":1,"enemies":"Cultist","floor":1,"turns":3},{"damage":4,"enemies":"Jaw Worm","floor":2,"turns":3},{"damage":11,"enemies":"Small Slimes","floor":5,"turns":3},{"damage":8,"enemies":"Blue Slaver","floor":8,"turns":4},{"damage":15,"enemies":"Lagavulin","floor":10,"turns":6},{"damage":11,"enemies":"Exordium Wildlife","floor":11,"turns":3},{"damage":17,"enemies":"3 Sentries","floor":13,"turns":6},{"damage":42,"enemies":"The Guardian","floor":16,"turns":11},{"damage":27,"enemies":"Shell Parasite","floor":18,"turns":6},{"damage":15,"enemies":"Colosseum Slavers","floor":21,"turns":3},{"damage":8,"enemies":"3 Byrds","floor":22,"turns":1}],"seed_played":"1490202184184271574","potions_obtained":[{"floor":1,"key":"EssenceOfSteel"},{"floor":2,"key":"SpeedPotion"},{"floor":16,"key":"Dexterity Potion"},{"floor":18,"key":"SpeedPotion"}],"is_trial":false,"path_per_floor":["M","M","$","?","M","R","?","M","T","E","M","R","E","?","R","B",null,"M","$","?","?","M"],"character_chosen":"DEFECT","items_purchased":["Ball Lightning","Question Card"],"campfire_rested":2,"item_purchase_floors":[3,19],"current_hp_per_floor":[63,59,59,48,37,37,37,29,29,14,3,22,5,26,45,3,49,22,22,22,7,0],"gold":13,"neow_bonus":"ONE_RANDOM_RARE_CARD","is_prod":false,"is_daily":false,"chose_seed":false,"campfire_upgraded":1,"win_rate":0,"timestamp":1561271262,"path_taken":["M","?","$","?","M","R","?","M","T","E","M","R","E","?","R","BOSS","M","$","?","?","M"],"build_version":"2019-01-23","purchased_purges":2,"victory":false,"max_hp_per_floor":[71,71,71,71,71,71,64,64,64,64,64,64,64,64,64,64,64,64,64,64,64,64],"card_choices":[{"not_picked":["Hologram","Storm"],"picked":"Rip and Tear","floor":1},{"not_picked":["Compile Driver","Beam Cell","Steam"],"picked":"SKIP","floor":2},{"not_picked":["Leap","Compile Driver"],"picked":"Ball Lightning","floor":5},{"not_picked":["Barrage","Static Discharge"],"picked":"Loop","floor":8},{"not_picked":["Sweeping Beam","Beam Cell"],"picked":"Cold Snap","floor":10},{"not_picked":["Beam Cell","Sweeping Beam"],"picked":"Seek+1","floor":11},{"not_picked":["Leap+1","Stack+1","Genetic Algorithm+1"],"picked":"SKIP","floor":13},{"not_picked":["Stack+1","Genetic Algorithm+1"],"picked":"Leap+1","floor":13},{"not_picked":["Biased Cognition","Reboot+1"],"picked":"Electrodynamics","floor":16},{"not_picked":["Gash","Turbo+1"],"picked":"Chill+1","floor":18}],"player_experience":761894,"relics_obtained":[{"floor":9,"key":"Smiling Mask"},{"floor":10,"key":"Toxic Egg 2"},{"floor":13,"key":"Centennial Puzzle"}],"event_choices":[{"damage_healed":0,"gold_gain":75,"player_choice":"Gather Gold","damage_taken":11,"max_hp_gain":0,"max_hp_loss":0,"event_name":"World of Goop","floor":4,"gold_loss":0},{"damage_healed":0,"gold_gain":0,"player_choice":"Lose Max HP","damage_taken":0,"relics_obtained":["Golden Idol"],"max_hp_gain":0,"max_hp_loss":7,"event_name":"Golden Idol","floor":7,"gold_loss":0},{"damage_healed":21,"gold_gain":0,"player_choice":"Banana","damage_taken":0,"max_hp_gain":0,"max_hp_loss":0,"event_name":"Big Fish","floor":14,"gold_loss":0},{"damage_healed":0,"gold_gain":0,"player_choice":"Ignored","damage_taken":0,"max_hp_gain":0,"max_hp_loss":0,"event_name":"Beggar","floor":20,"gold_loss":0},{"damage_healed":0,"gold_gain":0,"player_choice":"Fight","damage_taken":0,"max_hp_gain":0,"max_hp_loss":0,"event_name":"Colosseum","floor":21,"gold_loss":0},{"damage_healed":0,"gold_gain":0,"player_choice":"Fled From Nobs","damage_taken":0,"max_hp_gain":0,"max_hp_loss":0,"event_name":"Colosseum","floor":21,"gold_loss":0}],"is_beta":false,"boss_relics":[{"not_picked":["FrozenCore","Velvet Choker"],"picked":"Philosopher\u0027s Stone"}],"items_purged_floors":[3,19],"is_endless":false,"potions_floor_spawned":[1,2,10,16,18],"killed_by":"3 Byrds","ascension_level":20}