{"gold_per_floor":[119,119,43,43,59,94,94,94,168,168,183,183,239,239,239,316,316,333,333,348,25,25,41,41,54,101,21,33,47,47,57,57,57],"floor_reached":33,"playtime":918,"items_purged":["Strike_R","Strike_R"],"score":490,"play_id":"62a0bb64-8dc1-49be-9f07-9fdadd145f95","local_time":"20190612204422","is_ascension_mode":true,"campfire_choices":[{"data":"Immolate","floor":8,"key":"SMITH"},{"data":"Inflame","floor":10,"key":"SMITH"},{"data":"Bash","floor":12,"key":"SMITH"},{"data":"Sword Boomerang","floor":15,"key":"SMITH"},{"floor":30,"key":"REST"},{"floor":32,"key":"REST"}],"neow_cost":"TEN_PERCENT_HP_LOSS","seed_source_timestamp":369969115144200,"circlet_count":0,"master_deck":["AscendersBane","Defend_R","Defend_R","Defend_R","Defend_R","Bash+1","Inflame+1","Offering","Sword Boomerang+1","Immolate+1","Feel No Pain","Pain","Shrug It Off","Juggernaut","Whirlwind","Second Wind","Feed","Rupture","True Grit","Pommel Strike"],"relics":["Burning Blood","Bottled Tornado","WarpedTongs","Gremlin Horn","Potion Belt","The Courier","Philosopher\u0027s Stone","Sundial"],"potions_floor_usage":[13,16,23,29,29,29],"damage_taken":[{"damage":10,"enemies":"Jaw Worm","floor":1,"turns":4},{"damage":6,"enemies":"Cultist","floor":5,"turns":3},{"damage":15,"enemies":"3 Sentries","floor":6,"turns":6},{"damage":0,"enemies":"2 Louse","floor":11,"turns":1},{"damage":7,"enemies":"3 Sentries","floor":13,"turns":5},{"damage":53,"enemies":"Hexaghost","floor":16,"turns":9},{"damage":24,"enemies":"2 Thieves","floor":18,"turns":4},{"damage":7,"enemies":"Chosen","floor":20,"turns":3},{"damage":18,"enemies":"Shelled Parasite and Fungi","floor":23,"turns":3},{"damage":15,"enemies":"Centurion and Healer","floor":25,"turns":5},{"damage":1,"enemies":"Snecko","floor":28,"turns":3},{"damage":22,"enemies":"Shelled Parasite and Fungi","floor":29,"turns":3},{"damage":23,"enemies":"Centurion and Healer","floor":31,"turns":3},{"damage":3,"enemies":"Automaton","floor":33,"turns":2}],"seed_played":"-7012679079429092634","potions_obtained":[{"floor":5,"key":"BloodPotion"},{"floor":11,"key":"LiquidBronze"},{"floor":16,"key":"GamblersBrew"},{"floor":18,"key":"Poison Potion"},{"floor":20,"key":"SteroidPotion"},{"floor":28,"key":"EssenceOfSteel"}],"is_trial":false,"path_per_floor":["M","?","$","?","M","E","?","R","T","R","M","R","?","T","R","B",null,"M","?","M","$","?","M","$","M","T","$","M","M","R","M","R","B"],"character_chosen":"IRONCLAD","items_purchased":["Feel No Pain","Sundial","Second Wind"],"campfire_rested":2,"item_purchase_floors":[3,21,21],"current_hp_per_floor":[64,64,64,64,64,55,55,55,55,55,61,61,66,66,66,19,56,38,38,37,37,37,25,25,19,19,19,24,8,29,15,37,34],"gold":57,"neow_bonus":"TRANSFORM_TWO_CARDS","is_prod":false,"is_daily":false,"chose_seed":false,"campfire_upgraded":4,"win_rate":0,"timestamp":1560339862,"path_taken":["M","?","$","?","?","E","?","R","T","R","?","R","?","?","R","BOSS","M","?","M","$","?","M","$","M","T","$","?","M","R","M","R","BOSS"],"build_version":"2019-01-23","purchased_purges":2,"victory":false,"max_hp_per_floor":[68,68,68,68,68,68,68,68,68,68,68,68,68,68,68,68,68,68,68,68,68,68,68,68,71,71,71,71,71,71,74,74,74],"card_choices":[{"not_picked":["Clothesline","Seeing Red"],"picked":"Sword Boomerang","floor":1},{"not_picked":["Iron Wave","Clash","Cleave"],"picked":"SKIP","floor":5},{"not_picked":["Flex","Anger","Clothesline"],"picked":"SKIP","floor":6},{"not_picked":["Flex","Anger","Clothesline"],"picked":"SKIP","floor":6},{"not_picked":["Bloodletting","Blood for Blood"],"picked":"Shrug It Off","floor":11},{"not_picked":["Demon Form","Brutality"],"picked":"Juggernaut","floor":16},{"not_picked":["Pommel Strike","Sever Soul"],"picked":"Whirlwind","floor":18},{"not_picked":["Twin Strike","Anger","Pummel"],"picked":"SKIP","floor":20},{"not_picked":["Searing Blow","Headbutt"],"picked":"Rupture","floor":23},{"not_picked":["Cleave","Armaments"],"picked":"True Grit","floor":25},{"not_picked":["Perfected Strike","Thunderclap","Warcry"],"picked":"SKIP","floor":28},{"not_picked":["Searing Blow","Wild Strike","Body Slam"],"picked":"SKIP","floor":29},{"not_picked":["Clothesline","Flex"],"picked":"Pommel Strike","floor":31}],"player_experience":617750,"relics_obtained":[{"floor":6,"key":"Bottled Tornado"},{"floor":9,"key":"Gremlin Horn"},{"floor":13,"key":"Potion Belt"},{"floor":14,"key":"The Courier"}],"event_choices":[{"damage_healed":0,"gold_gain":0,"cards_transformed":["Strike_R"],"player_choice":"Change","damage_taken":0,"max_hp_gain":0,"max_hp_loss":0,"event_name":"Living Wall","floor":2,"gold_loss":0,"cards_obtained":["Immolate"]},{"damage_healed":0,"gold_gain":0,"player_choice":"Ignored","damage_taken":0,"max_hp_gain":0,"max_hp_loss":0,"event_name":"WeMeetAgain","floor":4,"gold_loss":0},{"damage_healed":0,"gold_gain":0,"player_choice":"Rummage","damage_taken":0,"relics_obtained":["WarpedTongs"],"max_hp_gain":0,"max_hp_loss":0,"event_name":"Accursed Blacksmith","floor":7,"gold_loss":0,"cards_obtained":["Pain"]},{"damage_healed":0,"gold_gain":0,"player_choice":"Searched \u00271\u0027 times","damage_taken":0,"max_hp_gain":0,"max_hp_loss":0,"event_name":"Dead Adventurer","floor":13,"gold_loss":0},{"damage_healed":0,"gold_gain":0,"player_choice":"Ignored","damage_taken":0,"max_hp_gain":0,"max_hp_loss":0,"event_name":"Vampires","floor":19,"gold_loss":0},{"damage_healed":0,"gold_gain":0,"player_choice":"1 cards matched","damage_taken":0,"max_hp_gain":0,"max_hp_loss":0,"event_name":"Match and Keep!","floor":22,"gold_loss":0,"cards_obtained":["Feed"]}],"is_beta":false,"boss_relics":[{"not_picked":["Orrery","Mark of Pain"],"picked":"Philosopher\u0027s Stone"}],"items_purged_floors":[21,27],"is_endless":false,"potions_floor_spawned":[5,11,16,18,20,28],"killed_by":"Automaton","ascension_level":20}