{"gold_per_floor":[119,119,2,16,28,28,56,56,82,101,101,125,275,303,303,377,377,396,408,408,428,353,353,378,378,404,238,268,285,296,296,296,296],"floor_reached":33,"playtime":3222,"items_purged":["Strike_G"],"score":571,"play_id":"f5ecb587-4d89-4d3e-af7e-bcb0f721fcbd","local_time":"20190522220203","is_ascension_mode":true,"campfire_choices":[{"data":"Well Laid Plans","floor":6,"key":"SMITH"},{"data":"Neutralize","floor":8,"key":"SMITH"},{"data":"Flying Knee","floor":11,"key":"SMITH"},{"data":"Malaise","floor":15,"key":"SMITH"},{"floor":23,"key":"REST"},{"floor":32,"key":"REST"}],"neow_cost":"NONE","seed_source_timestamp":6849110238887,"circlet_count":0,"master_deck":["AscendersBane","Defend_G","Defend_G","Defend_G","Defend_G","Defend_G","Strike_G","Strike_G","Strike_G","Strike_G","Survivor","Neutralize+1","Deadly Poison","Neutralize","Backstab","Well Laid Plans+1","Flying Knee+1","Escape Plan","Malaise+1","Corpse Explosion","Footwork","Backflip","RitualDagger","Dodge and Roll","Calculated Gamble","Backflip"],"relics":["Ring of the Snake","NeowsBlessing","Vajra","Ancient Tea Set","Omamori","Bronze Scales","Fusion Hammer","Ornamental Fan","Regal Pillow","Oddly Smooth Stone","Potion Belt","Blood Vial"],"potions_floor_usage":[7,14,16,19,21,24,24],"damage_taken":[{"damage":0,"enemies":"Jaw Worm","floor":1,"turns":1},{"damage":0,"enemies":"Cultist","floor":4,"turns":1},{"damage":0,"enemies":"Small Slimes","floor":5,"turns":1},{"damage":15,"enemies":"3 Sentries","floor":7,"turns":11},{"damage":3,"enemies":"Blue Slaver","floor":10,"turns":3},{"damage":7,"enemies":"Lagavulin","floor":14,"turns":7},{"damage":17,"enemies":"The Guardian","floor":16,"turns":10},{"damage":0,"enemies":"3 Byrds","floor":18,"turns":3},{"damage":8,"enemies":"Spheric Guardian","floor":19,"turns":6},{"damage":0,"enemies":"Chosen and Byrds","floor":21,"turns":8},{"damage":12,"enemies":"Slavers","floor":24,"turns":4},{"damage":17,"enemies":"Gremlin Leader","floor":28,"turns":7},{"damage":0,"enemies":"Snake Plant","floor":29,"turns":7},{"damage":3,"enemies":"Centurion and Healer","floor":30,"turns":6},{"damage":70,"enemies":"Collector","floor":33,"turns":9}],"seed_played":"4704016543493418461","potions_obtained":[{"floor":1,"key":"Weak Potion"},{"floor":5,"key":"Regen Potion"},{"floor":10,"key":"SkillPotion"},{"floor":14,"key":"Swift Potion"},{"floor":18,"key":"SteroidPotion"},{"floor":19,"key":"Ancient Potion"},{"floor":21,"key":"Energy Potion"},{"floor":29,"key":"Fire Potion"}],"is_trial":false,"path_per_floor":["M","?","$","M","M","R","E","R","T","M","R","T","?","E","R","B",null,"M","M","?","M","$","R","E","?","T","$","E","M","M","?","R","B"],"character_chosen":"THE_SILENT","items_purchased":["Backstab","Well Laid Plans","Oddly Smooth Stone"],"campfire_rested":2,"item_purchase_floors":[3,3,27],"current_hp_per_floor":[59,59,59,59,59,59,59,59,59,56,56,56,56,49,49,32,58,58,50,44,44,44,63,51,51,51,51,34,34,31,31,65,0],"gold":296,"neow_bonus":"THREE_ENEMY_KILL","is_prod":false,"is_daily":false,"chose_seed":false,"campfire_upgraded":4,"win_rate":0,"timestamp":1558555323,"path_taken":["M","?","$","?","M","R","E","R","T","M","R","?","?","E","R","BOSS","M","M","?","M","$","R","E","?","T","$","E","M","M","?","R","BOSS"],"build_version":"2019-01-23","purchased_purges":1,"victory":false,"max_hp_per_floor":[66,66,66,66,66,66,66,66,66,66,66,66,66,66,66,66,66,66,66,66,66,66,66,66,66,66,66,66,66,66,66,66,66],"card_choices":[{"not_picked":["Quick Slash","Dodge and Roll"],"picked":"Flying Knee","floor":5},{"not_picked":["Crippling Poison","Quick Slash"],"picked":"Escape Plan","floor":10},{"not_picked":["Noxious Fumes","Underhanded Strike"],"picked":"Malaise","floor":14},{"not_picked":["Unload","A Thousand Cuts"],"picked":"Corpse Explosion","floor":16},{"not_picked":["Setup","Predator+1"],"picked":"Footwork","floor":18},{"not_picked":["Dagger Throw","Bane"],"picked":"Backflip","floor":19},{"not_picked":["Backstab","Acrobatics"],"picked":"Dodge and Roll","floor":21},{"not_picked":["Slice","Dagger Spray"],"picked":"Backflip","floor":29}],"player_experience":942046,"relics_obtained":[{"floor":7,"key":"Vajra"},{"floor":9,"key":"Ancient Tea Set"},{"floor":12,"key":"Omamori"},{"floor":14,"key":"Bronze Scales"},{"floor":24,"key":"Ornamental Fan"},{"floor":26,"key":"Regal Pillow"},{"floor":28,"key":"Potion Belt"}],"event_choices":[{"damage_healed":0,"gold_gain":0,"player_choice":"2 cards matched","damage_taken":0,"max_hp_gain":0,"max_hp_loss":0,"event_name":"Match and Keep!","floor":2,"gold_loss":0,"cards_obtained":["Deadly Poison","Neutralize"]},{"damage_healed":0,"gold_gain":150,"player_choice":"AGREE","damage_taken":0,"max_hp_gain":0,"max_hp_loss":0,"event_name":"Liars Game","floor":13,"gold_loss":0,"cards_obtained":["Doubt"]},{"damage_healed":0,"gold_gain":0,"player_choice":"Joined the Cult","damage_taken":6,"max_hp_gain":0,"max_hp_loss":0,"event_name":"Nest","floor":20,"gold_loss":0,"cards_obtained":["RitualDagger"]},{"damage_healed":0,"gold_gain":0,"player_choice":"Read","damage_taken":0,"max_hp_gain":0,"max_hp_loss":0,"event_name":"The Library","floor":25,"gold_loss":0,"cards_obtained":["Calculated Gamble"]},{"damage_healed":0,"gold_gain":0,"player_choice":"Opened","damage_taken":0,"relics_obtained":["Blood Vial"],"max_hp_gain":0,"max_hp_loss":0,"event_name":"The Mausoleum","floor":31,"gold_loss":0,"cards_obtained":["Writhe"]}],"is_beta":false,"boss_relics":[{"not_picked":["Empty Cage","Runic Pyramid"],"picked":"Fusion Hammer"}],"items_purged_floors":[22],"is_endless":false,"potions_floor_spawned":[1,5,10,14,18,19,21,29],"killed_by":"Collector","ascension_level":19}