{"gold_per_floor":[211,211,230,33,50,50,82,96,146,146,178,178,189,206,206,306,306,319,26,125,125,142,142,158,158,158,170,201,6,6,23,23,122,122,136,136,147,147,24,24,44,0,0,100,100,23,23,23,23,23],"floor_reached":51,"playtime":2896,"items_purged":["Normality","Parasite"],"score":992,"play_id":"5975850b-2088-4a36-bf27-a43f868ed44c","local_time":"20190625191003","is_ascension_mode":true,"campfire_choices":[{"floor":6.0,"key":"REST"},{"floor":12.0,"key":"REST"},{"floor":15.0,"key":"REST"},{"data":"Sadistic Nature","floor":23.0,"key":"SMITH"},{"floor":25.0,"key":"REST"},{"floor":32.0,"key":"REST"},{"data":"After Image","floor":40,"key":"SMITH"},{"data":"Noxious Fumes","floor":45,"key":"SMITH"},{"data":"Noxious Fumes","floor":47,"key":"SMITH"},{"data":"Noxious Fumes","floor":49,"key":"SMITH"}],"neow_cost":"NONE","seed_source_timestamp":1035668488075979,"circlet_count":0,"master_deck":["AscendersBane","Defend_G","Defend_G","Defend_G","Defend_G","Defend_G","Strike_G","Strike_G","Strike_G","Strike_G","Survivor","Neutralize","Noxious Fumes+1","Prepared","Sadistic Nature+1","Bane","Underhanded Strike","Adrenaline+1","Crippling Poison+1","Noxious Fumes+1","After Image+1","Predator","Deadly Poison+1","Sucker Punch","Escape Plan+1","Concentrate+1","Backstab","Adrenaline+1","Backflip+1","Corpse Explosion+1","Catalyst+1","Deadly Poison+1","Adrenaline+1","Poisoned Stab","Distraction+1","Noxious Fumes+1","Prepared+1"],"special_seed":0,"relics":["Ring of the Snake","Toxic Egg 2","Centennial Puzzle","Oddly Smooth Stone","Calling Bell","Juzu Bracelet","Matryoshka","Thread and Needle","Blood Vial","Bronze Scales","MawBank","MutagenicStrength","Enchiridion","Black Star","Red Mask","Bag of Marbles","Blue Candle","Turnip"],"potions_floor_usage":[37,37,50,50,50],"damage_taken":[{"damage":3.0,"enemies":"Jaw Worm","floor":1.0,"turns":7.0},{"damage":10.0,"enemies":"Small Slimes","floor":3.0,"turns":6.0},{"damage":1.0,"enemies":"Cultist","floor":5.0,"turns":4.0},{"damage":11.0,"enemies":"Gremlin Nob","floor":7.0,"turns":5.0},{"damage":14.0,"enemies":"Looter","floor":8.0,"turns":4.0},{"damage":20.0,"enemies":"Lagavulin","floor":11.0,"turns":7.0},{"damage":5.0,"enemies":"2 Fungi Beasts","floor":13.0,"turns":4.0},{"damage":0.0,"enemies":"Blue Slaver","floor":14.0,"turns":3.0},{"damage":45.0,"enemies":"The Guardian","floor":16.0,"turns":10.0},{"damage":6.0,"enemies":"Chosen","floor":18.0,"turns":5.0},{"damage":0.0,"enemies":"3 Byrds","floor":22.0,"turns":5.0},{"damage":2.0,"enemies":"Cultist and Chosen","floor":24.0,"turns":6.0},{"damage":16.0,"enemies":"Shelled Parasite and Fungi","floor":28.0,"turns":4.0},{"damage":6.0,"enemies":"Centurion and Healer","floor":31.0,"turns":4.0},{"damage":43.0,"enemies":"Collector","floor":33.0,"turns":8.0},{"damage":1,"enemies":"3 Shapes","floor":35,"turns":3},{"damage":0,"enemies":"Orb Walker","floor":37,"turns":3},{"damage":0,"enemies":"Writhing Mass","floor":41,"turns":4},{"damage":0,"enemies":"Mind Bloom Boss Battle","floor":44,"turns":6},{"damage":27,"enemies":"Donu and Deca","floor":50,"turns":4}],"seed_played":"8817984330793374783","potions_obtained":[{"floor":1.0,"key":"Strength Potion"},{"floor":5.0,"key":"GhostInAJar"},{"floor":8.0,"key":"Block Potion"},{"floor":14.0,"key":"Fruit Juice"},{"floor":22.0,"key":"Strength Potion"},{"floor":28.0,"key":"SteroidPotion"},{"floor":35,"key":"Block Potion"},{"floor":37,"key":"Fire Potion"}],"is_trial":false,"path_per_floor":["M","?","M","$","M","R","E","M","T","?","E","R","M","M","R","B",null,"M","$","?","?","M","R","M","R","T","?","M","$","?","M","R","B",null,"M","?","M","?","$","R","M","?","T","?","R","$","R","$","R","B",null],"character_chosen":"THE_SILENT","items_purchased":["Sadistic Nature","Deadly Poison+1","Sucker Punch","Blood Vial","Adrenaline+1","AttackPotion","Poisoned Stab","Dexterity Potion","Prepared+1"],"campfire_rested":5,"item_purchase_floors":[4,19,19,19,29,29,39,46,46],"current_hp_per_floor":[60,60,50,50,49,70,59,45,45,45,25,46,41,46,68,23,62,56,56,56,56,58,58,58,75,75,75,59,59,43,39,61,20,61,62,62,64,64,64,64,66,66,66,68,68,68,68,68,68,43],"gold":23,"neow_bonus":"HUNDRED_GOLD","is_prod":false,"is_daily":false,"chose_seed":false,"campfire_upgraded":5,"win_rate":0,"timestamp":1561479003,"path_taken":["M","?","M","$","M","R","E","M","T","?","E","R","M","M","R","BOSS","M","$","?","?","M","R","M","R","T","?","M","$","?","M","R","BOSS","M","?","M","?","$","R","M","?","T","?","R","$","R","?","R","BOSS"],"build_version":"2019-01-23","purchased_purges":2,"victory":true,"max_hp_per_floor":[70,70,70,70,70,70,70,70,70,70,70,70,70,75,75,75,75,75,75,75,75,75,75,75,75,75,75,75,75,75,75,75,75,75,75,75,75,75,72,72,72,72,72,72,72,72,72,72,72,72],"card_choices":[{"not_picked":["Reflex","Dodge and Roll"],"picked":"Noxious Fumes","floor":1.0},{"not_picked":["Outmaneuver","Dagger Throw"],"picked":"Prepared","floor":3.0},{"not_picked":["Wraith Form v2","Flying Knee"],"picked":"Bane","floor":5.0},{"not_picked":["Blur","Dagger Throw","Slice"],"picked":"SKIP","floor":7.0},{"not_picked":["All Out Attack","Finisher"],"picked":"Underhanded Strike","floor":8.0},{"not_picked":["Backflip+1","Dagger Throw"],"picked":"Adrenaline+1","floor":11.0},{"not_picked":["Masterful Stab","Sucker Punch"],"picked":"Crippling Poison+1","floor":13.0},{"not_picked":["Well Laid Plans","Dodge and Roll+1"],"picked":"Noxious Fumes","floor":14.0},{"not_picked":["Tools of the Trade","Grand Finale"],"picked":"After Image","floor":16.0},{"not_picked":["Infinite Blades+1","Backflip+1"],"picked":"Predator","floor":18.0},{"not_picked":["Flying Knee","Backflip+1"],"picked":"Escape Plan+1","floor":22.0},{"not_picked":["Skewer","Dodge and Roll+1"],"picked":"Concentrate+1","floor":24.0},{"not_picked":["Outmaneuver+1","Reflex+1"],"picked":"Backstab","floor":28.0},{"not_picked":["Blade Dance+1","Concentrate+1"],"picked":"Backflip+1","floor":31.0},{"not_picked":["Tools of the Trade","Die Die Die"],"picked":"Corpse Explosion+1","floor":33.0},{"not_picked":["Dodge and Roll+1","Flying Knee"],"picked":"Catalyst+1","floor":35},{"not_picked":["Outmaneuver+1","Underhanded Strike+1"],"picked":"Deadly Poison+1","floor":37},{"not_picked":["Flechettes+1","Skewer+1"],"picked":"Distraction+1","floor":41},{"not_picked":["Reflex+1","Outmaneuver+1"],"picked":"Noxious Fumes","floor":44}],"player_experience":1576477,"relics_obtained":[{"floor":7.0,"key":"Toxic Egg 2"},{"floor":9.0,"key":"Centennial Puzzle"},{"floor":11.0,"key":"Oddly Smooth Stone"},{"floor":17.0,"key":"Juzu Bracelet"},{"floor":17.0,"key":"Matryoshka"},{"floor":17.0,"key":"Thread and Needle"},{"floor":26.0,"key":"Bronze Scales"},{"floor":26.0,"key":"MawBank"},{"floor":30.0,"key":"Enchiridion"},{"floor":43,"key":"Bag of Marbles"},{"floor":43,"key":"Blue Candle"},{"floor":44,"key":"Turnip"}],"event_choices":[{"damage_healed":0.0,"max_hp_gain":0.0,"max_hp_loss":0.0,"gold_gain":0.0,"event_name":"The Cleric","player_choice":"Leave","floor":2.0,"gold_loss":0.0,"damage_taken":0.0},{"damage_healed":0.0,"max_hp_gain":0.0,"max_hp_loss":0.0,"gold_gain":0.0,"event_name":"Scrap Ooze","player_choice":"Fled","floor":10.0,"gold_loss":0.0,"damage_taken":0.0},{"damage_healed":0.0,"max_hp_gain":0.0,"max_hp_loss":0.0,"gold_gain":99.0,"event_name":"Nest","player_choice":"Stole From Cult","floor":20.0,"gold_loss":0.0,"damage_taken":0.0},{"cards_removed":["Injury"],"damage_healed":0.0,"max_hp_gain":0.0,"max_hp_loss":0.0,"gold_gain":0.0,"event_name":"Purifier","player_choice":"Purged","floor":21.0,"gold_loss":0.0,"damage_taken":0.0},{"damage_healed":0.0,"max_hp_gain":0.0,"max_hp_loss":0.0,"gold_gain":0.0,"event_name":"Drug Dealer","player_choice":"Inject Mutagens","floor":27.0,"gold_loss":0.0,"damage_taken":0.0,"relics_obtained":["MutagenicStrength"]},{"damage_healed":0.0,"max_hp_gain":0.0,"max_hp_loss":0.0,"gold_gain":0.0,"event_name":"Cursed Tome","player_choice":"Obtained Book","floor":30.0,"gold_loss":0.0,"damage_taken":16.0},{"cards_removed":["Strike_G"],"damage_healed":0,"gold_gain":0,"player_choice":"Removed Attack","damage_taken":0,"max_hp_gain":0,"max_hp_loss":0,"event_name":"Falling","floor":36,"gold_loss":0},{"damage_healed":0,"gold_gain":0,"player_choice":"Copied","damage_taken":0,"max_hp_gain":0,"max_hp_loss":0,"event_name":"Duplicator","floor":38,"gold_loss":0,"cards_obtained":["Adrenaline"]},{"damage_healed":0,"gold_gain":0,"player_choice":"Paid","damage_taken":0,"relics_obtained":["Red Mask"],"max_hp_gain":0,"max_hp_loss":0,"event_name":"Tomb of Lord Red Mask","floor":42,"gold_loss":44},{"damage_healed":0,"gold_gain":0,"player_choice":"Fight","damage_taken":0,"max_hp_gain":0,"max_hp_loss":0,"event_name":"MindBloom","floor":44,"gold_loss":0}],"is_beta":false,"boss_relics":[{"not_picked":["Cursed Key","Tiny House"],"picked":"Calling Bell"},{"not_picked":["Philosopher\u0027s Stone","Coffee Dripper"],"picked":"Black Star"}],"items_purged_floors":[19,39],"is_endless":false,"potions_floor_spawned":[1,5,8,14,22,28,35,37],"ascension_level":10}