{"gold_per_floor":[109,124,137,58,71,103,103,137,137,137,137,137,172,187,187,281,281,302,302,302,322,346,346],"floor_reached":23,"playtime":697,"items_purged":[],"score":422,"play_id":"f3d325cd-8459-42a8-95a8-764c5dde5966","local_time":"20190612214943","is_ascension_mode":true,"campfire_choices":[{"data":"Armaments","floor":7,"key":"SMITH"},{"data":"Whirlwind","floor":10,"key":"SMITH"},{"data":"Uppercut","floor":12,"key":"SMITH"},{"data":"Feel No Pain","floor":15,"key":"SMITH"}],"neow_cost":"NONE","seed_source_timestamp":374110369335100,"circlet_count":0,"master_deck":["AscendersBane","Bash","Uppercut+1","Armaments+1","Corruption+1","Whirlwind+1","Reaper","Burning Pact","Feel No Pain+1","Body Slam","Juggernaut","Clash","Demon Form","Feel No Pain","Anger","Second Wind","Power Through","Metallicize","Warcry","Flex","Seeing Red+1","Evolve","Armaments+1","Spot Weakness"],"relics":["Burning Blood","NeowsBlessing","The Courier","Ancient Tea Set","Golden Idol","Shuriken","Pandora\u0027s Box"],"potions_floor_usage":[6,13,16,23,23],"damage_taken":[{"damage":0,"enemies":"Jaw Worm","floor":1,"turns":1},{"damage":0,"enemies":"2 Louse","floor":2,"turns":1},{"damage":0,"enemies":"Cultist","floor":3,"turns":1},{"damage":5,"enemies":"2 Fungi Beasts","floor":5,"turns":3},{"damage":30,"enemies":"Gremlin Nob","floor":6,"turns":4},{"damage":7,"enemies":"Lagavulin","floor":8,"turns":7},{"damage":30,"enemies":"3 Sentries","floor":13,"turns":8},{"damage":13,"enemies":"Red Slaver","floor":14,"turns":5},{"damage":1,"enemies":"Slime Boss","floor":16,"turns":16},{"damage":12,"enemies":"Chosen","floor":18,"turns":5},{"damage":18,"enemies":"Shell Parasite","floor":21,"turns":5},{"damage":33,"enemies":"3 Cultists","floor":22,"turns":5},{"damage":38,"enemies":"Book of Stabbing","floor":23,"turns":3}],"seed_played":"-8495335563678687364","potions_obtained":[{"floor":2,"key":"FearPotion"},{"floor":5,"key":"SpeedPotion"},{"floor":8,"key":"Poison Potion"},{"floor":13,"key":"PowerPotion"},{"floor":18,"key":"Dexterity Potion"},{"floor":22,"key":"Poison Potion"}],"is_trial":false,"path_per_floor":["M","M","M","$","M","E","R","E","T","R","?","R","E","M","R","B",null,"M","?","?","M","M","E"],"character_chosen":"IRONCLAD","items_purchased":["Whirlwind"],"campfire_rested":0,"item_purchase_floors":[4],"current_hp_per_floor":[74,75,75,75,75,51,51,56,56,56,56,56,44,41,41,46,63,60,60,60,48,36,0],"gold":346,"neow_bonus":"THREE_ENEMY_KILL","is_prod":false,"is_daily":false,"chose_seed":false,"campfire_upgraded":4,"win_rate":0,"timestamp":1560343783,"path_taken":["M","M","M","$","M","E","R","E","T","R","?","R","E","M","R","BOSS","M","?","?","?","M","E"],"build_version":"2019-01-23","purchased_purges":0,"victory":false,"max_hp_per_floor":[75,75,75,75,75,75,75,75,75,75,68,68,68,68,68,68,68,68,68,68,68,68,68],"card_choices":[{"not_picked":["Body Slam","Cleave"],"picked":"Uppercut","floor":1},{"not_picked":["Perfected Strike","Bloodletting"],"picked":"Armaments","floor":2},{"not_picked":["Cleave","Combust"],"picked":"Corruption","floor":3},{"not_picked":["Rampage","Anger","Metallicize"],"picked":"SKIP","floor":5},{"not_picked":["Heavy Blade","True Grit"],"picked":"Reaper","floor":6},{"not_picked":["Hemokinesis","True Grit"],"picked":"Burning Pact","floor":8},{"not_picked":["Evolve","True Grit"],"picked":"Feel No Pain","floor":13},{"not_picked":["Twin Strike","Seeing Red"],"picked":"Body Slam","floor":14},{"not_picked":["Fiend Fire","Brutality"],"picked":"Juggernaut","floor":16},{"not_picked":["Sword Boomerang","Shockwave"],"picked":"Seeing Red+1","floor":18},{"not_picked":["Fire Breathing","Body Slam"],"picked":"Armaments+1","floor":21},{"not_picked":["Wild Strike","Warcry"],"picked":"Spot Weakness","floor":22}],"player_experience":621772,"relics_obtained":[{"floor":6,"key":"The Courier"},{"floor":8,"key":"Ancient Tea Set"},{"floor":13,"key":"Shuriken"}],"event_choices":[{"damage_healed":0,"gold_gain":0,"player_choice":"Lose Max HP","damage_taken":0,"relics_obtained":["Golden Idol"],"max_hp_gain":0,"max_hp_loss":7,"event_name":"Golden Idol","floor":11,"gold_loss":0},{"damage_healed":0,"gold_gain":0,"player_choice":"Read","damage_taken":0,"max_hp_gain":0,"max_hp_loss":0,"event_name":"The Library","floor":19,"gold_loss":0,"cards_obtained":["Evolve"]},{"damage_healed":0,"gold_gain":0,"player_choice":"Upgraded","damage_taken":0,"max_hp_gain":0,"max_hp_loss":0,"event_name":"Upgrade Shrine","floor":20,"gold_loss":0,"cards_upgraded":["Corruption"]}],"is_beta":false,"boss_relics":[{"not_picked":["Lizard Tail","Runic Pyramid"],"picked":"Pandora\u0027s Box"}],"items_purged_floors":[],"is_endless":false,"potions_floor_spawned":[2,5,8,13,18,22],"killed_by":"Book of Stabbing","ascension_level":20}