{"gold_per_floor":[114,114,134,209,209,219,219,219,243,272,283,152,152,184,184,255,255,272,322,352,352,366,366,392,404,404,679,45,60,60,90,90,162,162,181,181,281,330,330,362,362,381,455,275,310,532,564,575,575,575],"floor_reached":50,"playtime":2214,"items_purged":["Strike_B","Regret","Shame"],"score":1394,"play_id":"c7ccf7bf-c6e6-4d35-b3f5-67d115b387e9","local_time":"20190728193758","is_ascension_mode":true,"campfire_choices":[{"data":"Defragment","floor":7,"key":"SMITH"},{"floor":13,"key":"REST"},{"data":"Buffer","floor":15,"key":"SMITH"},{"data":"Darkness","floor":23,"key":"SMITH"},{"floor":30,"key":"REST"},{"floor":32,"key":"REST"},{"data":"Defragment","floor":41,"key":"SMITH"},{"floor":49,"key":"RECALL"}],"neow_cost":"PERCENT_DAMAGE","seed_source_timestamp":790929256477300,"circlet_count":0,"master_deck":["AscendersBane","Defend_B","Defend_B","Defend_B","Zap+1","Dualcast","Steam","Chill+1","Defragment+1","Rainbow","Darkness+1","Coolheaded","Buffer+1","Electrodynamics","Hologram+1","Multi-Cast","Recycle","Defragment+1","Coolheaded+1","Biased Cognition","Fission+1","Multi-Cast+1","Go for the Eyes","Reboot+1","Injury","Coolheaded+1","Cold Snap+1","Consume+1"],"relics":["FrozenCore","Blood Vial","Girya","Lantern","Cursed Key","Red Mask","Nloth\u0027s Gift","Ancient Tea Set","Toxic Egg 2","Orichalcum","Boot","Du-Vu Doll","Thread and Needle","Bottled Lightning","Molten Egg 2","PreservedInsect","Potion Belt"],"potions_floor_usage":[14,24,29,33,45,47,50,50],"damage_taken":[{"damage":5,"enemies":"Jaw Worm","floor":1,"turns":3},{"damage":0,"enemies":"Small Slimes","floor":3,"turns":3},{"damage":2,"enemies":"2 Louse","floor":6,"turns":3},{"damage":4,"enemies":"Lagavulin","floor":10,"turns":7},{"damage":3,"enemies":"Large Slime","floor":11,"turns":3},{"damage":9,"enemies":"3 Sentries","floor":14,"turns":7},{"damage":0,"enemies":"Slime Boss","floor":16,"turns":8},{"damage":0,"enemies":"3 Byrds","floor":18,"turns":2},{"damage":28,"enemies":"Masked Bandits","floor":20,"turns":4},{"damage":0,"enemies":"Chosen","floor":22,"turns":5},{"damage":11,"enemies":"Gremlin Leader","floor":24,"turns":5},{"damage":0,"enemies":"Shelled Parasite and Fungi","floor":25,"turns":5},{"damage":12,"enemies":"Centurion and Healer","floor":29,"turns":5},{"damage":34,"enemies":"Book of Stabbing","floor":31,"turns":5},{"damage":0,"enemies":"Champ","floor":33,"turns":10},{"damage":0,"enemies":"3 Shapes","floor":35,"turns":4},{"damage":0,"enemies":"Mind Bloom Boss Battle","floor":37,"turns":4},{"damage":4,"enemies":"2 Orb Walkers","floor":38,"turns":5},{"damage":17,"enemies":"Nemesis","floor":40,"turns":7},{"damage":0,"enemies":"3 Darklings","floor":42,"turns":6},{"damage":22,"enemies":"Reptomancer","floor":45,"turns":4},{"damage":19,"enemies":"Giant Head","floor":47,"turns":8},{"damage":0,"enemies":"Transient","floor":48,"turns":6},{"damage":16,"enemies":"Awakened One","floor":50,"turns":20}],"seed_played":"7343048434313288043","potions_obtained":[{"floor":6,"key":"Strength Potion"},{"floor":10,"key":"FocusPotion"},{"floor":11,"key":"FocusPotion"},{"floor":14,"key":"PowerPotion"},{"floor":24,"key":"AttackPotion"},{"floor":33,"key":"Explosive Potion"},{"floor":38,"key":"Fire Potion"},{"floor":47,"key":"Fire Potion"},{"floor":48,"key":"GamblersBrew"}],"is_trial":false,"path_per_floor":["M","?","M","?","?","M","R","?","T","E","M","$","R","E","R","B",null,"M","?","?","?","M","R","E","M","T","?","$","M","R","E","R","B",null,"M","?","?","?","?","E","R","M","T","$","E","?","E","M","R","B"],"character_chosen":"DEFECT","items_purchased":["Coolheaded","Defragment","Toxic Egg 2","Coolheaded+1","Orichalcum","PowerPotion"],"campfire_rested":3,"item_purchase_floors":[12,28,28,28,28,44],"current_hp_per_floor":[41,23,25,14,7,7,7,7,7,5,4,4,25,18,18,20,58,60,60,34,34,36,36,27,29,29,29,29,19,40,8,29,31,61,63,63,65,63,63,48,48,50,50,50,30,30,13,15,15,1],"gold":575,"neow_bonus":"TRANSFORM_TWO_CARDS","is_prod":false,"is_daily":false,"chose_seed":false,"campfire_upgraded":4,"win_rate":0,"timestamp":1564310278,"path_taken":["M","?","M","?","?","M","R","?","T","E","?","?","R","E","R","BOSS","M","?","?","?","M","R","E","?","T","?","$","?","R","E","R","BOSS","M","?","?","?","?","E","R","M","T","$","E","?","E","M","R","BOSS"],"build_version":"2019-07-17","purchased_purges":3,"victory":false,"max_hp_per_floor":[71,71,71,71,71,71,71,71,71,71,71,71,71,71,71,71,71,71,71,71,71,71,71,71,71,71,71,71,71,71,71,71,71,71,71,67,67,67,67,67,67,67,67,67,67,67,67,67,67,67],"card_choices":[{"not_picked":["Conserve Battery","Storm","Barrage"],"picked":"SKIP","floor":1},{"not_picked":["Aggregate","Barrage"],"picked":"Defragment","floor":3},{"not_picked":["Rebound","Go for the Eyes"],"picked":"Rainbow","floor":6},{"not_picked":["Barrage","Storm"],"picked":"Darkness","floor":10},{"not_picked":["Storm","Rebound","Leap"],"picked":"SKIP","floor":11},{"not_picked":["Seek","Cold Snap"],"picked":"Buffer","floor":14},{"not_picked":["Core Surge","All For One"],"picked":"Electrodynamics","floor":16},{"not_picked":["Steam Power","Ball Lightning"],"picked":"Hologram+1","floor":18},{"not_picked":["Hello World","Static Discharge+1","Chaos+1"],"picked":"SKIP","floor":22},{"not_picked":["Tempest","BootSequence"],"picked":"Multi-Cast","floor":24},{"not_picked":["Ball Lightning","Sweeping Beam"],"picked":"Recycle","floor":25},{"not_picked":["Cold Snap","Turbo+1","Leap+1"],"picked":"SKIP","floor":29},{"not_picked":["Gash","Multi-Cast+1"],"picked":"Biased Cognition","floor":31},{"not_picked":["Amplify+1","Seek+1"],"picked":"Fission+1","floor":33},{"not_picked":["Chaos+1","Hologram+1"],"picked":"Multi-Cast+1","floor":35},{"not_picked":["Sweeping Beam","Auto Shields+1"],"picked":"Go for the Eyes","floor":37},{"not_picked":["Chaos+1","Fusion+1"],"picked":"Reboot+1","floor":40},{"not_picked":["Chaos+1","Gash","Compile Driver+1"],"picked":"SKIP","floor":42},{"not_picked":["Steam+1","Chaos+1"],"picked":"Coolheaded+1","floor":45},{"not_picked":["Doom and Gloom+1","Leap+1"],"picked":"Cold Snap+1","floor":47},{"not_picked":["Steam+1","Compile Driver+1"],"picked":"Consume+1","floor":48}],"player_experience":1258678,"relics_obtained":[{"floor":9,"key":"War Paint"},{"floor":10,"key":"Girya"},{"floor":14,"key":"Lantern"},{"floor":20,"key":"Red Mask"},{"floor":24,"key":"Ancient Tea Set"},{"floor":31,"key":"Boot"},{"floor":37,"key":"Du-Vu Doll"},{"floor":38,"key":"Thread and Needle"},{"floor":40,"key":"Bottled Lightning"},{"floor":43,"key":"Molten Egg 2"},{"floor":45,"key":"PreservedInsect"},{"floor":47,"key":"Potion Belt"}],"event_choices":[{"damage_healed":0,"gold_gain":0,"player_choice":"Success","damage_taken":18,"relics_obtained":["Blood Vial"],"max_hp_gain":0,"max_hp_loss":0,"event_name":"Scrap Ooze","floor":2,"gold_loss":0},{"damage_healed":0,"gold_gain":75,"player_choice":"Gather Gold","damage_taken":11,"max_hp_gain":0,"max_hp_loss":0,"event_name":"World of Goop","floor":4,"gold_loss":0},{"cards_removed":["Strike_B"],"damage_healed":0,"gold_gain":0,"player_choice":"Card Removal","damage_taken":7,"max_hp_gain":0,"max_hp_loss":0,"event_name":"Golden Wing","floor":5,"gold_loss":0},{"damage_healed":0,"gold_gain":0,"player_choice":"Ignored","damage_taken":0,"max_hp_gain":0,"max_hp_loss":0,"event_name":"Shining Light","floor":8,"gold_loss":0},{"damage_healed":0,"gold_gain":50,"player_choice":"Stole From Cult","damage_taken":0,"max_hp_gain":0,"max_hp_loss":0,"event_name":"Nest","floor":19,"gold_loss":0},{"damage_healed":0,"gold_gain":0,"player_choice":"Fought Bandits","damage_taken":0,"max_hp_gain":0,"max_hp_loss":0,"event_name":"Masked Bandits","floor":20,"gold_loss":0},{"damage_healed":0,"gold_gain":0,"player_choice":"Traded Relic","damage_taken":0,"relics_obtained":["Nloth\u0027s Gift"],"max_hp_gain":0,"max_hp_loss":0,"event_name":"N\u0027loth","floor":21,"relics_lost":["War Paint"],"gold_loss":0},{"damage_healed":0,"gold_gain":275,"player_choice":"Desecrate","damage_taken":0,"max_hp_gain":0,"max_hp_loss":0,"event_name":"Golden Shrine","floor":27,"gold_loss":0,"cards_obtained":["Regret"]},{"damage_healed":0,"gold_gain":0,"player_choice":"Max HP","damage_taken":0,"max_hp_gain":0,"max_hp_loss":4,"event_name":"Winding Halls","floor":36,"gold_loss":0},{"damage_healed":0,"gold_gain":0,"player_choice":"Fight","damage_taken":0,"max_hp_gain":0,"max_hp_loss":0,"event_name":"MindBloom","floor":37,"gold_loss":0},{"damage_healed":0,"gold_gain":0,"player_choice":"Fight","damage_taken":0,"max_hp_gain":0,"max_hp_loss":0,"event_name":"Mysterious Sphere","floor":38,"gold_loss":0},{"cards_removed":["Strike_B"],"damage_healed":0,"gold_gain":0,"player_choice":"Removed Attack","damage_taken":0,"max_hp_gain":0,"max_hp_loss":0,"event_name":"Falling","floor":39,"gold_loss":0},{"damage_healed":0,"gold_gain":222,"player_choice":"Wore Mask","damage_taken":0,"max_hp_gain":0,"max_hp_loss":0,"event_name":"Tomb of Lord Red Mask","floor":46,"gold_loss":0}],"is_beta":false,"boss_relics":[{"not_picked":["Eternal Feather","Lizard Tail"],"picked":"Cursed Key"},{"not_picked":["Black Star","Philosopher\u0027s Stone"],"picked":"FrozenCore"}],"items_purged_floors":[12,28,44],"is_endless":false,"potions_floor_spawned":[6,10,11,14,24,25,33,38,40,47,48],"killed_by":"Awakened One","ascension_level":20}