{"gold_per_floor":[109,120,120,30,42,42,71,71,147,160,184,200,15,43,43,120,120,133,50,61,81,96,129,129,147,173,173,187,207,241,241,241,318,318,334,344,444,491,502,531,531,549,630,648,658,670,685,695,695,695,695,695,695,143,172,172],"floor_reached":56,"playtime":8215,"items_purged":["Eviscerate"],"score":2074,"play_id":"4255fdb6-11b1-49d9-bb5c-2f35bcc02378","local_time":"20190721225342","is_ascension_mode":true,"campfire_choices":[{"data":"Noxious Fumes","floor":6.0,"key":"SMITH"},{"data":"Flying Knee","floor":8.0,"key":"SMITH"},{"floor":15.0,"key":"REST"},{"floor":24.0,"key":"REST"},{"data":"Apotheosis","floor":27.0,"key":"SMITH"},{"floor":32.0,"key":"REST"},{"floor":41.0,"key":"REST"},{"floor":49.0,"key":"RECALL"},{"data":"Wraith Form v2","floor":53.0,"key":"SMITH"}],"neow_cost":"NONE","seed_source_timestamp":933870464950975,"circlet_count":0,"master_deck":["AscendersBane","Survivor","Neutralize+1","Dagger Throw","Flying Knee+1","Noxious Fumes+1","Cloak And Dagger","Deadly Poison","Apotheosis+1","Malaise","PiercingWail","Well Laid Plans","PiercingWail","Dodge and Roll+1","Wraith Form v2+1","Malaise","All Out Attack","Blade Dance","Envenom","Dash+1","Distraction","Escape Plan","Sucker Punch","Well Laid Plans","Burst","Acrobatics","Crippling Poison","Calculated Gamble+1"],"special_seed":0,"relics":["Ring of the Snake","Bag of Preparation","Ninja Scroll","Odd Mushroom","FossilizedHelix","Sozu","Incense Burner","Strawberry","Matryoshka","Nilry\u0027s Codex","Pandora\u0027s Box","Thread and Needle","Girya","Pen Nib","Happy Flower","TwistedFunnel","Lantern","Whetstone"],"potions_floor_usage":[],"damage_taken":[{"damage":7.0,"enemies":"2 Louse","floor":1.0,"turns":3.0},{"damage":0.0,"enemies":"Cultist","floor":2.0,"turns":3.0},{"damage":2.0,"enemies":"Small Slimes","floor":5.0,"turns":5.0},{"damage":12.0,"enemies":"Lagavulin","floor":7.0,"turns":6.0},{"damage":5.0,"enemies":"Exordium Wildlife","floor":10.0,"turns":5.0},{"damage":8.0,"enemies":"The Mushroom Lair","floor":11.0,"turns":4.0},{"damage":5.0,"enemies":"Lots of Slimes","floor":12.0,"turns":5.0},{"damage":21.0,"enemies":"3 Sentries","floor":14.0,"turns":6.0},{"damage":0.0,"enemies":"The Guardian","floor":16.0,"turns":10.0},{"damage":0.0,"enemies":"Chosen","floor":18.0,"turns":6.0},{"damage":2.0,"enemies":"Shell Parasite","floor":20.0,"turns":5.0},{"damage":0.0,"enemies":"Snecko","floor":21.0,"turns":7.0},{"damage":7.0,"enemies":"Cultist and Chosen","floor":22.0,"turns":8.0},{"damage":27.0,"enemies":"Gremlin Leader","floor":23.0,"turns":9.0},{"damage":3.0,"enemies":"3 Cultists","floor":25.0,"turns":7.0},{"damage":0.0,"enemies":"Snecko","floor":28.0,"turns":5.0},{"damage":6.0,"enemies":"Chosen and Byrds","floor":29.0,"turns":8.0},{"damage":8.0,"enemies":"Book of Stabbing","floor":30.0,"turns":7.0},{"damage":24.0,"enemies":"Automaton","floor":33.0,"turns":16.0},{"damage":3.0,"enemies":"Orb Walker","floor":35.0,"turns":4.0},{"damage":5.0,"enemies":"3 Shapes","floor":36.0,"turns":6.0},{"damage":0.0,"enemies":"Mind Bloom Boss Battle","floor":37.0,"turns":9.0},{"damage":0.0,"enemies":"2 Orb Walkers","floor":38.0,"turns":5.0},{"damage":26.0,"enemies":"Spire Growth","floor":39.0,"turns":6.0},{"damage":17.0,"enemies":"Nemesis","floor":40.0,"turns":9.0},{"damage":0.0,"enemies":"3 Darklings","floor":42.0,"turns":8.0},{"damage":0.0,"enemies":"4 Shapes","floor":44.0,"turns":7.0},{"damage":1.0,"enemies":"Transient","floor":45.0,"turns":6.0},{"damage":0.0,"enemies":"Writhing Mass","floor":46.0,"turns":10.0},{"damage":0.0,"enemies":"3 Darklings","floor":47.0,"turns":5.0},{"damage":0.0,"enemies":"Jaw Worm Horde","floor":48.0,"turns":6.0},{"damage":20.0,"enemies":"Donu and Deca","floor":50.0,"turns":13.0},{"damage":0.0,"enemies":"Time Eater","floor":51.0,"turns":21.0},{"damage":48,"enemies":"Shield and Spear","floor":55,"turns":12},{"damage":17,"enemies":"The Heart","floor":56,"turns":8}],"seed_played":"9118284874911368559","potions_obtained":[{"floor":5.0,"key":"FearPotion"},{"floor":10.0,"key":"AttackPotion"},{"floor":11.0,"key":"Dexterity Potion"}],"is_trial":false,"path_per_floor":["M","M","?","$","M","R","E","R","T","M","?","M","$","E","R","B",null,"M","$","M","M","M","E","R","M","T","R","M","M","E","?","R","B",null,"M","M","?","?","M","E","R","M","T","M","M","M","M","M","R","B","B",null,"R","$","E","B"],"character_chosen":"THE_SILENT","items_purchased":["Noxious Fumes","Poison Potion","Apotheosis","Well Laid Plans","TwistedFunnel","Acrobatics","Lantern","Crippling Poison"],"campfire_rested":4,"item_purchase_floors":[4,4,13,19,54,54,54,54],"current_hp_per_floor":[58,58,58,58,56,56,44,44,44,39,31,26,26,5,26,26,61,61,61,59,59,52,25,46,43,50,50,50,44,36,15,38,14,63,60,55,55,55,29,12,35,35,35,35,34,34,34,34,34,14,14,63,63,63,15,0],"gold":172,"neow_bonus":"TEN_PERCENT_HP_BONUS","is_prod":false,"is_daily":false,"chose_seed":false,"campfire_upgraded":4,"win_rate":0,"timestamp":1563742422,"path_taken":["M","M","?","$","M","R","E","R","T","?","?","M","?","E","R","BOSS","M","?","M","M","M","E","R","M","T","R","M","M","E","?","R","BOSS","M","M","?","?","M","E","R","M","T","M","?","M","M","M","R","BOSS","BOSS","R","$","E","BOSS"],"build_version":"2019-07-17","purchased_purges":1,"victory":false,"max_hp_per_floor":[72,72,72,72,72,72,72,72,72,72,72,72,72,72,72,72,72,72,72,72,72,72,72,72,72,79,79,79,79,79,79,79,79,79,79,79,79,79,79,79,79,79,79,79,79,79,79,79,79,79,79,79,79,79,79,79],"card_choices":[{"not_picked":["Deflect","PiercingWail"],"picked":"Dagger Throw","floor":1.0},{"not_picked":["Tactician","Riddle With Holes"],"picked":"Flying Knee","floor":2.0},{"not_picked":["Eviscerate","Concentrate"],"picked":"Cloak And Dagger","floor":7.0},{"not_picked":["Acrobatics","Dagger Spray"],"picked":"Deadly Poison","floor":10.0},{"not_picked":["Burst","Glass Knife"],"picked":"Malaise","floor":16.0},{"not_picked":["Bane","Prepared"],"picked":"PiercingWail","floor":18.0},{"not_picked":["Flying Knee","Underhanded Strike"],"picked":"PiercingWail","floor":21.0},{"not_picked":["Poisoned Stab","Outmaneuver"],"picked":"Dodge and Roll+1","floor":28.0},{"not_picked":["Blade Dance","Caltrops"],"picked":"Wraith Form v2","floor":30.0},{"not_picked":["Riddle With Holes","Underhanded Strike+1"],"picked":"Well Laid Plans","floor":38.0},{"not_picked":["Outmaneuver","Riddle With Holes","Concentrate"],"picked":"SKIP","floor":44.0},{"not_picked":["Deadly Poison+1","Flying Knee","Dodge and Roll+1"],"picked":"SKIP","floor":45.0},{"not_picked":["Caltrops","Quick Slash"],"picked":"Burst","floor":47.0},{"not_picked":["Dagger Spray+1","Outmaneuver","Blade Dance+1"],"picked":"SKIP","floor":48.0},{"not_picked":["All Out Attack","Unload"],"picked":"Calculated Gamble+1","floor":55}],"player_experience":1308929,"relics_obtained":[{"floor":7.0,"key":"Bag of Preparation"},{"floor":9.0,"key":"Ninja Scroll"},{"floor":11.0,"key":"Odd Mushroom"},{"floor":14.0,"key":"FossilizedHelix"},{"floor":23.0,"key":"Incense Burner"},{"floor":26.0,"key":"Strawberry"},{"floor":30.0,"key":"Matryoshka"},{"floor":31.0,"key":"Nilry\u0027s Codex"},{"floor":37.0,"key":"Thread and Needle"},{"floor":38.0,"key":"Girya"},{"floor":40.0,"key":"Pen Nib"},{"floor":43.0,"key":"Happy Flower"},{"floor":55,"key":"Whetstone"}],"event_choices":[{"cards_removed":["Strike_G"],"damage_healed":0.0,"max_hp_gain":0.0,"max_hp_loss":0.0,"gold_gain":0.0,"event_name":"Bonfire Elementals","player_choice":"Offered Basic","floor":3.0,"gold_loss":0.0,"damage_taken":0.0},{"damage_healed":0.0,"max_hp_gain":0.0,"max_hp_loss":0.0,"gold_gain":0.0,"event_name":"Mushrooms","player_choice":"Fought Mushrooms","floor":11.0,"gold_loss":0.0,"damage_taken":0.0},{"damage_healed":0.0,"max_hp_gain":0.0,"max_hp_loss":0.0,"gold_gain":0.0,"event_name":"Cursed Tome","player_choice":"Obtained Book","floor":31.0,"gold_loss":0.0,"damage_taken":21.0},{"damage_healed":0.0,"max_hp_gain":0.0,"max_hp_loss":0.0,"gold_gain":0.0,"event_name":"MindBloom","player_choice":"Fight","floor":37.0,"gold_loss":0.0,"damage_taken":0.0},{"damage_healed":0.0,"max_hp_gain":0.0,"max_hp_loss":0.0,"gold_gain":0.0,"event_name":"Mysterious Sphere","player_choice":"Fight","floor":38.0,"gold_loss":0.0,"damage_taken":0.0}],"is_beta":false,"boss_relics":[{"not_picked":["Cursed Key","Coffee Dripper"],"picked":"Sozu"},{"not_picked":["Busted Crown","WristBlade"],"picked":"Pandora\u0027s Box"}],"items_purged_floors":[54],"is_endless":false,"potions_floor_spawned":[5,10,11,18,23,30,37,39,42,44,45,46,48],"killed_by":"The Heart","ascension_level":20}