{"gold_per_floor":[17,17,38,38,38,76,76,112,112,112,187,187,187,205,205,299,299,322,322,322],"floor_reached":20,"playtime":463,"items_purged":[],"score":506,"play_id":"637a26a0-1c64-4262-be64-f56b8952b92f","local_time":"20190723223914","is_ascension_mode":true,"campfire_choices":[{"data":"Hyperbeam","floor":7,"key":"SMITH"},{"data":"Consume","floor":10,"key":"SMITH"},{"data":"Buffer","floor":13,"key":"SMITH"},{"data":"Reboot","floor":15,"key":"SMITH"}],"neow_cost":"NO_GOLD","seed_source_timestamp":371551139276200,"circlet_count":0,"master_deck":["AscendersBane","Strike_B","Defend_B","Defend_B","Defend_B","Zap","Dualcast","Hyperbeam+1","Core Surge","Chill","White Noise","Reboot+1","Consume+1","Buffer+1","Undo","Echo Form","Pain","Decay","Shame","Self Repair","Sweeping Beam"],"relics":["Cracked Core","Golden Idol","Symbiotic Virus","Smiling Mask","Potion Belt","Calling Bell","Juzu Bracelet","Matryoshka","Prayer Wheel"],"potions_floor_usage":[6,16],"damage_taken":[{"damage":0,"enemies":"2 Louse","floor":1,"turns":2},{"damage":12,"enemies":"Small Slimes","floor":3,"turns":2},{"damage":18,"enemies":"Lagavulin","floor":6,"turns":7},{"damage":0,"enemies":"3 Sentries","floor":8,"turns":2},{"damage":0,"enemies":"Jaw Worm","floor":14,"turns":4},{"damage":0,"enemies":"The Guardian","floor":16,"turns":13},{"damage":0,"enemies":"3 Byrds","floor":18,"turns":2},{"damage":21,"enemies":"Shell Parasite","floor":20,"turns":4}],"seed_played":"6732100245875669826","potions_obtained":[{"floor":3,"key":"Poison Potion"},{"floor":6,"key":"Regen Potion"},{"floor":8,"key":"LiquidBronze"},{"floor":16,"key":"Weak Potion"}],"is_trial":false,"path_per_floor":["M","?","M","?","?","E","R","E","T","R","?","?","R","M","R","B",null,"M","?","M"],"character_chosen":"DEFECT","items_purchased":[],"campfire_rested":0,"item_purchase_floors":[],"current_hp_per_floor":[64,64,52,57,50,32,32,32,32,32,21,21,21,21,21,36,61,61,61,40],"gold":322,"neow_bonus":"TRANSFORM_TWO_CARDS","is_prod":false,"is_daily":false,"chose_seed":false,"campfire_upgraded":4,"win_rate":0,"timestamp":1563889154,"path_taken":["M","?","M","?","?","E","R","E","T","R","?","?","R","M","R","BOSS","M","?","M"],"build_version":"2019-07-17","purchased_purges":0,"victory":false,"max_hp_per_floor":[71,64,64,69,69,69,69,69,69,69,69,69,69,69,69,69,69,69,69,69],"card_choices":[{"not_picked":["Sweeping Beam","Static Discharge"],"picked":"Chill","floor":1},{"not_picked":["Ball Lightning","Streamline"],"picked":"White Noise","floor":3},{"not_picked":["Aggregate","Coolheaded"],"picked":"Reboot","floor":6},{"not_picked":["Blizzard","Tempest"],"picked":"Consume","floor":8},{"not_picked":["Rebound","Steam"],"picked":"Undo","floor":14},{"not_picked":["Buffer","Amplify"],"picked":"Echo Form","floor":16},{"not_picked":["Gash+1","Rebound"],"picked":"Self Repair","floor":18},{"not_picked":["Ball Lightning","Skim"],"picked":"Sweeping Beam","floor":18}],"player_experience":1163700,"relics_obtained":[{"floor":6,"key":"Symbiotic Virus"},{"floor":8,"key":"Smiling Mask"},{"floor":9,"key":"Potion Belt"},{"floor":17,"key":"Juzu Bracelet"},{"floor":17,"key":"Matryoshka"},{"floor":17,"key":"Prayer Wheel"}],"event_choices":[{"damage_healed":0,"gold_gain":0,"player_choice":"Lose Max HP","damage_taken":0,"relics_obtained":["Golden Idol"],"max_hp_gain":0,"max_hp_loss":7,"event_name":"Golden Idol","floor":2,"gold_loss":0},{"damage_healed":0,"gold_gain":0,"player_choice":"Donut","damage_taken":0,"max_hp_gain":5,"max_hp_loss":0,"event_name":"Big Fish","floor":4,"gold_loss":0},{"cards_removed":["Strike_B"],"damage_healed":0,"gold_gain":0,"player_choice":"Card Removal","damage_taken":7,"max_hp_gain":0,"max_hp_loss":0,"event_name":"Golden Wing","floor":5,"gold_loss":0},{"damage_healed":0,"gold_gain":75,"player_choice":"Gather Gold","damage_taken":11,"max_hp_gain":0,"max_hp_loss":0,"event_name":"World of Goop","floor":11,"gold_loss":0},{"damage_healed":0,"gold_gain":0,"cards_transformed":["Strike_B"],"player_choice":"Change","damage_taken":0,"max_hp_gain":0,"max_hp_loss":0,"event_name":"Living Wall","floor":12,"gold_loss":0,"cards_obtained":["Buffer"]},{"damage_healed":0,"gold_gain":0,"player_choice":"Ignored","damage_taken":0,"max_hp_gain":0,"max_hp_loss":0,"event_name":"The Mausoleum","floor":19,"gold_loss":0}],"is_beta":false,"boss_relics":[{"not_picked":["Coffee Dripper","Busted Crown"],"picked":"Calling Bell"}],"items_purged_floors":[],"is_endless":false,"potions_floor_spawned":[3,6,8,16],"killed_by":"Shell Parasite","ascension_level":20}