{"gold_per_floor":[110,110,160,34,48,48,73,73,73,73,88,106,125,157,157,157],"floor_reached":16,"playtime":528,"items_purged":["Regret"],"score":220,"play_id":"68f4e694-a1ce-40a7-8b41-6125dcd62d7f","local_time":"20190620180457","is_ascension_mode":true,"campfire_choices":[{"data":"Armaments","floor":6,"key":"SMITH"},{"floor":8,"key":"REST"},{"data":"Bash","floor":10,"key":"SMITH"},{"floor":15,"key":"REST"}],"neow_cost":"NONE","seed_source_timestamp":74540068776800,"circlet_count":0,"master_deck":["AscendersBane","Strike_R","Strike_R","Strike_R","Strike_R","Strike_R","Defend_R","Defend_R","Defend_R","Defend_R","Bash+1","Armaments+1","Feel No Pain","Disarm","Flame Barrier","Shockwave","Double Tap","Evolve"],"relics":["Snecko Eye","Bag of Marbles","Question Card","Ancient Tea Set"],"potions_floor_usage":[7,16],"damage_taken":[{"damage":7,"enemies":"Jaw Worm","floor":1,"turns":2},{"damage":0,"enemies":"Small Slimes","floor":5,"turns":3},{"damage":47,"enemies":"Gremlin Nob","floor":7,"turns":5},{"damage":0,"enemies":"Cultist","floor":11,"turns":2},{"damage":0,"enemies":"Exordium Wildlife","floor":12,"turns":3},{"damage":1,"enemies":"Looter","floor":13,"turns":3},{"damage":18,"enemies":"3 Sentries","floor":14,"turns":18},{"damage":28,"enemies":"Slime Boss","floor":16,"turns":6}],"seed_played":"7666718718518279850","potions_obtained":[{"floor":5,"key":"Block Potion"},{"floor":11,"key":"Swift Potion"},{"floor":12,"key":"FearPotion"},{"floor":13,"key":"Dexterity Potion"}],"is_trial":false,"path_per_floor":["M","?","?","$","M","R","E","R","T","R","M","M","M","E","R","B"],"character_chosen":"IRONCLAD","items_purchased":["Armaments"],"campfire_rested":2,"item_purchase_floors":[4],"current_hp_per_floor":[61,61,54,54,54,54,7,29,29,29,29,29,28,10,32,4],"gold":157,"neow_bonus":"BOSS_RELIC","is_prod":false,"is_daily":false,"chose_seed":false,"campfire_upgraded":2,"win_rate":0,"timestamp":1561021497,"path_taken":["M","?","?","$","?","R","E","R","T","R","M","M","M","E","R","BOSS"],"build_version":"2019-01-23","purchased_purges":1,"victory":false,"max_hp_per_floor":[75,75,75,75,75,75,75,75,75,75,75,75,75,75,75,75],"card_choices":[{"not_picked":["Warcry","Thunderclap","Cleave"],"picked":"SKIP","floor":1},{"not_picked":["Cleave","Flex"],"picked":"Feel No Pain","floor":5},{"not_picked":["Headbutt","Bloodletting"],"picked":"Disarm","floor":7},{"not_picked":["Wild Strike","Twin Strike","Reckless Charge"],"picked":"Flame Barrier","floor":11},{"not_picked":["Perfected Strike","Reckless Charge","Sword Boomerang"],"picked":"Shockwave","floor":12},{"not_picked":["Rupture","Cleave","Thunderclap"],"picked":"Double Tap","floor":13},{"not_picked":["Armaments","Wild Strike","Hemokinesis"],"picked":"Evolve","floor":14}],"player_experience":712608,"relics_obtained":[{"floor":7,"key":"Question Card"},{"floor":14,"key":"Ancient Tea Set"}],"event_choices":[{"damage_healed":0,"gold_gain":0,"player_choice":"Box","damage_taken":0,"relics_obtained":["Bag of Marbles"],"max_hp_gain":0,"max_hp_loss":0,"event_name":"Big Fish","floor":2,"gold_loss":0,"cards_obtained":["Regret"]},{"damage_healed":0,"gold_gain":50,"player_choice":"Touch","damage_taken":7,"max_hp_gain":0,"max_hp_loss":0,"event_name":"FaceTrader","floor":3,"gold_loss":0}],"is_beta":false,"boss_relics":[],"items_purged_floors":[4],"is_endless":false,"potions_floor_spawned":[5,11,12,13],"killed_by":"Slime Boss","ascension_level":20}