{"gold_per_floor":[112,126,126,141,141,168,168,196,273,273,291,325,345,365,365,365],"floor_reached":16,"playtime":836,"items_purged":[],"score":244,"play_id":"e0d4e4ea-f8c6-4299-9dd4-9b6619e90aad","local_time":"20190629123135","is_ascension_mode":true,"campfire_choices":[{"data":"Dagger Spray","floor":7,"key":"SMITH"},{"floor":10,"key":"REST"},{"data":"Malaise","floor":15,"key":"SMITH"}],"neow_cost":"NONE","seed_source_timestamp":94747504066135,"circlet_count":0,"master_deck":["AscendersBane","Defend_G","Defend_G","Defend_G","Defend_G","Defend_G","Strike_G","Strike_G","Strike_G","Strike_G","Strike_G","Survivor","Neutralize+1","Flying Knee","Poisoned Stab+1","Dagger Spray+1","PiercingWail","Backflip","Terror","Malaise+1","Dagger Throw"],"relics":["Ring of the Snake","Blood Vial","Pocketwatch","Whetstone","PreservedInsect","Sundial","Omamori"],"potions_floor_usage":[6],"damage_taken":[{"damage":0,"enemies":"Cultist","floor":1,"turns":4},{"damage":4,"enemies":"2 Louse","floor":2,"turns":3},{"damage":2,"enemies":"Jaw Worm","floor":4,"turns":5},{"damage":12,"enemies":"3 Sentries","floor":6,"turns":8},{"damage":24,"enemies":"Gremlin Nob","floor":8,"turns":4},{"damage":1,"enemies":"Blue Slaver","floor":11,"turns":3},{"damage":2,"enemies":"Lagavulin","floor":12,"turns":4},{"damage":0,"enemies":"3 Louse","floor":13,"turns":2},{"damage":2,"enemies":"Red Slaver","floor":14,"turns":3},{"damage":59,"enemies":"Slime Boss","floor":16,"turns":7}],"seed_played":"2958849214441044873","potions_obtained":[{"floor":1,"key":"Swift Potion"},{"floor":4,"key":"Block Potion"},{"floor":11,"key":"SmokeBomb"}],"is_trial":false,"path_per_floor":["M","M","?","M","?","E","R","E","T","R","M","E","M","M","R","B"],"character_chosen":"THE_SILENT","items_purchased":[],"campfire_rested":1,"item_purchase_floors":[],"current_hp_per_floor":[61,59,59,59,59,49,49,27,27,46,47,47,49,49,49,0],"gold":365,"neow_bonus":"RANDOM_COMMON_RELIC","is_prod":false,"is_daily":false,"chose_seed":false,"campfire_upgraded":2,"win_rate":0,"timestamp":1561804295,"path_taken":["M","M","?","M","?","E","R","E","T","R","M","E","M","M","R","BOSS"],"build_version":"2019-01-23","purchased_purges":0,"victory":false,"max_hp_per_floor":[66,66,66,66,66,66,66,66,66,66,66,66,66,66,66,66],"card_choices":[{"not_picked":["Acrobatics","Prepared"],"picked":"Flying Knee","floor":1},{"not_picked":["Caltrops","Deadly Poison"],"picked":"Poisoned Stab","floor":2},{"not_picked":["Acrobatics","Sucker Punch"],"picked":"Dagger Spray","floor":4},{"not_picked":["Underhanded Strike","Quick Slash"],"picked":"PiercingWail","floor":6},{"not_picked":["Tactician","Prepared"],"picked":"Backflip","floor":8},{"not_picked":["PiercingWail","Backflip"],"picked":"Terror","floor":11},{"not_picked":["Reflex","Leg Sweep"],"picked":"Malaise","floor":12},{"not_picked":["Quick Slash","All Out Attack"],"picked":"Dagger Throw","floor":13},{"not_picked":["Slice","Deadly Poison","Quick Slash"],"picked":"SKIP","floor":14}],"player_experience":1143763,"relics_obtained":[{"floor":5,"key":"Pocketwatch"},{"floor":6,"key":"Whetstone"},{"floor":8,"key":"PreservedInsect"},{"floor":9,"key":"Sundial"},{"floor":12,"key":"Omamori"}],"event_choices":[{"damage_healed":0,"gold_gain":0,"player_choice":"Leave","damage_taken":0,"max_hp_gain":0,"max_hp_loss":0,"event_name":"The Cleric","floor":3,"gold_loss":0},{"damage_healed":0,"gold_gain":0,"player_choice":"Relic","damage_taken":0,"max_hp_gain":0,"max_hp_loss":0,"event_name":"Wheel of Change","floor":5,"gold_loss":0}],"is_beta":false,"boss_relics":[],"items_purged_floors":[],"is_endless":false,"potions_floor_spawned":[1,4,11],"killed_by":"Slime Boss","ascension_level":20}