{"gold_per_floor":[13,27,45,60,10,44,44,59,115,146,146,166,166,198,198,295,295,308,308,275,275,293,293,304,336,361,43,54,54,67,83,83,185,235,247,260,306,325,325],"floor_reached":39,"playtime":2427,"items_purged":[],"score":610,"play_id":"499a9fa4-83aa-405e-ac50-428240273740","local_time":"20190608172636","is_ascension_mode":true,"campfire_choices":[{"floor":7.0,"key":"REST"},{"floor":15.0,"key":"REST"},{"floor":23.0,"key":"REST"},{"floor":29.0,"key":"REST"},{"floor":32.0,"key":"REST"}],"neow_cost":"NO_GOLD","seed_source_timestamp":1131278040813480,"circlet_count":0,"master_deck":["Defend_G","Defend_G","Defend_G","Defend_G","Defend_G","Strike_G","Strike_G","Strike_G","Strike_G","Strike_G","Survivor","Neutralize","Deadly Poison","Poisoned Stab","Catalyst","Noxious Fumes","Poisoned Stab","Leg Sweep+1","Burst","Sucker Punch","Dash","Deadly Poison","Heel Hook+1","Poisoned Stab","Corpse Explosion","Bane","Bane+1","Escape Plan","Venomology","Quick Slash+1","Caltrops+1","Backflip","Bane+1"],"special_seed":0,"relics":["Ring of the Snake","Thread and Needle","Pen Nib","Tiny Chest","Ancient Tea Set","Centennial Puzzle","Letter Opener","Lizard Tail","Strawberry","Snake Skull","Anchor","Tiny House","Torii"],"potions_floor_usage":[33,33,37,37],"damage_taken":[{"damage":0.0,"enemies":"Cultist","floor":1.0,"turns":6.0},{"damage":0.0,"enemies":"2 Louse","floor":2.0,"turns":3.0},{"damage":0.0,"enemies":"Small Slimes","floor":3.0,"turns":4.0},{"damage":0.0,"enemies":"Exordium Thugs","floor":4.0,"turns":3.0},{"damage":18.0,"enemies":"Lagavulin","floor":6.0,"turns":5.0},{"damage":4.0,"enemies":"Blue Slaver","floor":8.0,"turns":4.0},{"damage":3.0,"enemies":"Gremlin Nob","floor":10.0,"turns":3.0},{"damage":1.0,"enemies":"2 Fungi Beasts","floor":12.0,"turns":4.0},{"damage":6.0,"enemies":"3 Sentries","floor":14.0,"turns":7.0},{"damage":4.0,"enemies":"Slime Boss","floor":16.0,"turns":8.0},{"damage":3.0,"enemies":"Shell Parasite","floor":18.0,"turns":6.0},{"damage":7.0,"enemies":"2 Thieves","floor":20.0,"turns":5.0},{"damage":5.0,"enemies":"Snake Plant","floor":22.0,"turns":3.0},{"damage":2.0,"enemies":"Cultist and Chosen","floor":24.0,"turns":6.0},{"damage":32.0,"enemies":"Book of Stabbing","floor":25.0,"turns":5.0},{"damage":6.0,"enemies":"Snecko","floor":28.0,"turns":5.0},{"damage":0.0,"enemies":"Snake Plant","floor":30.0,"turns":3.0},{"damage":2.0,"enemies":"3 Cultists","floor":31.0,"turns":3.0},{"damage":103,"enemies":"Collector","floor":33,"turns":7},{"damage":0,"enemies":"3 Darklings","floor":35,"turns":2},{"damage":5,"enemies":"3 Shapes","floor":36,"turns":6},{"damage":0,"enemies":"2 Orb Walkers","floor":37,"turns":3},{"damage":36,"enemies":"Jaw Worm Horde","floor":38,"turns":3},{"damage":32,"enemies":"Transient","floor":39,"turns":4}],"seed_played":"7184225897199553659","potions_obtained":[{"floor":4.0,"key":"Ancient Potion"},{"floor":6.0,"key":"Poison Potion"},{"floor":8.0,"key":"Dexterity Potion"},{"floor":12.0,"key":"SteroidPotion"},{"floor":16.0,"key":"Swift Potion"},{"floor":18.0,"key":"SpeedPotion"},{"floor":20.0,"key":"FearPotion"},{"floor":21.0,"key":"Ancient Potion"},{"floor":21.0,"key":"Energy Potion"},{"floor":28.0,"key":"Dexterity Potion"},{"floor":31.0,"key":"Block Potion"},{"floor":34,"key":"Strength Potion"},{"floor":35,"key":"SkillPotion"},{"floor":36,"key":"GhostInAJar"},{"floor":38,"key":"Dexterity Potion"}],"is_trial":false,"path_per_floor":["M","M","M","M","$","E","R","M","T","E","$","M","?","E","R","B",null,"M","?","M","?","M","R","M","E","T","$","M","R","M","M","R","B",null,"M","M","?","M","M"],"character_chosen":"THE_SILENT","items_purchased":["SkillPotion","Corpse Explosion","Anchor","Bane"],"campfire_rested":5,"item_purchase_floors":[5,27,27,27],"current_hp_per_floor":[63,63,63,63,63,45,66,62,62,59,59,58,55,49,70,66,69,66,66,59,59,54,70,68,43,43,43,37,60,60,58,77,38,72,72,67,67,31,0],"gold":325,"neow_bonus":"ONE_RARE_RELIC","is_prod":false,"is_daily":false,"chose_seed":false,"campfire_upgraded":0,"win_rate":0,"timestamp":1560003996,"path_taken":["M","M","?","M","?","E","R","M","T","E","$","M","?","E","R","BOSS","M","?","M","?","?","R","M","E","T","$","M","R","M","M","R","BOSS","M","M","?","M","M"],"build_version":"2019-01-23","purchased_purges":0,"victory":false,"max_hp_per_floor":[70,70,70,70,70,70,70,70,70,70,70,70,70,70,70,70,70,70,70,70,70,70,70,70,77,77,77,77,77,77,77,77,77,82,82,82,82,82,82],"card_choices":[{"not_picked":["Blade Dance","Slice"],"picked":"Deadly Poison","floor":1.0},{"not_picked":["Riddle With Holes","Sucker Punch"],"picked":"Poisoned Stab","floor":2.0},{"not_picked":["Choke","Finisher"],"picked":"Catalyst","floor":3.0},{"not_picked":["Dagger Throw","Eviscerate"],"picked":"Noxious Fumes","floor":4.0},{"not_picked":["Predator","Tools of the Trade","Dodge and Roll"],"picked":"SKIP","floor":6.0},{"not_picked":["PiercingWail","Skewer"],"picked":"Poisoned Stab","floor":8.0},{"not_picked":["Endless Agony","Underhanded Strike","Dagger Throw"],"picked":"SKIP","floor":10.0},{"not_picked":["Blur","Calculated Gamble"],"picked":"Terror","floor":12.0},{"not_picked":["Skewer","Flying Knee"],"picked":"Leg Sweep","floor":14.0},{"not_picked":["Malaise","Doppelganger"],"picked":"Burst","floor":16.0},{"not_picked":["Prepared","Quick Slash"],"picked":"Well Laid Plans+1","floor":18.0},{"not_picked":["Setup","Heel Hook"],"picked":"Deadly Poison","floor":20.0},{"not_picked":["Outmaneuver","Flechettes"],"picked":"Heel Hook+1","floor":22.0},{"not_picked":["Dodge and Roll","Accuracy","Blade Dance"],"picked":"SKIP","floor":24.0},{"not_picked":["Dagger Spray+1","Underhanded Strike"],"picked":"Poisoned Stab","floor":25.0},{"not_picked":["Riddle With Holes","Cloak And Dagger"],"picked":"Bane+1","floor":28.0},{"not_picked":["Blade Dance","Flying Knee"],"picked":"Escape Plan","floor":30.0},{"not_picked":["Acrobatics","Prepared+1","Dagger Spray"],"picked":"SKIP","floor":31.0},{"not_picked":["Bullet Time","Storm of Steel"],"picked":"Venomology","floor":33},{"not_picked":["Prepared+1","Concentrate"],"picked":"Quick Slash+1","floor":34},{"not_picked":["Footwork+1","Dagger Spray"],"picked":"Caltrops+1","floor":35},{"not_picked":["Dagger Spray+1","Flechettes+1"],"picked":"Backflip","floor":36},{"not_picked":["Underhanded Strike","Eviscerate"],"picked":"Bane+1","floor":38}],"player_experience":1490158,"relics_obtained":[{"floor":6.0,"key":"Pen Nib"},{"floor":9.0,"key":"Tiny Chest"},{"floor":10.0,"key":"Ancient Tea Set"},{"floor":14.0,"key":"Letter Opener"},{"floor":25.0,"key":"Strawberry"},{"floor":26.0,"key":"Snake Skull"},{"floor":37,"key":"Torii"}],"event_choices":[{"damage_healed":0.0,"max_hp_gain":0.0,"max_hp_loss":0.0,"gold_gain":0.0,"event_name":"Scrap Ooze","player_choice":"Success","floor":13.0,"gold_loss":0.0,"damage_taken":3.0,"relics_obtained":["Centennial Puzzle"]},{"damage_healed":0.0,"max_hp_gain":0.0,"max_hp_loss":0.0,"gold_gain":0.0,"cards_transformed":["Terror","Well Laid Plans"],"event_name":"Drug Dealer","player_choice":"Became Test Subject","floor":19.0,"gold_loss":0.0,"damage_taken":0.0,"cards_obtained":["Sucker Punch","Dash"]},{"damage_healed":0.0,"max_hp_gain":0.0,"max_hp_loss":0.0,"gold_gain":0.0,"event_name":"Lab","player_choice":"Got Potions","floor":21.0,"gold_loss":0.0,"damage_taken":0.0},{"damage_healed":0,"gold_gain":0,"player_choice":"Fight","damage_taken":0,"max_hp_gain":0,"max_hp_loss":0,"event_name":"Mysterious Sphere","floor":37,"gold_loss":0}],"is_beta":false,"boss_relics":[{"not_picked":["WristBlade","Ring of the Serpent"],"picked":"Lizard Tail"},{"not_picked":["Snecko Eye","Fusion Hammer"],"picked":"Tiny House"}],"items_purged_floors":[],"is_endless":false,"potions_floor_spawned":[4,6,8,12,16,18,20,28,31,35,36,38],"killed_by":"Transient","ascension_level":7}