{"gold_per_floor":[113,113,129,144,160,160,171,204,204,224,224,258,270,270,270,347,347,361,286,303,25,37,37,57,86,116,116,132,161,161,190,190,190],"floor_reached":33,"playtime":1253,"items_purged":["Strike_R"],"score":638,"play_id":"35e695b7-547e-4af1-9f17-1b273f582603","local_time":"20190611143806","is_ascension_mode":true,"campfire_choices":[{"data":"Bash","floor":6,"key":"SMITH"},{"data":"Flame Barrier","floor":11,"key":"SMITH"},{"floor":15,"key":"REST"},{"data":"Bludgeon","floor":23,"key":"SMITH"},{"data":"Armaments","floor":27,"key":"SMITH"},{"floor":30,"key":"REST"},{"data":"Discovery","floor":32,"key":"SMITH"}],"neow_cost":"NONE","seed_source_timestamp":261256494116600,"circlet_count":0,"master_deck":["AscendersBane","Strike_R","Strike_R","Strike_R","Defend_R","Defend_R","Defend_R","Defend_R","Bash+1","Feel No Pain","Infernal Blade","Feel No Pain","Intimidate","Seeing Red","Flame Barrier+1","Juggernaut","True Grit","Bludgeon+1","Spot Weakness","Shrug It Off","Discovery+1","Armaments+1","Body Slam","Flame Barrier+1","Sword Boomerang","True Grit"],"relics":["Burning Blood","NeowsBlessing","Red Skull","Omamori","Snecko Eye","Lantern","Self Forming Clay","Tiny Chest","Art of War","Girya"],"potions_floor_usage":[5,7,12,16,22,25,31],"damage_taken":[{"damage":0,"enemies":"Jaw Worm","floor":1,"turns":1},{"damage":0,"enemies":"Cultist","floor":3,"turns":1},{"damage":0,"enemies":"2 Louse","floor":4,"turns":2},{"damage":7,"enemies":"Gremlin Gang","floor":5,"turns":5},{"damage":22,"enemies":"Large Slime","floor":7,"turns":8},{"damage":18,"enemies":"3 Sentries","floor":8,"turns":26},{"damage":19,"enemies":"2 Fungi Beasts","floor":10,"turns":5},{"damage":24,"enemies":"Gremlin Nob","floor":12,"turns":4},{"damage":10,"enemies":"Exordium Thugs","floor":13,"turns":10},{"damage":11,"enemies":"The Guardian","floor":16,"turns":13},{"damage":19,"enemies":"Spheric Guardian","floor":18,"turns":4},{"damage":3,"enemies":"2 Thieves","floor":20,"turns":3},{"damage":6,"enemies":"Snake Plant","floor":22,"turns":5},{"damage":15,"enemies":"Snecko","floor":24,"turns":4},{"damage":7,"enemies":"Gremlin Leader","floor":25,"turns":5},{"damage":20,"enemies":"Sentry and Sphere","floor":28,"turns":5},{"damage":7,"enemies":"Slavers","floor":29,"turns":4},{"damage":13,"enemies":"Book of Stabbing","floor":31,"turns":4},{"damage":51,"enemies":"Collector","floor":33,"turns":5}],"seed_played":"-2376509757839313514","potions_obtained":[{"floor":1,"key":"SkillPotion"},{"floor":4,"key":"Fire Potion"},{"floor":5,"key":"Ancient Potion"},{"floor":13,"key":"Weak Potion"},{"floor":14,"key":"FearPotion"},{"floor":16,"key":"LiquidBronze"},{"floor":24,"key":"SkillPotion"},{"floor":29,"key":"FearPotion"}],"is_trial":false,"path_per_floor":["M","?","M","M","M","R","M","E","T","M","R","E","M","?","R","B",null,"M","$","M","$","M","R","M","E","T","R","M","E","R","E","R","B"],"character_chosen":"IRONCLAD","items_purchased":["Lantern","Discovery"],"campfire_rested":2,"item_purchase_floors":[21,21],"current_hp_per_floor":[74,74,75,75,74,74,58,46,46,33,33,15,11,11,33,28,63,50,50,53,53,53,53,44,43,43,43,29,28,50,43,43,0],"gold":190,"neow_bonus":"THREE_ENEMY_KILL","is_prod":false,"is_daily":false,"chose_seed":false,"campfire_upgraded":5,"win_rate":0,"timestamp":1560231486,"path_taken":["M","?","?","M","M","R","M","E","T","?","R","E","M","?","R","BOSS","M","$","?","$","M","R","M","E","T","R","M","E","R","E","R","BOSS"],"build_version":"2019-01-23","purchased_purges":1,"victory":false,"max_hp_per_floor":[75,75,75,75,75,75,75,75,75,75,75,75,75,75,75,75,75,75,75,75,75,75,75,75,75,75,75,75,75,75,75,75,75],"card_choices":[{"not_picked":["Evolve","Heavy Blade"],"picked":"Feel No Pain","floor":1},{"not_picked":["Wild Strike","Thunderclap","Perfected Strike"],"picked":"SKIP","floor":3},{"not_picked":["Pommel Strike","Cleave"],"picked":"Feel No Pain","floor":4},{"not_picked":["Power Through","Iron Wave"],"picked":"Intimidate","floor":5},{"not_picked":["Heavy Blade","Entrench"],"picked":"Seeing Red","floor":7},{"not_picked":["Havoc","Thunderclap","Flex"],"picked":"SKIP","floor":8},{"not_picked":["Clash","Intimidate"],"picked":"Flame Barrier","floor":10},{"not_picked":["Warcry","Fire Breathing"],"picked":"Juggernaut","floor":12},{"not_picked":["Blood for Blood","Sentinel"],"picked":"True Grit","floor":13},{"not_picked":["Double Tap","Limit Break"],"picked":"Bludgeon","floor":16},{"not_picked":["Perfected Strike","Headbutt"],"picked":"Spot Weakness","floor":18},{"not_picked":["Iron Wave","Havoc"],"picked":"Shrug It Off","floor":20},{"not_picked":["Perfected Strike","Anger","Flex"],"picked":"SKIP","floor":22},{"not_picked":["Perfected Strike","Anger","Flex"],"picked":"SKIP","floor":22},{"not_picked":["Fire Breathing","Rampage"],"picked":"Armaments","floor":24},{"not_picked":["Anger","True Grit"],"picked":"Body Slam","floor":25},{"not_picked":["Pommel Strike+1","Limit Break"],"picked":"Flame Barrier+1","floor":28},{"not_picked":["Bloodletting","Clash"],"picked":"Sword Boomerang","floor":29},{"not_picked":["Wild Strike","Combust"],"picked":"True Grit","floor":31}],"player_experience":577430,"relics_obtained":[{"floor":8,"key":"Red Skull"},{"floor":12,"key":"Omamori"},{"floor":25,"key":"Self Forming Clay"},{"floor":26,"key":"Tiny Chest"},{"floor":29,"key":"Art of War"},{"floor":31,"key":"Girya"}],"event_choices":[{"damage_healed":0,"gold_gain":0,"cards_transformed":["Strike_R"],"player_choice":"Transformed","damage_taken":0,"max_hp_gain":0,"max_hp_loss":0,"event_name":"Transmorgrifier","floor":2,"gold_loss":0,"cards_obtained":["Infernal Blade"]},{"damage_healed":0,"gold_gain":0,"player_choice":"Got Potions","damage_taken":0,"max_hp_gain":0,"max_hp_loss":0,"event_name":"Lab","floor":14,"gold_loss":0}],"is_beta":false,"boss_relics":[{"not_picked":["Sozu","Pandora\u0027s Box"],"picked":"Snecko Eye"}],"items_purged_floors":[19],"is_endless":false,"potions_floor_spawned":[1,4,5,13,16,18,24,29],"killed_by":"Collector","ascension_level":20}