{"gold_per_floor":[119,119,119,133,157,157,157,201,277,296,296,327,327,341,341,341],"floor_reached":16,"playtime":318,"items_purged":[],"score":220,"play_id":"56fcd416-c41a-4def-9aa8-d80a27a8c6f9","local_time":"20190702181711","is_ascension_mode":true,"campfire_choices":[{"data":"Carnage","floor":6,"key":"SMITH"},{"data":"Demon Form","floor":11,"key":"SMITH"},{"floor":13,"key":"REST"},{"data":"Demon Form","floor":15,"key":"SMITH"}],"neow_cost":"PERCENT_DAMAGE","seed_source_timestamp":294686739550500,"circlet_count":0,"master_deck":["AscendersBane","Strike_R","Strike_R","Strike_R","Strike_R","Strike_R","Defend_R","Defend_R","Defend_R","Defend_R","Bash","Demon Form+1","Anger","Evolve","Carnage+1","Battle Trance","Demon Form+1","Heavy Blade"],"relics":["Burning Blood","Golden Idol","Centennial Puzzle","The Courier","Dodecahedron"],"potions_floor_usage":[16],"damage_taken":[{"damage":19,"enemies":"Jaw Worm","floor":1,"turns":4},{"damage":3,"enemies":"2 Louse","floor":4,"turns":3},{"damage":11,"enemies":"Cultist","floor":5,"turns":4},{"damage":8,"enemies":"Gremlin Nob","floor":8,"turns":3},{"damage":2,"enemies":"Exordium Wildlife","floor":10,"turns":2},{"damage":30,"enemies":"3 Sentries","floor":12,"turns":6},{"damage":4,"enemies":"3 Louse","floor":14,"turns":4},{"damage":36,"enemies":"The Guardian","floor":16,"turns":5}],"seed_played":"-9116305485884579481","potions_obtained":[{"floor":1,"key":"Swift Potion"},{"floor":8,"key":"PowerPotion"},{"floor":14,"key":"SpeedPotion"}],"is_trial":false,"path_per_floor":["M","?","?","M","M","R","?","E","T","M","R","E","R","M","R","B"],"character_chosen":"IRONCLAD","items_purchased":[],"campfire_rested":1,"item_purchase_floors":[],"current_hp_per_floor":[37,37,37,40,35,35,35,33,33,37,37,13,33,35,35,0],"gold":341,"neow_bonus":"THREE_RARE_CARDS","is_prod":false,"is_daily":false,"chose_seed":false,"campfire_upgraded":3,"win_rate":0,"timestamp":1562059031,"path_taken":["M","?","?","M","M","R","?","E","T","?","R","E","R","M","R","BOSS"],"build_version":"2019-07-01","purchased_purges":0,"victory":false,"max_hp_per_floor":[75,68,68,68,68,68,68,68,68,68,68,68,68,68,68,68],"card_choices":[{"not_picked":["Offering","Feed"],"picked":"Demon Form","floor":0},{"not_picked":["Sentinel","Clothesline"],"picked":"Anger","floor":1},{"not_picked":["Havoc","Flame Barrier"],"picked":"Evolve","floor":4},{"not_picked":["Combust","Thunderclap"],"picked":"Carnage","floor":5},{"not_picked":["Body Slam","Sword Boomerang"],"picked":"Battle Trance","floor":8},{"not_picked":["Pommel Strike","Shockwave"],"picked":"Demon Form","floor":10},{"not_picked":["Body Slam","Entrench"],"picked":"Heavy Blade","floor":12},{"not_picked":["Havoc","Headbutt","Perfected Strike"],"picked":"SKIP","floor":14}],"player_experience":908166,"relics_obtained":[{"floor":8,"key":"The Courier"},{"floor":12,"key":"Dodecahedron"}],"event_choices":[{"damage_healed":0,"gold_gain":0,"player_choice":"Lose Max HP","damage_taken":0,"relics_obtained":["Golden Idol"],"max_hp_gain":0,"max_hp_loss":7,"event_name":"Golden Idol","floor":2,"gold_loss":0},{"damage_healed":0,"gold_gain":0,"player_choice":"Ignored","damage_taken":0,"max_hp_gain":0,"max_hp_loss":0,"event_name":"Liars Game","floor":3,"gold_loss":0},{"damage_healed":0,"gold_gain":0,"player_choice":"Gave Potion","damage_taken":0,"relics_obtained":["Centennial Puzzle"],"max_hp_gain":0,"max_hp_loss":0,"event_name":"WeMeetAgain","floor":7,"gold_loss":0}],"is_beta":false,"boss_relics":[],"items_purged_floors":[],"is_endless":false,"potions_floor_spawned":[1,8,14],"killed_by":"The Guardian","ascension_level":20}