{"gold_per_floor":[19,19,19,34,34,63,63,73,73,103,103,113,133,159,159,159],"floor_reached":16,"playtime":461,"items_purged":[],"score":290,"play_id":"24459b75-757a-4022-875b-fe513d7f9fe1","local_time":"20190626124643","is_ascension_mode":true,"campfire_choices":[{"data":"True Grit","floor":7.0,"key":"SMITH"},{"data":"Combust","floor":11.0,"key":"SMITH"},{"data":"Immolate","floor":15.0,"key":"SMITH"}],"neow_cost":"NO_GOLD","seed_source_timestamp":342741721801800,"circlet_count":0,"master_deck":["AscendersBane","Strike_R","Strike_R","Strike_R","Defend_R","Defend_R","Defend_R","Defend_R","Bash","Armaments+1","Combust+1","Battle Trance","Regret","Impervious","True Grit+1","Shrug It Off","Evolve","Shrug It Off","Carnage","Immolate+1"],"special_seed":0,"relics":["Burning Blood","StoneCalendar","Art of War","Potion Belt","Strawberry"],"potions_floor_usage":[],"damage_taken":[{"damage":2.0,"enemies":"2 Louse","floor":1.0,"turns":6.0},{"damage":8.0,"enemies":"Cultist","floor":4.0,"turns":4.0},{"damage":43.0,"enemies":"Gremlin Nob","floor":6.0,"turns":4.0},{"damage":10.0,"enemies":"Jaw Worm","floor":8.0,"turns":5.0},{"damage":5.0,"enemies":"Lagavulin","floor":10.0,"turns":7.0},{"damage":11.0,"enemies":"Looter","floor":12.0,"turns":4.0},{"damage":9.0,"enemies":"3 Louse","floor":13.0,"turns":2.0},{"damage":14.0,"enemies":"3 Sentries","floor":14.0,"turns":6.0},{"damage":6,"enemies":"Slime Boss","floor":16,"turns":3}],"seed_played":"7637134637920165185","potions_obtained":[{"floor":1.0,"key":"PowerPotion"},{"floor":4.0,"key":"Block Potion"},{"floor":10.0,"key":"Explosive Potion"},{"floor":14.0,"key":"SpeedPotion"}],"is_trial":false,"path_per_floor":["M","?","?","M","$","E","R","M","T","E","R","M","M","E","R","B"],"character_chosen":"IRONCLAD","items_purchased":[],"campfire_rested":0,"item_purchase_floors":[],"current_hp_per_floor":[72,72,72,70,70,33,33,29,29,30,30,25,22,21,21,15],"gold":159,"neow_bonus":"TRANSFORM_TWO_CARDS","is_prod":false,"is_daily":false,"chose_seed":false,"campfire_upgraded":3,"win_rate":0,"timestamp":1561520803,"path_taken":["M","?","?","?","$","E","R","M","T","E","R","M","M","E","R","BOSS"],"build_version":"2019-01-23","purchased_purges":0,"victory":false,"max_hp_per_floor":[75,75,75,75,75,75,75,75,75,75,75,75,75,82,82,82],"card_choices":[{"not_picked":["Clash","Shockwave"],"picked":"Battle Trance","floor":1.0},{"not_picked":["Anger","Body Slam"],"picked":"Impervious","floor":4.0},{"not_picked":["Wild Strike","Armaments"],"picked":"True Grit","floor":6.0},{"not_picked":["Iron Wave","Hemokinesis"],"picked":"Shrug It Off","floor":8.0},{"not_picked":["Twin Strike","Carnage"],"picked":"Evolve","floor":10.0},{"not_picked":["Hemokinesis","Rampage"],"picked":"Shrug It Off","floor":12.0},{"not_picked":["Body Slam","Spot Weakness"],"picked":"Carnage","floor":13.0},{"not_picked":["Clash","Entrench"],"picked":"Immolate","floor":14.0}],"player_experience":802854,"relics_obtained":[{"floor":6.0,"key":"Art of War"},{"floor":10.0,"key":"Potion Belt"},{"floor":14.0,"key":"Strawberry"}],"event_choices":[{"damage_healed":0.0,"max_hp_gain":0.0,"max_hp_loss":0.0,"gold_gain":0.0,"event_name":"Big Fish","player_choice":"Box","floor":2.0,"gold_loss":0.0,"damage_taken":0.0,"relics_obtained":["StoneCalendar"],"cards_obtained":["Regret"]},{"damage_healed":0.0,"max_hp_gain":0.0,"max_hp_loss":0.0,"gold_gain":0.0,"event_name":"Upgrade Shrine","player_choice":"Upgraded","floor":3.0,"gold_loss":0.0,"damage_taken":0.0,"cards_upgraded":["Armaments"]}],"is_beta":false,"boss_relics":[],"items_purged_floors":[],"is_endless":false,"potions_floor_spawned":[1,4,10,14],"killed_by":"Slime Boss","ascension_level":20}