{"gold_per_floor":[118,118,118,142,155,189,212,212,282,326,326,365,365,379,379,475,475,495,410,410,360,383,383,416,416,470,62,62,106,121,157,157,250,250,268,268,56,81,81,125,125,158,158,158,214,257,257,272,272,272,272],"floor_reached":52,"playtime":1978,"items_purged":["Strike_G"],"score":2595,"play_id":"3dc5f059-57bb-4f80-9262-761f31bf2983","local_time":"20190722204646","is_ascension_mode":true,"campfire_choices":[{"data":"Predator","floor":8.0,"key":"SMITH"},{"data":"Skewer","floor":11.0,"key":"SMITH"},{"data":"Bouncing Flask","floor":13.0,"key":"SMITH"},{"data":"Neutralize","floor":15.0,"key":"SMITH"},{"data":"Catalyst","floor":23.0,"key":"SMITH"},{"data":"Storm of Steel","floor":28.0,"key":"SMITH"},{"data":"Storm of Steel","floor":32.0,"key":"SMITH"},{"data":"Well Laid Plans","floor":41,"key":"SMITH"},{"data":"Madness","floor":49,"key":"SMITH"}],"neow_cost":"NONE","seed_source_timestamp":276502822398700,"circlet_count":0,"master_deck":["AscendersBane","Strike_G","Defend_G","Defend_G+1","Defend_G","Defend_G","Defend_G","Survivor","Neutralize+1","Deadly Poison","Dagger Spray","Predator+1","Skewer+1","Crippling Poison","Bouncing Flask+1","Corpse Explosion","Cloak And Dagger+1","Riddle With Holes+1","Bouncing Flask+1","PiercingWail","Catalyst+1","Deflect+1","Storm of Steel+1","Calculated Gamble","Acrobatics","Storm of Steel+1","Tools of the Trade","Well Laid Plans+1","Reflex","Backstab","Purity","Secret Technique","Discovery","Endless Agony+1","Infinite Blades","Madness","Madness+1","Backflip+1"],"special_seed":0,"relics":["Ring of the Snake","NeowsBlessing","Golden Idol","Centennial Puzzle","Pen Nib","Question Card","Ninja Scroll","FossilizedHelix","Astrolabe","Dream Catcher","Dead Branch","War Paint","Tiny Chest","Oddly Smooth Stone","Potion Belt","Kunai","Bronze Scales","Philosopher\u0027s Stone","Pear","PreservedInsect","Gremlin Horn","Bottled Lightning","Darkstone Periapt","Tough Bandages","Bottled Tornado"],"potions_floor_usage":[33,45],"damage_taken":[{"damage":0.0,"enemies":"Small Slimes","floor":1.0,"turns":1.0},{"damage":0.0,"enemies":"Jaw Worm","floor":4.0,"turns":1.0},{"damage":0.0,"enemies":"2 Louse","floor":5.0,"turns":1.0},{"damage":30.0,"enemies":"Lagavulin","floor":6.0,"turns":6.0},{"damage":9.0,"enemies":"3 Sentries","floor":10.0,"turns":7.0},{"damage":6.0,"enemies":"Gremlin Nob","floor":12.0,"turns":3.0},{"damage":0.0,"enemies":"Large Slime","floor":14.0,"turns":2.0},{"damage":14.0,"enemies":"Hexaghost","floor":16.0,"turns":8.0},{"damage":4.0,"enemies":"Shell Parasite","floor":18.0,"turns":3.0},{"damage":0.0,"enemies":"Chosen","floor":22.0,"turns":4.0},{"damage":13.0,"enemies":"Slavers","floor":24.0,"turns":3.0},{"damage":0.0,"enemies":"Gremlin Leader","floor":29.0,"turns":3.0},{"damage":0.0,"enemies":"Snecko","floor":30.0,"turns":2.0},{"damage":0.0,"enemies":"Slavers","floor":31.0,"turns":1.0},{"damage":13,"enemies":"Champ","floor":33,"turns":10},{"damage":0,"enemies":"Orb Walker","floor":35,"turns":1},{"damage":0,"enemies":"3 Shapes","floor":38,"turns":2},{"damage":0,"enemies":"Reptomancer","floor":40,"turns":4},{"damage":0,"enemies":"Giant Head","floor":42,"turns":2},{"damage":0,"enemies":"2 Orb Walkers","floor":45,"turns":1},{"damage":0,"enemies":"Reptomancer","floor":46,"turns":3},{"damage":0,"enemies":"3 Darklings","floor":48,"turns":1},{"damage":0,"enemies":"Awakened One","floor":50,"turns":6},{"damage":0,"enemies":"Donu and Deca","floor":51,"turns":4}],"seed_played":"-4689487519923423405","potions_obtained":[{"floor":1.0,"key":"Fire Potion"},{"floor":4.0,"key":"FearPotion"},{"floor":12.0,"key":"AttackPotion"},{"floor":18.0,"key":"PowerPotion"},{"floor":22.0,"key":"Weak Potion"},{"floor":29.0,"key":"Dexterity Potion"},{"floor":30.0,"key":"Energy Potion"},{"floor":42,"key":"SpeedPotion"},{"floor":45,"key":"EssenceOfSteel"},{"floor":46,"key":"Block Potion"}],"is_trial":false,"path_per_floor":["M","?","?","M","M","E","T","R","T","E","R","E","R","M","R","B",null,"M","?","?","?","M","R","E","?","T","$","R","E","M","E","R","B",null,"M","T","$","M","T","E","R","E","T","?","?","E","?","M","R","B","B",null],"character_chosen":"THE_SILENT","items_purchased":["Oddly Smooth Stone","Potion Belt","PreservedInsect","Swift Potion"],"campfire_rested":0,"item_purchase_floors":[27,27,37,37],"current_hp_per_floor":[59,64,64,64,64,34,34,34,34,25,25,19,19,19,19,5,49,45,45,45,45,45,45,32,32,32,32,32,32,32,32,32,19,53,53,63,63,63,63,63,63,63,63,53,53,53,40,40,40,40,40],"gold":272,"neow_bonus":"THREE_ENEMY_KILL","is_prod":false,"is_daily":false,"chose_seed":false,"campfire_upgraded":9,"win_rate":0,"timestamp":1563796006,"path_taken":["M","?","?","M","M","E","?","R","T","E","R","E","R","M","R","BOSS","M","?","?","?","?","R","E","?","T","$","R","E","M","E","R","BOSS","M","?","$","?","?","E","R","E","T","?","?","E","?","M","R","BOSS","BOSS"],"build_version":"2019-07-17","purchased_purges":1,"victory":true,"max_hp_per_floor":[66,71,64,64,64,64,64,64,64,64,64,64,64,64,64,64,64,64,64,64,64,64,64,64,64,64,64,64,64,64,64,64,64,64,64,74,74,74,74,74,74,74,74,74,74,74,74,74,74,74,74],"card_choices":[{"not_picked":["Escape Plan","Tactician"],"picked":"Deadly Poison","floor":1.0},{"not_picked":["Backflip","Bane"],"picked":"Dagger Spray","floor":4.0},{"not_picked":["Well Laid Plans","Outmaneuver"],"picked":"Predator","floor":5.0},{"not_picked":["PiercingWail","Poisoned Stab"],"picked":"Skewer","floor":6.0},{"not_picked":["Heel Hook","Cloak And Dagger","Masterful Stab"],"picked":"Crippling Poison","floor":10.0},{"not_picked":["Venomology","Crippling Poison","Flying Knee"],"picked":"Bouncing Flask","floor":12.0},{"not_picked":["Flying Knee","Prepared","Outmaneuver","Dodge and Roll"],"picked":"SKIP","floor":14.0},{"not_picked":["Wraith Form v2","Envenom","A Thousand Cuts"],"picked":"Corpse Explosion","floor":16.0},{"not_picked":["Blur","Flying Knee","Backflip"],"picked":"PiercingWail","floor":18.0},{"not_picked":["Choke","Poisoned Stab","Flying Knee"],"picked":"Deflect","floor":22.0},{"not_picked":["Leg Sweep","PiercingWail","Infinite Blades"],"picked":"Storm of Steel","floor":24.0},{"not_picked":["Cloak And Dagger","Choke+1","Eviscerate"],"picked":"Calculated Gamble","floor":29.0},{"not_picked":["Accuracy","Poisoned Stab","Sucker Punch+1"],"picked":"Acrobatics","floor":30.0},{"not_picked":["Slice","Quick Slash","Flying Knee"],"picked":"Storm of Steel","floor":31.0},{"not_picked":["Bullet Time","Grand Finale","Glass Knife"],"picked":"Tools of the Trade","floor":33},{"not_picked":["Quick Slash","Dash+1","Bouncing Flask+1","Outmaneuver"],"picked":"SKIP","floor":35},{"not_picked":["Flying Knee","Accuracy","Slice"],"picked":"Well Laid Plans","floor":38},{"not_picked":["Leg Sweep","Underhanded Strike","Prepared"],"picked":"Reflex","floor":40},{"not_picked":["Deflect","Skewer","Dash"],"picked":"Backstab","floor":42},{"not_picked":["Madness","Jack Of All Trades","Secret Technique"],"picked":"Purity","floor":44},{"not_picked":["Good Instincts","Mayhem","Violence"],"picked":"Secret Technique","floor":44},{"not_picked":["Enlightenment","Thinking Ahead","Flash of Steel"],"picked":"Discovery","floor":44},{"not_picked":["Prepared","Masterful Stab+1","Cloak And Dagger"],"picked":"Endless Agony+1","floor":45},{"not_picked":["Reflex","Quick Slash","Concentrate"],"picked":"Infinite Blades","floor":46},{"not_picked":["Caltrops+1","Dodge and Roll+1","Acrobatics"],"picked":"Backflip+1","floor":48}],"player_experience":1140292,"relics_obtained":[{"floor":6.0,"key":"Centennial Puzzle"},{"floor":7.0,"key":"Pen Nib"},{"floor":9.0,"key":"Question Card"},{"floor":10.0,"key":"Ninja Scroll"},{"floor":12.0,"key":"FossilizedHelix"},{"floor":24.0,"key":"Dead Branch"},{"floor":26.0,"key":"Tiny Chest"},{"floor":29.0,"key":"Kunai"},{"floor":31.0,"key":"Bronze Scales"},{"floor":36,"key":"Pear"},{"floor":39,"key":"Gremlin Horn"},{"floor":40,"key":"Bottled Lightning"},{"floor":42,"key":"Darkstone Periapt"},{"floor":45,"key":"Tough Bandages"},{"floor":46,"key":"Bottled Tornado"}],"event_choices":[{"damage_healed":0.0,"max_hp_gain":5.0,"max_hp_loss":0.0,"gold_gain":0.0,"event_name":"Big Fish","player_choice":"Donut","floor":2.0,"gold_loss":0.0,"damage_taken":0.0},{"damage_healed":0.0,"max_hp_gain":0.0,"max_hp_loss":7.0,"gold_gain":0.0,"event_name":"Golden Idol","player_choice":"Lose Max HP","floor":3.0,"gold_loss":0.0,"damage_taken":0.0,"relics_obtained":["Golden Idol"]},{"damage_healed":0.0,"max_hp_gain":0.0,"max_hp_loss":0.0,"gold_gain":0.0,"event_name":"Addict","player_choice":"Obtained Relic","floor":19.0,"gold_loss":85.0,"damage_taken":0.0,"relics_obtained":["Dream Catcher"]},{"damage_healed":0.0,"max_hp_gain":0.0,"max_hp_loss":0.0,"gold_gain":0.0,"event_name":"The Library","player_choice":"Read","floor":20.0,"gold_loss":0.0,"damage_taken":0.0,"cards_obtained":["Catalyst"]},{"damage_healed":0.0,"max_hp_gain":0.0,"max_hp_loss":0.0,"gold_gain":0.0,"event_name":"The Joust","player_choice":"Bet on Murderer","floor":21.0,"gold_loss":50.0,"damage_taken":0.0},{"damage_healed":0.0,"max_hp_gain":0.0,"max_hp_loss":0.0,"gold_gain":0.0,"event_name":"WeMeetAgain","player_choice":"Gave Potion","floor":25.0,"gold_loss":0.0,"damage_taken":0.0,"relics_obtained":["War Paint"]},{"damage_healed":0,"gold_gain":0,"player_choice":"Memory 3","damage_taken":10,"max_hp_gain":0,"max_hp_loss":0,"event_name":"SensoryStone","floor":44,"gold_loss":0},{"damage_healed":0,"gold_gain":0,"player_choice":"Fight","damage_taken":0,"max_hp_gain":0,"max_hp_loss":0,"event_name":"Mysterious Sphere","floor":45,"gold_loss":0},{"damage_healed":0,"gold_gain":0,"player_choice":"Embrace Madness","damage_taken":13,"max_hp_gain":0,"max_hp_loss":0,"event_name":"Winding Halls","floor":47,"gold_loss":0,"cards_obtained":["Madness","Madness"]}],"is_beta":false,"boss_relics":[{"not_picked":["Empty Cage","Busted Crown"],"picked":"Astrolabe"},{"not_picked":["Orrery","Sozu"],"picked":"Philosopher\u0027s Stone"}],"items_purged_floors":[27],"is_endless":false,"potions_floor_spawned":[1,4,12,18,22,29,30,42,45,46],"ascension_level":20}