{"gold_per_floor":[117,167,12,25,41,41,6,39,64,98,98,115,142,162,162,238,238,258,258,204,223,238,238,263,274,274,193,193,256,282,282,282,361,361,376,376,396,409,459,459,489,505,530,530,630,447,447,447,447,447,447,447,447,66,66],"floor_reached":55,"playtime":2460,"items_purged":["Strike_B","Defend_B"],"score":1842,"play_id":"ade68562-de36-4ef6-b990-b7b52aeddf3f","local_time":"20190630152815","is_ascension_mode":true,"campfire_choices":[{"data":"Darkness","floor":6.0,"key":"SMITH"},{"data":"Fission","floor":11.0,"key":"SMITH"},{"data":"Chaos","floor":15.0,"key":"SMITH"},{"data":"Consume","floor":23.0,"key":"SMITH"},{"data":"Coolheaded","floor":28.0,"key":"SMITH"},{"floor":32.0,"key":"REST"},{"data":"Defragment","floor":40.0,"key":"SMITH"},{"data":"Loop","floor":44.0,"key":"SMITH"},{"data":"Rainbow","floor":47.0,"key":"SMITH"},{"floor":49.0,"key":"RECALL"},{"data":"Skim","floor":53.0,"key":"SMITH"}],"neow_cost":"NONE","seed_source_timestamp":109369719888700,"circlet_count":0,"master_deck":["AscendersBane","Strike_B","Defend_B","Defend_B","Defend_B","Zap","Dualcast","Darkness+1","Self Repair","Turbo","FTL","Chill","Fission+1","Chaos+1","Undo","Echo Form","Consume+1","Coolheaded+1","Seek","Ball Lightning+1","Skim+1","Defragment+1","Rainbow+1","Tempest","Coolheaded+1","Loop+1","Recycle","Loop","Recycle"],"special_seed":0,"relics":["Cracked Core","NeowsBlessing","Vajra","PreservedInsect","Orichalcum","Emotion Chip","Snecko Eye","WingedGreaves","Tiny Chest","Pantograph","Nilry\u0027s Codex","Philosopher\u0027s Stone","Juzu Bracelet","Dream Catcher","Turnip","Art of War"],"potions_floor_usage":[55,55],"damage_taken":[{"damage":0.0,"enemies":"Jaw Worm","floor":1.0,"turns":1.0},{"damage":0.0,"enemies":"Cultist","floor":4.0,"turns":1.0},{"damage":0.0,"enemies":"2 Louse","floor":5.0,"turns":1.0},{"damage":36.0,"enemies":"Lagavulin","floor":8.0,"turns":8.0},{"damage":5.0,"enemies":"3 Sentries","floor":10.0,"turns":7.0},{"damage":20.0,"enemies":"Large Slime","floor":12.0,"turns":3.0},{"damage":2.0,"enemies":"Gremlin Nob","floor":13.0,"turns":3.0},{"damage":0.0,"enemies":"Exordium Wildlife","floor":14.0,"turns":3.0},{"damage":18.0,"enemies":"Hexaghost","floor":16.0,"turns":9.0},{"damage":4.0,"enemies":"Spheric Guardian","floor":18.0,"turns":5.0},{"damage":8.0,"enemies":"3 Byrds","floor":21.0,"turns":4.0},{"damage":0.0,"enemies":"Snake Plant","floor":22.0,"turns":4.0},{"damage":26.0,"enemies":"Book of Stabbing","floor":24.0,"turns":4.0},{"damage":7.0,"enemies":"Chosen and Byrds","floor":25.0,"turns":6.0},{"damage":9.0,"enemies":"Gremlin Leader","floor":29.0,"turns":5.0},{"damage":24.0,"enemies":"Slavers","floor":30.0,"turns":6.0},{"damage":24.0,"enemies":"Collector","floor":33.0,"turns":8.0},{"damage":0.0,"enemies":"3 Darklings","floor":35.0,"turns":4.0},{"damage":25.0,"enemies":"Orb Walker","floor":37.0,"turns":5.0},{"damage":9.0,"enemies":"3 Darklings","floor":38.0,"turns":3.0},{"damage":48.0,"enemies":"Giant Head","floor":41.0,"turns":8.0},{"damage":0.0,"enemies":"Maw","floor":42.0,"turns":6.0},{"damage":0.0,"enemies":"Mind Bloom Boss Battle","floor":45.0,"turns":6.0},{"damage":19.0,"enemies":"Donu and Deca","floor":50.0,"turns":7.0},{"damage":50.0,"enemies":"Time Eater","floor":51.0,"turns":12.0},{"damage":62,"enemies":"Shield and Spear","floor":55,"turns":3}],"seed_played":"7044358037848184047","potions_obtained":[{"floor":5.0,"key":"Strength Potion"},{"floor":8.0,"key":"Fire Potion"},{"floor":10.0,"key":"Strength Potion"},{"floor":14.0,"key":"SteroidPotion"},{"floor":16.0,"key":"FocusPotion"},{"floor":21.0,"key":"Block Potion"},{"floor":25.0,"key":"Explosive Potion"},{"floor":37.0,"key":"FearPotion"},{"floor":41.0,"key":"SmokeBomb"}],"is_trial":false,"path_per_floor":["M","?","$","M","M","R","?","E","T","E","R","M","E","M","R","B",null,"M","?","?","M","M","R","E","M","T","$","R","E","E","?","R","B",null,"M","?","M","M","?","R","E","M","T","R","?","$","R","?","R","B","B",null,"R","$","E"],"character_chosen":"DEFECT","items_purchased":["Self Repair","Skim","Recycle","Dexterity Potion","Loop","Recycle","Art of War"],"campfire_rested":1,"item_purchase_floors":[3,27,46,54,54,54,54],"current_hp_per_floor":[64,57,57,57,57,57,71,42,42,44,44,31,36,43,43,32,61,57,57,57,63,70,70,51,58,58,58,58,49,39,18,39,54,67,71,71,60,58,58,58,17,24,24,24,56,56,56,56,56,66,35,62,62,62,0],"gold":66,"neow_bonus":"THREE_ENEMY_KILL","is_prod":false,"is_daily":false,"chose_seed":false,"campfire_upgraded":9,"win_rate":0,"timestamp":1561876095,"path_taken":["M","?","$","M","?","R","?","E","T","E","R","M","E","M","R","BOSS","M","?","?","M","M","R","E","?","T","$","R","E","E","?","R","BOSS","M","?","M","M","?","R","E","M","T","R","?","$","R","?","R","BOSS","BOSS","R","$","E"],"build_version":"2019-01-23","purchased_purges":2,"victory":false,"max_hp_per_floor":[71,71,71,71,71,71,71,71,71,71,71,71,71,71,71,71,71,71,71,71,71,71,71,71,71,71,71,71,71,71,71,71,71,71,71,71,71,71,71,71,71,71,71,71,71,71,71,71,71,71,71,71,71,71,71],"card_choices":[{"not_picked":["Barrage","Recycle"],"picked":"Darkness","floor":1.0},{"not_picked":["Stack","Leap"],"picked":"Turbo","floor":4.0},{"not_picked":["Beam Cell","Streamline"],"picked":"FTL","floor":5.0},{"not_picked":["Auto Shields","Reprogram"],"picked":"Chill","floor":8.0},{"not_picked":["BootSequence","Undo"],"picked":"Fission","floor":10.0},{"not_picked":["Sweeping Beam","Beam Cell"],"picked":"Chaos","floor":12.0},{"not_picked":["Leap","BootSequence","Rebound"],"picked":"SKIP","floor":13.0},{"not_picked":["Turbo","Auto Shields"],"picked":"Undo","floor":14.0},{"not_picked":["Fission","Meteor Strike"],"picked":"Echo Form","floor":16.0},{"not_picked":["Barrage","Compile Driver","Conserve Battery"],"picked":"SKIP","floor":18.0},{"not_picked":["Gash","Turbo"],"picked":"Consume","floor":21.0},{"not_picked":["Static Discharge","Scrape"],"picked":"Coolheaded","floor":22.0},{"not_picked":["Leap","Reprogram"],"picked":"Seek","floor":24.0},{"not_picked":["Undo","Go for the Eyes+1"],"picked":"Ball Lightning+1","floor":25.0},{"not_picked":["Beam Cell","Cold Snap"],"picked":"Defragment","floor":29.0},{"not_picked":["Storm","Rebound","Redo"],"picked":"SKIP","floor":30.0},{"not_picked":["Fission","Biased Cognition"],"picked":"Rainbow","floor":33.0},{"not_picked":["Ball Lightning+1","Steam","Aggregate"],"picked":"SKIP","floor":35.0},{"not_picked":["Steam","Sweeping Beam"],"picked":"Tempest","floor":37.0},{"not_picked":["Sweeping Beam","Steam Power"],"picked":"Coolheaded+1","floor":38.0},{"not_picked":["Barrage+1","Steam Power","Coolheaded"],"picked":"SKIP","floor":41.0},{"not_picked":["Rebound","Turbo"],"picked":"Loop","floor":42.0}],"player_experience":874779,"relics_obtained":[{"floor":8.0,"key":"Vajra"},{"floor":9.0,"key":"PreservedInsect"},{"floor":10.0,"key":"Orichalcum"},{"floor":13.0,"key":"Emotion Chip"},{"floor":29.0,"key":"Tiny Chest"},{"floor":30.0,"key":"Pantograph"},{"floor":31.0,"key":"Nilry\u0027s Codex"},{"floor":41.0,"key":"Juzu Bracelet"},{"floor":43.0,"key":"Dream Catcher"},{"floor":45.0,"key":"Turnip"}],"event_choices":[{"damage_healed":0.0,"max_hp_gain":0.0,"max_hp_loss":0.0,"gold_gain":50.0,"event_name":"FaceTrader","player_choice":"Touch","floor":2.0,"gold_loss":0.0,"damage_taken":7.0},{"damage_healed":17.0,"max_hp_gain":0.0,"max_hp_loss":0.0,"gold_gain":0.0,"event_name":"The Cleric","player_choice":"Healed","floor":7.0,"gold_loss":35.0,"damage_taken":0.0},{"cards_removed":["Strike_B"],"damage_healed":0.0,"max_hp_gain":0.0,"max_hp_loss":0.0,"gold_gain":0.0,"event_name":"Back to Basics","player_choice":"Elegance","floor":19.0,"gold_loss":0.0,"damage_taken":0.0},{"damage_healed":0.0,"max_hp_gain":0.0,"max_hp_loss":0.0,"gold_gain":0.0,"event_name":"WeMeetAgain","player_choice":"Paid Gold","floor":20.0,"gold_loss":54.0,"damage_taken":0.0,"relics_obtained":["WingedGreaves"]},{"damage_healed":0.0,"max_hp_gain":0.0,"max_hp_loss":0.0,"gold_gain":0.0,"event_name":"Cursed Tome","player_choice":"Obtained Book","floor":31.0,"gold_loss":0.0,"damage_taken":21.0},{"cards_removed":["Strike_B"],"damage_healed":0.0,"max_hp_gain":0.0,"max_hp_loss":0.0,"gold_gain":0.0,"event_name":"Falling","player_choice":"Removed Attack","floor":36.0,"gold_loss":0.0,"damage_taken":0.0},{"damage_healed":0.0,"max_hp_gain":0.0,"max_hp_loss":0.0,"gold_gain":50.0,"event_name":"Golden Shrine","player_choice":"Pray","floor":39.0,"gold_loss":0.0,"damage_taken":0.0},{"damage_healed":0.0,"max_hp_gain":0.0,"max_hp_loss":0.0,"gold_gain":0.0,"event_name":"MindBloom","player_choice":"Fight","floor":45.0,"gold_loss":0.0,"damage_taken":0.0},{"damage_healed":0.0,"max_hp_gain":0.0,"max_hp_loss":0.0,"gold_gain":0.0,"event_name":"Tomb of Lord Red Mask","player_choice":"Ignored","floor":48.0,"gold_loss":0.0,"damage_taken":0.0}],"is_beta":false,"boss_relics":[{"not_picked":["White Beast Statue","Sozu"],"picked":"Snecko Eye"},{"not_picked":["Eternal Feather","Fusion Hammer"],"picked":"Philosopher\u0027s Stone"}],"items_purged_floors":[3,46],"is_endless":false,"potions_floor_spawned":[5,8,10,14,16,21,24,25,37,41],"killed_by":"Shield and Spear","ascension_level":20}