{"path_per_floor":["M","M","?","M","M","R","E","M","T","$","?","M","?","M","R","B",null,"M","?","M","$","M","M","M","M","T","M","M","R","M","$","R","B",null,"M","?","M","M","$","M","R","?","T","R","M","T"],"character_chosen":"THE_SILENT","items_purchased":["Apotheosis","Heel Hook","Thinking Ahead","Footwork","Escape Plan","Master of Strategy","Heel Hook"],"gold_per_floor":[365,381,381,394,411,411,437,453,453,269,269,279,279,298,298,401,401,418,418,433,53,65,83,102,120,194,205,218,218,232,154,154,250,250,268,268,283,301,32,47,47,47,47,47,58,58],"floor_reached":47,"campfire_rested":6,"playtime":6242,"current_hp_per_floor":[30,30,30,30,30,51,35,34,34,34,16,9,9,6,27,18,70,67,67,53,53,49,44,32,23,23,23,17,38,38,38,59,7,70,70,61,36,35,35,35,56,56,56,70,70,70],"items_purged":["Slice"],"gold":58,"score":387,"play_id":"a138e2ef-973e-4718-90c7-ac9c84a82139","is_prod":false,"is_daily":false,"is_ascension_mode":false,"campfire_upgraded":0,"path_taken":["M","M","?","M","M","R","E","M","T","$","?","?","?","M","R","BOSS","M","?","M","$","M","M","M","M","T","?","M","R","M","?","R","BOSS","M","?","M","M","$","M","R","?","T","R","M","?","M"],"build_version":"2018-02-08-PROD1","purchased_purges":3,"victory":false,"master_deck":["Defend_G","Defend_G","Defend_G","Defend_G","Defend_G","Strike_G","Strike_G","Strike_G","Strike_G","Strike_G","Survivor","Neutralize","Malaise","Heel Hook","Apotheosis","Venomology","Backflip","Caltrops","Heel Hook","Thinking Ahead","Footwork","Backflip","Bullet Time","Escape Plan","Madness","Expertise+1","Master of Strategy","Heel Hook","Pain"],"max_hp_per_floor":[70,70,70,70,70,70,70,70,70,70,70,70,70,70,70,70,70,70,70,70,70,70,70,70,70,70,70,70,70,70,70,70,70,70,70,70,70,70,70,70,70,70,70,70,70,70],"relics":["Ring of the Snake","Sundial","Bronze Scales","Omamori","Cursed Key","Dodecahedron","Lizard Tail","Girya","Bird Faced Urn"],"card_choices":[{"not_picked":["All Out Attack","Dagger Spray"],"picked":"Slice"},{"not_picked":["Escape Plan","PiercingWail"],"picked":"Malaise"},{"not_picked":["Outmaneuver","Sucker Punch"],"picked":"Heel Hook"},{"not_picked":["After Image","Glass Knife"],"picked":"Venomology"},{"not_picked":["Quick Slash","Outmaneuver"],"picked":"Backflip"},{"not_picked":["Sucker Punch","Cloak And Dagger"],"picked":"Caltrops"},{"not_picked":["Infinite Blades","Riddle With Holes"],"picked":"Backflip"},{"not_picked":["Expertise","PiercingWail"],"picked":"Bullet Time"},{"not_picked":["Backstab","Flying Knee"],"picked":"Expertise"}],"player_experience":136561,"potions_floor_usage":[4,12,12,16,18,22,22,23,23,23,24,24,27,28,28,30,35,37,37,37,38,40,40,45,45],"damage_taken":[{"damage":5,"enemies":"Jaw Worm","floor":1,"turns":5},{"damage":0,"enemies":"Small Slimes","floor":2,"turns":5},{"damage":0,"enemies":"Blue Slaver","floor":4,"turns":6},{"damage":0,"enemies":"3 Louse","floor":5,"turns":5},{"damage":16,"enemies":"Gremlin Nob","floor":7,"turns":5},{"damage":1,"enemies":"2 Fungi Beasts","floor":8,"turns":5},{"damage":16,"enemies":"Exordium Thugs","floor":12,"turns":4},{"damage":3,"enemies":"Large Slime","floor":14,"turns":8},{"damage":9,"enemies":"The Guardian","floor":16,"turns":15},{"damage":3,"enemies":"Chosen","floor":18,"turns":6},{"damage":14,"enemies":"Spheric Guardian","floor":20,"turns":7},{"damage":4,"enemies":"Snake Plant","floor":22,"turns":4},{"damage":5,"enemies":"Cultist and Chosen","floor":23,"turns":6},{"damage":24,"enemies":"Sentry and Sphere","floor":24,"turns":7},{"damage":9,"enemies":"Snake Plant","floor":25,"turns":4},{"damage":0,"enemies":"Centurion and Healer","floor":27,"turns":6},{"damage":6,"enemies":"Cultist and Chosen","floor":28,"turns":7},{"damage":0,"enemies":"Snake Plant","floor":30,"turns":5},{"damage":52,"enemies":"Champ","floor":33,"turns":27},{"damage":0,"enemies":"3 Darklings","floor":35,"turns":7},{"damage":25,"enemies":"3 Shapes","floor":37,"turns":8},{"damage":1,"enemies":"3 Darklings","floor":38,"turns":7},{"damage":0,"enemies":"Maw","floor":40,"turns":8},{"damage":0,"enemies":"Sphere and 2 Shapes","floor":45,"turns":9},{"damage":0,"enemies":"4 Shapes","floor":47,"turns":1}],"event_choices":[{"event_name":"Golden Idol","player_choice":"Ignored","floor":3,"damage_taken":0},{"event_name":"Scrap Ooze","player_choice":"success","floor":11,"damage_taken":18},{"event_name":"Golden Wing","player_choice":"Ignored","floor":13,"damage_taken":0},{"event_name":"Beggar","player_choice":"Ignored","floor":19,"damage_taken":0},{"event_name":"Winding Halls","player_choice":"Embrace Madness","floor":36,"damage_taken":0}],"boss_relics":[{"not_picked":["Runic Dome","Runic Pyramid"],"picked":"Cursed Key"},{"not_picked":["Velvet Choker","Eternal Feather"],"picked":"Lizard Tail"}],"potions_floor_spawned":[1,4,7,14,16,20,22,23,33,37,38],"seed_played":"-2793773113777005125","killed_by":"4 Shapes","ascension_level":0,"is_trial":false}