{"gold_per_floor":[210,210,210,210,224,263,263,263,263,12,12,47,120,155,167,307,319,347,15,38,38,58,83,83,83,133,6,6,42,60,100,100,231,231,254,273,273,286,286,321,64,64,64,77,100,115,135,156,156,156,156,156,18,58,58],"floor_reached":55,"playtime":5646,"items_purged":["Injury"],"score":852,"play_id":"6af10575-0fd6-40a7-a691-7500019e52c7","local_time":"20181223201650","is_ascension_mode":false,"campfire_choices":[{"floor":7.0,"key":"REST"},{"floor":11.0,"key":"REST"},{"data":"Venomology","floor":15.0,"key":"SMITH"},{"floor":24.0,"key":"REST"},{"floor":28.0,"key":"RECALL"},{"data":"Storm of Steel","floor":32.0,"key":"SMITH"},{"data":"Venomology","floor":42,"key":"SMITH"},{"data":"Concentrate","floor":49,"key":"SMITH"},{"data":"Tactician","floor":52,"key":"SMITH"}],"neow_cost":"NONE","seed_source_timestamp":93780897544457,"circlet_count":0,"master_deck":["Defend_G","Defend_G+1","Defend_G","Defend_G","Defend_G","Strike_G","Strike_G","Strike_G","Strike_G","Strike_G","Survivor","Neutralize+1","Deadly Poison","Poisoned Stab","Venomology+1","Venomology+1","Cloak And Dagger","Storm of Steel+1","Terror","Escape Plan+1","Deadly Poison","Bouncing Flask","PiercingWail","Tactician+1","Adrenaline+1","Concentrate+1","Backstab","Acrobatics+1","Finisher+1","Secret Weapon+1","Malaise","Parasite","Crippling Poison","Bouncing Flask","Accuracy+1","Blade Dance","Panache","Terror+1"],"special_seed":0,"relics":["Ring of the Snake","Golden Idol","Ancient Tea Set","Dead Branch","Toy Ornithopter","Ornamental Fan","MawBank","TwistedFunnel","Oddly Smooth Stone","Ninja Scroll","Vajra","The Courier","Centennial Puzzle","White Beast Statue","Gremlin Horn","War Paint","Art of War"],"potions_floor_usage":[38,38,38,40,40,40,44,45,45,45,46,47,47,50,50,50,50,55,55,55],"damage_taken":[{"damage":2.0,"enemies":"Small Slimes","floor":1.0,"turns":4.0},{"damage":0.0,"enemies":"2 Louse","floor":5.0,"turns":4.0},{"damage":52.0,"enemies":"Gremlin Nob","floor":6.0,"turns":7.0},{"damage":5.0,"enemies":"3 Sentries","floor":12.0,"turns":7.0},{"damage":4.0,"enemies":"Gremlin Nob","floor":13.0,"turns":5.0},{"damage":0.0,"enemies":"Cultist","floor":14.0,"turns":4.0},{"damage":7.0,"enemies":"The Guardian","floor":16.0,"turns":12.0},{"damage":12.0,"enemies":"3 Byrds","floor":18.0,"turns":5.0},{"damage":0.0,"enemies":"Chosen","floor":20.0,"turns":4.0},{"damage":4.0,"enemies":"Snake Plant","floor":22.0,"turns":3.0},{"damage":19.0,"enemies":"Sentry and Sphere","floor":23.0,"turns":7.0},{"damage":4.0,"enemies":"Slavers","floor":29.0,"turns":6.0},{"damage":7.0,"enemies":"3 Cultists","floor":30.0,"turns":4.0},{"damage":0.0,"enemies":"Book of Stabbing","floor":31.0,"turns":3.0},{"damage":61.0,"enemies":"Automaton","floor":33.0,"turns":9.0},{"damage":0.0,"enemies":"Orb Walker","floor":35.0,"turns":1.0},{"damage":10.0,"enemies":"3 Shapes","floor":36.0,"turns":4.0},{"damage":28,"enemies":"Maw","floor":38,"turns":5},{"damage":0,"enemies":"Reptomancer","floor":40,"turns":3},{"damage":0,"enemies":"Sphere and 2 Shapes","floor":44,"turns":1},{"damage":19,"enemies":"Writhing Mass","floor":45,"turns":5},{"damage":0,"enemies":"Jaw Worm Horde","floor":46,"turns":1},{"damage":0,"enemies":"Spire Growth","floor":47,"turns":2},{"damage":0,"enemies":"3 Darklings","floor":48,"turns":1},{"damage":42,"enemies":"Awakened One","floor":50,"turns":12},{"damage":11,"enemies":"Shield and Spear","floor":54,"turns":4},{"damage":103,"enemies":"The Heart","floor":55,"turns":6}],"seed_played":"-1869528613425504986","potions_obtained":[{"floor":6.0,"key":"Strength Potion"},{"floor":14.0,"key":"SkillPotion"},{"floor":16.0,"key":"SmokeBomb"},{"floor":29.0,"key":"Dexterity Potion"},{"floor":30.0,"key":"Strength Potion"},{"floor":31.0,"key":"Block Potion"},{"floor":35.0,"key":"SpeedPotion"},{"floor":36.0,"key":"SteroidPotion"},{"floor":38,"key":"SteroidPotion"},{"floor":40,"key":"SteroidPotion"},{"floor":44,"key":"FearPotion"},{"floor":45,"key":"FearPotion"},{"floor":46,"key":"Dexterity Potion"},{"floor":47,"key":"Block Potion"},{"floor":48,"key":"GhostInAJar"},{"floor":54,"key":"Weak Potion"}],"is_trial":false,"path_per_floor":["M","?","?","?","M","E","R","$","T","$","R","E","?","M","R","B",null,"M","$","M","?","M","M","R","?","T","$","R","E","M","E","R","B",null,"M","M","?","M","?","E","$","R","T","M","M","M","M","M","R","B",null,"R","$","E","B"],"character_chosen":"THE_SILENT","items_purchased":["Poisoned Stab","Toy Ornithopter","TwistedFunnel","Oddly Smooth Stone","Dexterity Potion","Secret Weapon","War Paint","Panache"],"campfire_rested":3,"item_purchase_floors":[10,10,19,19,27,41,41,53],"current_hp_per_floor":[68,68,68,68,68,16,37,37,37,37,58,58,59,59,59,68,70,68,68,68,68,68,56,70,70,70,70,70,66,63,70,70,9,70,70,70,70,47,47,62,62,62,62,67,51,56,66,66,66,38,70,70,70,59,0],"gold":58,"neow_bonus":"HUNDRED_GOLD","is_prod":false,"is_daily":false,"chose_seed":false,"campfire_upgraded":5,"win_rate":0,"timestamp":1545589010,"path_taken":["M","?","?","?","M","E","R","$","T","$","R","E","?","M","R","BOSS","M","$","M","?","M","?","R","?","T","$","R","E","M","E","R","BOSS","M","M","?","?","?","E","$","R","T","M","M","M","M","?","R","BOSS","R","$","E","BOSS"],"build_version":"2018-12-20","purchased_purges":1,"victory":false,"max_hp_per_floor":[70,70,70,70,70,70,70,70,70,70,70,70,70,70,70,70,70,70,70,70,70,70,70,70,70,70,70,70,70,70,70,70,70,70,70,70,70,70,70,70,70,70,70,70,70,70,70,70,70,70,70,70,70,70,70],"card_choices":[{"not_picked":["Sucker Punch","Dodge and Roll","Dagger Throw"],"picked":"SKIP","floor":1.0},{"not_picked":["PiercingWail","Underhanded Strike","Well Laid Plans"],"picked":"SKIP","floor":5.0},{"not_picked":["Die Die Die","Slice"],"picked":"Deadly Poison","floor":6.0},{"not_picked":["PiercingWail","Finisher"],"picked":"Venomology","floor":12.0},{"not_picked":["Blade Dance","Backflip"],"picked":"Venomology","floor":13.0},{"not_picked":["Deflect","All Out Attack"],"picked":"Cloak And Dagger","floor":14.0},{"not_picked":["Tools of the Trade","Phantasmal Killer"],"picked":"Storm of Steel","floor":16.0},{"not_picked":["Dodge and Roll+1","Setup"],"picked":"Terror","floor":18.0},{"not_picked":["Finisher","Dodge and Roll"],"picked":"Escape Plan+1","floor":20.0},{"not_picked":["Eviscerate","Dodge and Roll"],"picked":"Deadly Poison","floor":22.0},{"not_picked":["Endless Agony","Quick Slash"],"picked":"Bouncing Flask","floor":23.0},{"not_picked":["Outmaneuver","Bane"],"picked":"PiercingWail","floor":29.0},{"not_picked":["Concentrate+1","Slice","Choke+1"],"picked":"SKIP","floor":30.0},{"not_picked":["Tools of the Trade","Quick Slash"],"picked":"Tactician","floor":31.0},{"not_picked":["Bullet Time","Phantasmal Killer"],"picked":"Adrenaline","floor":33.0},{"not_picked":["Reflex+1","Acrobatics"],"picked":"Concentrate","floor":35.0},{"not_picked":["Choke","Cloak And Dagger"],"picked":"Backstab","floor":36.0},{"not_picked":["Sucker Punch","Flechettes"],"picked":"Acrobatics+1","floor":38},{"not_picked":["Flying Knee+1","Dagger Throw+1"],"picked":"Finisher+1","floor":40},{"not_picked":["Skewer","Dodge and Roll+1"],"picked":"Malaise","floor":44},{"not_picked":["Acrobatics+1","Masterful Stab+1"],"picked":"Crippling Poison","floor":45},{"not_picked":["Slice","Dagger Throw+1"],"picked":"Bouncing Flask","floor":46},{"not_picked":["Bane+1","Prepared"],"picked":"Accuracy+1","floor":47},{"not_picked":["Predator","Calculated Gamble+1"],"picked":"Blade Dance","floor":48},{"not_picked":["Bane+1","Blur"],"picked":"Terror+1","floor":54}],"player_experience":873008,"relics_obtained":[{"floor":6.0,"key":"Ancient Tea Set"},{"floor":9.0,"key":"Dead Branch"},{"floor":12.0,"key":"Ornamental Fan"},{"floor":13.0,"key":"MawBank"},{"floor":26.0,"key":"Vajra"},{"floor":29.0,"key":"The Courier"},{"floor":31.0,"key":"Centennial Puzzle"},{"floor":40,"key":"Gremlin Horn"},{"floor":54,"key":"Art of War"}],"event_choices":[{"damage_healed":0.0,"max_hp_gain":0.0,"max_hp_loss":0.0,"gold_gain":0.0,"event_name":"Living Wall","player_choice":"Grow","floor":2.0,"gold_loss":0.0,"damage_taken":0.0,"cards_upgraded":["Neutralize"]},{"damage_healed":0.0,"max_hp_gain":0.0,"max_hp_loss":0.0,"gold_gain":0.0,"event_name":"Golden Idol","player_choice":"Take Wound","floor":3.0,"gold_loss":0.0,"damage_taken":0.0,"relics_obtained":["Golden Idol"],"cards_obtained":["Injury"]},{"damage_healed":0.0,"max_hp_gain":0.0,"max_hp_loss":0.0,"gold_gain":0.0,"event_name":"Golden Wing","player_choice":"Ignored","floor":4.0,"gold_loss":0.0,"damage_taken":0.0},{"damage_healed":0.0,"max_hp_gain":0.0,"max_hp_loss":0.0,"gold_gain":0.0,"event_name":"Dead Adventurer","player_choice":"Searched \u00271\u0027 times","floor":13.0,"gold_loss":0.0,"damage_taken":0.0},{"damage_healed":0.0,"max_hp_gain":0.0,"max_hp_loss":0.0,"gold_gain":0.0,"event_name":"N\u0027loth","player_choice":"Ignored","floor":21.0,"gold_loss":0.0,"damage_taken":0.0},{"damage_healed":0.0,"max_hp_gain":0.0,"max_hp_loss":0.0,"gold_gain":0.0,"event_name":"The Mausoleum","player_choice":"Opened","floor":25.0,"gold_loss":0.0,"damage_taken":0.0,"relics_obtained":["Ninja Scroll"]},{"damage_healed":0.0,"max_hp_gain":0.0,"max_hp_loss":0.0,"gold_gain":0.0,"event_name":"Purifier","player_choice":"Ignored","floor":37.0,"gold_loss":0.0,"damage_taken":0.0},{"damage_healed":0,"gold_gain":0,"player_choice":"Upgraded","damage_taken":0,"max_hp_gain":0,"max_hp_loss":0,"event_name":"Upgrade Shrine","floor":39,"gold_loss":0,"cards_upgraded":["Adrenaline"]}],"is_beta":false,"boss_relics":[{"not_picked":["Coffee Dripper","Empty Cage","Velvet Choker"]},{"not_picked":["Calling Bell","Cursed Key"],"picked":"White Beast Statue"}],"items_purged_floors":[27],"is_endless":false,"potions_floor_spawned":[6,14,16,29,30,31,33,35,36,38,40,44,45,46,47,48,54],"killed_by":"The Heart","ascension_level":0}