{"gold_per_floor":[109,24,36,111,111,143,143,168,221,221,234,245,272,284,296,384,396,421,433,459,500,104,137,137,163,163,163,182,201,228,242,242,319,319,332,332,332,432,449,449,476,476,526,748,759,777,273,308,308,308,308,308,308,34,61,61],"floor_reached":57,"playtime":1989,"items_purged":["Strike_R","Strike_R"],"score":2897,"play_id":"d1c34275-748c-4e6c-9069-467f4c87b865","local_time":"20190628192529","is_ascension_mode":true,"campfire_choices":[{"data":"Bash","floor":7.0,"key":"SMITH"},{"data":"Flame Barrier","floor":10.0,"key":"SMITH"},{"data":"Heavy Blade","floor":15.0,"key":"SMITH"},{"data":"Bludgeon","floor":24,"key":"SMITH"},{"data":"Feel No Pain","floor":27,"key":"SMITH"},{"data":"Heavy Blade","floor":32,"key":"SMITH"},{"data":"Demon Form","floor":40,"key":"SMITH"},{"data":"Strike_R","floor":42,"key":"PURGE"},{"floor":49,"key":"RECALL"},{"data":"Strike_R","floor":53,"key":"PURGE"}],"neow_cost":"NONE","seed_source_timestamp":147487837206400,"circlet_count":0,"master_deck":["AscendersBane","Defend_R","Defend_R","Defend_R","Defend_R","Bash+1","Flame Barrier+1","Heavy Blade+1","Reaper","Heavy Blade+1","Sentinel","Bludgeon+1","Corruption","Feel No Pain+1","Reaper","Feel No Pain+1","Fiend Fire","Flex+1","Seeing Red+1","Demon Form+1","Armaments+1","Discovery+1","Deep Breath+1","Dual Wield+1","Carnage+1","Evolve+1","Feel No Pain","Offering+1","Battle Trance+1","Shrug It Off+1","True Grit+1"],"special_seed":0,"relics":["Snecko Eye","Vajra","Ancient Tea Set","MawBank","Gremlin Horn","Philosopher\u0027s Stone","Red Mask","PreservedInsect","Oddly Smooth Stone","Pen Nib","Toxic Egg 2","Charon\u0027s Ashes","Black Star","Peace Pipe","Champion Belt","Bag of Preparation","Dream Catcher","Mango","Du-Vu Doll","Pantograph","Anchor","Incense Burner","Self Forming Clay"],"potions_floor_usage":[21,56,56],"damage_taken":[{"damage":0.0,"enemies":"2 Louse","floor":1.0,"turns":4.0},{"damage":8.0,"enemies":"Small Slimes","floor":3.0,"turns":3.0},{"damage":11.0,"enemies":"Lagavulin","floor":6.0,"turns":5.0},{"damage":8.0,"enemies":"Gremlin Nob","floor":8.0,"turns":3.0},{"damage":2.0,"enemies":"Jaw Worm","floor":11.0,"turns":3.0},{"damage":4.0,"enemies":"3 Louse","floor":12.0,"turns":3.0},{"damage":4.0,"enemies":"Lagavulin","floor":13.0,"turns":3.0},{"damage":10.0,"enemies":"Hexaghost","floor":16.0,"turns":8.0},{"damage":12,"enemies":"3 Byrds","floor":18,"turns":2},{"damage":3,"enemies":"Spheric Guardian","floor":20,"turns":4},{"damage":10,"enemies":"Masked Bandits","floor":21,"turns":3},{"damage":7,"enemies":"Slavers","floor":23,"turns":3},{"damage":1,"enemies":"Gremlin Leader","floor":25,"turns":3},{"damage":23,"enemies":"Snake Plant","floor":28,"turns":4},{"damage":0,"enemies":"3 Cultists","floor":29,"turns":2},{"damage":4,"enemies":"Book of Stabbing","floor":30,"turns":3},{"damage":0,"enemies":"Sentry and Sphere","floor":31,"turns":2},{"damage":54,"enemies":"Collector","floor":33,"turns":7},{"damage":0,"enemies":"3 Shapes","floor":35,"turns":6},{"damage":1,"enemies":"Mind Bloom Boss Battle","floor":38,"turns":4},{"damage":0,"enemies":"3 Darklings","floor":39,"turns":3},{"damage":63,"enemies":"Giant Head","floor":41,"turns":6},{"damage":0,"enemies":"Spire Growth","floor":45,"turns":2},{"damage":0,"enemies":"Writhing Mass","floor":46,"turns":2},{"damage":0,"enemies":"Reptomancer","floor":48,"turns":3},{"damage":14,"enemies":"Donu and Deca","floor":50,"turns":7},{"damage":48,"enemies":"Awakened One","floor":51,"turns":7},{"damage":6,"enemies":"Shield and Spear","floor":55,"turns":2},{"damage":30,"enemies":"The Heart","floor":56,"turns":6}],"seed_played":"-3128911158325499305","potions_obtained":[{"floor":1.0,"key":"Poison Potion"},{"floor":12.0,"key":"GamblersBrew"},{"floor":13.0,"key":"AttackPotion"},{"floor":16.0,"key":"AttackPotion"},{"floor":21,"key":"Block Potion"},{"floor":38,"key":"SkillPotion"},{"floor":55,"key":"Ancient Potion"}],"is_trial":false,"path_per_floor":["M","$","M","?","?","E","R","E","T","R","M","M","E","?","R","B",null,"M","?","M","?","$","E","R","E","T","R","M","M","E","M","R","B",null,"M","?","?","?","M","R","E","R","T","?","M","M","$","E","R","B","B",null,"R","$","E","B",null],"character_chosen":"IRONCLAD","items_purchased":["Flame Barrier","Feel No Pain","PreservedInsect","Reaper","Offering+1","Mango","PowerPotion","Shrug It Off+1","Anchor"],"campfire_rested":0,"item_purchase_floors":[2,22,22,22,47,47,54,54,54],"current_hp_per_floor":[68,68,60,49,42,31,31,30,30,30,35,46,49,44,44,41,67,61,40,37,42,42,65,65,79,79,79,60,80,80,80,80,32,68,79,76,66,73,76,76,68,68,68,68,76,76,90,90,90,90,90,90,90,90,84,90],"gold":61,"neow_bonus":"BOSS_RELIC","is_prod":false,"is_daily":false,"chose_seed":false,"campfire_upgraded":7,"win_rate":0,"timestamp":1561717529,"path_taken":["M","$","M","?","?","E","R","E","T","R","M","M","E","?","R","BOSS","M","?","M","?","$","E","R","E","T","R","M","M","E","M","R","BOSS","M","?","?","?","M","R","E","R","T","?","M","?","$","E","R","BOSS","BOSS","R","$","E","BOSS"],"build_version":"2019-01-23","purchased_purges":2,"victory":true,"max_hp_per_floor":[75,75,75,75,75,75,75,75,75,75,75,75,75,75,75,75,75,75,80,80,80,80,80,80,80,80,80,80,80,80,80,80,80,80,80,76,76,76,76,76,76,76,76,76,76,76,90,90,90,90,90,90,90,90,90,90],"card_choices":[{"not_picked":["Pommel Strike","Twin Strike","Body Slam"],"picked":"SKIP","floor":1.0},{"not_picked":["Shrug It Off","Warcry"],"picked":"Heavy Blade","floor":3.0},{"not_picked":["Shrug It Off","Flame Barrier"],"picked":"Reaper","floor":6.0},{"not_picked":["Anger","Cleave","Rage"],"picked":"SKIP","floor":8.0},{"not_picked":["Headbutt","Seeing Red","Rage"],"picked":"SKIP","floor":11.0},{"not_picked":["Reckless Charge","Blood for Blood"],"picked":"Heavy Blade","floor":12.0},{"not_picked":["Perfected Strike","Pommel Strike"],"picked":"Sentinel","floor":13.0},{"not_picked":["Dark Embrace","Juggernaut"],"picked":"Bludgeon","floor":16.0},{"not_picked":["Clash","Rampage","Iron Wave"],"picked":"SKIP","floor":18},{"not_picked":["Battle Trance","Flex"],"picked":"Corruption","floor":20},{"not_picked":["Searing Blow","Heavy Blade","Headbutt"],"picked":"SKIP","floor":23},{"not_picked":["Infernal Blade","Flame Barrier"],"picked":"Feel No Pain+1","floor":25},{"not_picked":["Pommel Strike","Flex+1"],"picked":"Fiend Fire","floor":28},{"not_picked":["Clothesline","Twin Strike"],"picked":"Flex+1","floor":29},{"not_picked":["Clash","Ghostly Armor+1"],"picked":"Seeing Red+1","floor":30},{"not_picked":["Twin Strike","Anger","Rampage"],"picked":"SKIP","floor":31},{"not_picked":["Double Tap+1","Brutality"],"picked":"Demon Form","floor":33},{"not_picked":["Battle Trance+1","Headbutt+1"],"picked":"Armaments+1","floor":35},{"not_picked":["Mayhem","Secret Weapon+1"],"picked":"Discovery+1","floor":37},{"not_picked":["Transmutation+1","Mind Blast"],"picked":"Deep Breath+1","floor":37},{"not_picked":["Thunderclap","Evolve"],"picked":"Dual Wield+1","floor":39},{"not_picked":["Infernal Blade+1","Inflame"],"picked":"Carnage+1","floor":41},{"not_picked":["Heavy Blade","Clash"],"picked":"Evolve+1","floor":45},{"not_picked":["Pommel Strike+1","Warcry+1"],"picked":"Feel No Pain","floor":46},{"not_picked":["Fire Breathing+1","Clothesline"],"picked":"Battle Trance+1","floor":48},{"not_picked":["Flex+1","Havoc+1"],"picked":"True Grit+1","floor":55}],"player_experience":863237,"relics_obtained":[{"floor":6.0,"key":"Vajra"},{"floor":8.0,"key":"Ancient Tea Set"},{"floor":13.0,"key":"MawBank"},{"floor":21,"key":"Red Mask"},{"floor":23,"key":"Oddly Smooth Stone"},{"floor":25,"key":"Pen Nib"},{"floor":26,"key":"Toxic Egg 2"},{"floor":30,"key":"Charon\u0027s Ashes"},{"floor":38,"key":"Peace Pipe"},{"floor":41,"key":"Champion Belt"},{"floor":41,"key":"Bag of Preparation"},{"floor":43,"key":"Dream Catcher"},{"floor":48,"key":"Du-Vu Doll"},{"floor":48,"key":"Pantograph"},{"floor":55,"key":"Incense Burner"},{"floor":55,"key":"Self Forming Clay"}],"event_choices":[{"damage_healed":0.0,"max_hp_gain":0.0,"max_hp_loss":0.0,"gold_gain":75.0,"event_name":"World of Goop","player_choice":"Gather Gold","floor":4.0,"gold_loss":0.0,"damage_taken":11.0},{"cards_removed":["Strike_R"],"damage_healed":0.0,"max_hp_gain":0.0,"max_hp_loss":0.0,"gold_gain":0.0,"event_name":"Golden Wing","player_choice":"Card Removal","floor":5.0,"gold_loss":0.0,"damage_taken":7.0},{"damage_healed":0.0,"max_hp_gain":0.0,"max_hp_loss":0.0,"gold_gain":0.0,"event_name":"Scrap Ooze","player_choice":"Success","floor":14.0,"gold_loss":0.0,"damage_taken":5.0,"relics_obtained":["Gremlin Horn"]},{"damage_healed":0,"gold_gain":0,"player_choice":"Shed Blood","damage_taken":26,"max_hp_gain":5,"max_hp_loss":0,"event_name":"Forgotten Altar","floor":19,"gold_loss":0},{"damage_healed":0,"gold_gain":0,"player_choice":"Fought Bandits","damage_taken":0,"max_hp_gain":0,"max_hp_loss":0,"event_name":"Masked Bandits","floor":21,"gold_loss":0},{"damage_healed":0,"gold_gain":0,"player_choice":"Max HP","damage_taken":0,"max_hp_gain":0,"max_hp_loss":4,"event_name":"Winding Halls","floor":36,"gold_loss":0},{"damage_healed":0,"gold_gain":0,"player_choice":"Memory 3","damage_taken":10,"max_hp_gain":0,"max_hp_loss":0,"event_name":"SensoryStone","floor":37,"gold_loss":0},{"damage_healed":0,"gold_gain":0,"player_choice":"Fight","damage_taken":0,"max_hp_gain":0,"max_hp_loss":0,"event_name":"MindBloom","floor":38,"gold_loss":0},{"damage_healed":0,"gold_gain":222,"player_choice":"Wore Mask","damage_taken":0,"max_hp_gain":0,"max_hp_loss":0,"event_name":"Tomb of Lord Red Mask","floor":44,"gold_loss":0}],"is_beta":false,"boss_relics":[{"not_picked":["Lizard Tail","Astrolabe"],"picked":"Philosopher\u0027s Stone"},{"not_picked":["Orrery","Busted Crown"],"picked":"Black Star"}],"items_purged_floors":[22,47],"is_endless":false,"potions_floor_spawned":[1,12,13,16,20,21,23,28,30,38,39,48,55],"ascension_level":20}