{"gold_per_floor":[113,113,130,146,116,116,146,146,225,254,37,66,76,76,76,153,153,166,166,181,193,193,193,193],"floor_reached":24,"playtime":709,"items_purged":[],"score":428,"play_id":"76330e73-2bd5-493e-9aaf-3805e36dc7b2","local_time":"20190726161119","is_ascension_mode":true,"campfire_choices":[{"data":"Demon Form","floor":6,"key":"SMITH"},{"floor":8,"key":"REST"},{"floor":15,"key":"REST"},{"data":"Bash","floor":23,"key":"SMITH"}],"neow_cost":"PERCENT_DAMAGE","seed_source_timestamp":607235859272100,"circlet_count":0,"master_deck":["AscendersBane","Strike_R","Strike_R","Strike_R","Defend_R","Defend_R","Defend_R","Defend_R","Bash+1","Demon Form+1","Ghostly Armor","Cleave","Dropkick","Twin Strike","Exhume","Second Wind","Limit Break","Shrug It Off","Dropkick"],"relics":["Burning Blood","Orichalcum","Dodecahedron","Blue Candle","Medical Kit","StoneCalendar","Runic Dome","GremlinMask"],"potions_floor_usage":[7,7,20,20],"damage_taken":[{"damage":0,"enemies":"Small Slimes","floor":1,"turns":6},{"damage":2,"enemies":"Cultist","floor":3,"turns":4},{"damage":4,"enemies":"2 Louse","floor":4,"turns":3},{"damage":56,"enemies":"Gremlin Nob","floor":7,"turns":5},{"damage":16,"enemies":"3 Sentries","floor":10,"turns":6},{"damage":20,"enemies":"Gremlin Nob","floor":12,"turns":4},{"damage":13,"enemies":"Exordium Thugs","floor":13,"turns":5},{"damage":23,"enemies":"Slime Boss","floor":16,"turns":7},{"damage":25,"enemies":"Chosen","floor":18,"turns":5},{"damage":16,"enemies":"Spheric Guardian","floor":20,"turns":5},{"damage":28,"enemies":"Snake Plant","floor":21,"turns":5},{"damage":35,"enemies":"Chosen and Byrds","floor":24,"turns":6}],"seed_played":"8987711060813963186","potions_obtained":[{"floor":3,"key":"GamblersBrew"},{"floor":5,"key":"SkillPotion"},{"floor":13,"key":"EntropicBrew"},{"floor":18,"key":"Regen Potion"},{"floor":20,"key":"PowerPotion"}],"is_trial":false,"path_per_floor":["M","?","M","M","?","R","E","R","T","E","$","E","M","?","R","B",null,"M","?","M","M","?","R","M"],"character_chosen":"IRONCLAD","items_purchased":["Medical Kit"],"campfire_rested":2,"item_purchase_floors":[11],"current_hp_per_floor":[56,61,65,67,67,67,17,41,41,31,31,17,10,10,34,17,64,45,45,49,27,27,27,0],"gold":193,"neow_bonus":"TRANSFORM_TWO_CARDS","is_prod":false,"is_daily":false,"chose_seed":false,"campfire_upgraded":2,"win_rate":0,"timestamp":1564125079,"path_taken":["M","?","M","M","?","R","E","R","T","E","$","E","?","?","R","BOSS","M","?","?","M","?","R","?"],"build_version":"2019-07-17","purchased_purges":0,"victory":false,"max_hp_per_floor":[75,80,80,80,80,80,80,80,80,80,80,80,80,80,80,80,80,80,80,80,80,80,80,80],"card_choices":[{"not_picked":["Clothesline","Shrug It Off"],"picked":"Cleave","floor":1},{"not_picked":["Searing Blow","Rampage"],"picked":"Shrug It Off","floor":3},{"not_picked":["True Grit","Heavy Blade"],"picked":"Dropkick","floor":4},{"not_picked":["Twin Strike","Clash","Iron Wave"],"picked":"SKIP","floor":7},{"not_picked":["Clash","Iron Wave"],"picked":"Twin Strike","floor":7},{"not_picked":["Ghostly Armor","Exhume","Perfected Strike"],"picked":"SKIP","floor":10},{"not_picked":["Ghostly Armor","Exhume","Perfected Strike"],"picked":"SKIP","floor":10},{"not_picked":["Ghostly Armor","Exhume","Perfected Strike"],"picked":"SKIP","floor":10},{"not_picked":["Ghostly Armor","Perfected Strike"],"picked":"Exhume","floor":10},{"not_picked":["Uppercut","Havoc"],"picked":"Second Wind","floor":12},{"not_picked":["Ghostly Armor","Twin Strike","Rupture"],"picked":"SKIP","floor":13},{"not_picked":["Juggernaut","Double Tap"],"picked":"Limit Break","floor":16},{"not_picked":["Cleave","Headbutt","Perfected Strike"],"picked":"SKIP","floor":18},{"not_picked":["Cleave","Entrench"],"picked":"Shrug It Off","floor":20},{"not_picked":["Pummel","Heavy Blade","Cleave"],"picked":"SKIP","floor":21}],"player_experience":1217462,"relics_obtained":[{"floor":7,"key":"Orichalcum"},{"floor":9,"key":"Dodecahedron"},{"floor":10,"key":"Blue Candle"}],"event_choices":[{"damage_healed":0,"gold_gain":0,"player_choice":"Donut","damage_taken":0,"max_hp_gain":5,"max_hp_loss":0,"event_name":"Big Fish","floor":2,"gold_loss":0},{"damage_healed":0,"gold_gain":0,"player_choice":"Bought 2 Potions","damage_taken":0,"max_hp_gain":0,"max_hp_loss":0,"event_name":"The Woman in Blue","floor":5,"gold_loss":0},{"cards_removed":["Shrug It Off"],"damage_healed":0,"gold_gain":0,"player_choice":"Gave Card","damage_taken":0,"relics_obtained":["StoneCalendar"],"max_hp_gain":0,"max_hp_loss":0,"event_name":"WeMeetAgain","floor":14,"gold_loss":0},{"damage_healed":0,"gold_gain":0,"player_choice":"Trade","damage_taken":0,"relics_obtained":["GremlinMask"],"max_hp_gain":0,"max_hp_loss":0,"event_name":"FaceTrader","floor":19,"gold_loss":0},{"damage_healed":0,"gold_gain":0,"player_choice":"Copied","damage_taken":0,"max_hp_gain":0,"max_hp_loss":0,"event_name":"Duplicator","floor":22,"gold_loss":0,"cards_obtained":["Dropkick"]}],"is_beta":false,"boss_relics":[{"not_picked":["Orrery","Coffee Dripper"],"picked":"Runic Dome"}],"items_purged_floors":[],"is_endless":false,"potions_floor_spawned":[3,13,18,20],"killed_by":"Chosen and Byrds","ascension_level":20}