{"gold_per_floor":[118,43,118,133,0,0,18,18,89,120,141,41,41],"floor_reached":13,"playtime":301,"items_purged":["Strike_B","Strike_B"],"score":162,"play_id":"ff47a86e-9f33-4997-919a-7833ae1afb6c","local_time":"20190725101922","is_ascension_mode":true,"campfire_choices":[{"data":"Zap","floor":6,"key":"SMITH"},{"data":"Double Energy","floor":8,"key":"SMITH"}],"neow_cost":"TEN_PERCENT_HP_LOSS","seed_source_timestamp":500124633402500,"circlet_count":0,"master_deck":["AscendersBane","Strike_B","Defend_B","Defend_B","Defend_B","Defend_B","Zap+1","Dualcast","Double Energy+1","Loop","Gash","White Noise","Coolheaded"],"relics":["Cracked Core","Unceasing Top","Singing Bowl","DataDisk","Odd Mushroom"],"potions_floor_usage":[10,11],"damage_taken":[{"damage":4,"enemies":"Small Slimes","floor":1,"turns":3},{"damage":9,"enemies":"Jaw Worm","floor":4,"turns":4},{"damage":0,"enemies":"2 Louse","floor":7,"turns":3},{"damage":30,"enemies":"3 Sentries","floor":10,"turns":7},{"damage":9,"enemies":"The Mushroom Lair","floor":11,"turns":4},{"damage":6,"enemies":"Gremlin Nob","floor":13,"turns":2}],"seed_played":"-2816514665375277316","potions_obtained":[{"floor":4,"key":"SkillPotion"},{"floor":7,"key":"SteroidPotion"}],"is_trial":false,"path_per_floor":["M","?","?","M","$","R","M","R","T","E","?","$","E"],"character_chosen":"DEFECT","items_purchased":["Gash"],"campfire_rested":0,"item_purchase_floors":[5],"current_hp_per_floor":[60,60,49,40,40,40,40,40,40,10,3,3,0],"gold":41,"neow_bonus":"ONE_RARE_RELIC","is_prod":false,"is_daily":false,"chose_seed":false,"campfire_upgraded":2,"win_rate":0,"timestamp":1564017562,"path_taken":["M","?","?","M","?","R","M","R","T","E","?","$","E"],"build_version":"2019-07-17","purchased_purges":2,"victory":false,"max_hp_per_floor":[64,64,64,64,64,64,64,64,64,64,66,66,66],"card_choices":[{"not_picked":["Rebound","Undo"],"picked":"Double Energy","floor":1},{"not_picked":["Stack","Streamline"],"picked":"Loop","floor":4},{"not_picked":["Hello World","Doom and Gloom"],"picked":"White Noise","floor":7},{"not_picked":["Heatsinks","Scrape"],"picked":"Coolheaded","floor":10},{"not_picked":["Aggregate","Barrage","Leap"],"picked":"Singing Bowl","floor":11}],"player_experience":1196476,"relics_obtained":[{"floor":9,"key":"Singing Bowl"},{"floor":10,"key":"DataDisk"},{"floor":11,"key":"Odd Mushroom"}],"event_choices":[{"cards_removed":["Strike_B"],"damage_healed":0,"gold_gain":0,"player_choice":"Card Removal","damage_taken":0,"max_hp_gain":0,"max_hp_loss":0,"event_name":"The Cleric","floor":2,"gold_loss":75},{"damage_healed":0,"gold_gain":75,"player_choice":"Gather Gold","damage_taken":11,"max_hp_gain":0,"max_hp_loss":0,"event_name":"World of Goop","floor":3,"gold_loss":0},{"damage_healed":0,"gold_gain":0,"player_choice":"Fought Mushrooms","damage_taken":0,"max_hp_gain":0,"max_hp_loss":0,"event_name":"Mushrooms","floor":11,"gold_loss":0}],"is_beta":false,"boss_relics":[],"items_purged_floors":[5,12],"is_endless":false,"potions_floor_spawned":[4,7],"killed_by":"Gremlin Nob","ascension_level":20}