{"gold_per_floor":[110,125,125,125,125,155,155,171,241,254,254,254,254,267,267,365,365,350,363,288,288,288,288],"floor_reached":23,"playtime":1340,"items_purged":["Defend_G"],"score":216,"play_id":"8017b1cc-ec2c-4bfe-9264-e97b75d62dc3","local_time":"20190226183438","is_ascension_mode":false,"campfire_choices":[{"floor":7.0,"key":"RECALL"},{"data":"Neutralize","floor":11.0,"key":"SMITH"},{"floor":15.0,"key":"REST"}],"neow_cost":"NONE","seed_source_timestamp":620602833904159,"circlet_count":0,"master_deck":["Defend_G","Defend_G","Defend_G","Defend_G","Strike_G","Strike_G","Strike_G","Strike_G","Survivor","Neutralize+1","Heel Hook","Slice","Deflect","Heel Hook","Die Die Die","Deflect","Slice","Well Laid Plans","Slice"],"special_seed":0,"relics":["Ring of the Snake","NeowsBlessing","Potion Belt","Blood Vial","Orrery","NlothsMask"],"potions_floor_usage":[],"damage_taken":[{"damage":0.0,"enemies":"2 Louse","floor":1.0,"turns":1.0},{"damage":0.0,"enemies":"Small Slimes","floor":2.0,"turns":1.0},{"damage":0.0,"enemies":"Gremlin Nob","floor":6.0,"turns":1.0},{"damage":3.0,"enemies":"Cultist","floor":8.0,"turns":5.0},{"damage":0.0,"enemies":"2 Fungi Beasts","floor":10.0,"turns":4.0},{"damage":5.0,"enemies":"Large Slime","floor":14.0,"turns":7.0},{"damage":72.0,"enemies":"The Guardian","floor":16.0,"turns":23.0},{"damage":8.0,"enemies":"2 Thieves","floor":18.0,"turns":4.0},{"damage":3.0,"enemies":"Chosen","floor":19.0,"turns":8.0},{"damage":3.0,"enemies":"Snake Plant","floor":21.0,"turns":3.0},{"damage":2,"enemies":"Book of Stabbing","floor":23,"turns":3}],"seed_played":"-8345179305842590972","potions_obtained":[{"floor":1.0,"key":"GamblersBrew"},{"floor":16.0,"key":"Block Potion"},{"floor":19.0,"key":"SmokeBomb"}],"is_trial":false,"path_per_floor":["M","M","?","$","?","E","R","M","T","M","R","?","?","M","R","B",null,"M","M","$","M","?","E"],"character_chosen":"THE_SILENT","items_purchased":[],"campfire_rested":1,"item_purchase_floors":[],"current_hp_per_floor":[70,70,70,70,70,70,70,67,67,67,67,72,65,62,75,3,75,67,66,66,65,65,65],"gold":288,"neow_bonus":"THREE_ENEMY_KILL","is_prod":false,"is_daily":false,"chose_seed":false,"campfire_upgraded":1,"win_rate":0,"timestamp":1551198878,"path_taken":["M","M","?","$","?","E","R","M","T","?","R","?","?","M","R","BOSS","M","M","$","M","?","E"],"build_version":"2019-01-23","purchased_purges":1,"victory":false,"max_hp_per_floor":[70,70,70,70,70,70,70,70,70,70,70,75,75,75,75,75,75,75,75,75,75,75,75],"card_choices":[{"not_picked":["Terror","Bane"],"picked":"Heel Hook","floor":1.0},{"not_picked":["Flying Knee","Outmaneuver"],"picked":"Slice","floor":2.0},{"not_picked":["Dagger Throw","Catalyst","Dagger Spray"],"picked":"SKIP","floor":6.0},{"not_picked":["Leg Sweep","Setup"],"picked":"Deflect","floor":8.0},{"not_picked":["Tactician","Blade Dance"],"picked":"Heel Hook","floor":10.0},{"not_picked":["Expertise","Backflip","Dagger Spray"],"picked":"SKIP","floor":14.0},{"not_picked":["Glass Knife","Tools of the Trade"],"picked":"Die Die Die","floor":16.0},{"not_picked":["Infinite Blades","Deadly Poison"],"picked":"Deflect","floor":17.0},{"not_picked":["Backflip","Flechettes"],"picked":"Slice","floor":17.0},{"not_picked":["Cloak And Dagger","Dagger Spray"],"picked":"Well Laid Plans","floor":17.0},{"not_picked":["Catalyst","Adrenaline"],"picked":"Slice","floor":18.0},{"not_picked":["Flying Knee","Outmaneuver+1","Flechettes"],"picked":"SKIP","floor":19.0}],"player_experience":990588,"relics_obtained":[{"floor":6.0,"key":"Potion Belt"}],"event_choices":[{"damage_healed":0.0,"max_hp_gain":0.0,"max_hp_loss":0.0,"gold_gain":0.0,"event_name":"Golden Wing","player_choice":"Ignored","floor":3.0,"gold_loss":0.0,"damage_taken":0.0},{"cards_removed":["Strike_G"],"damage_healed":0.0,"max_hp_gain":0.0,"max_hp_loss":0.0,"gold_gain":0.0,"event_name":"Purifier","player_choice":"Purged","floor":5.0,"gold_loss":0.0,"damage_taken":0.0},{"damage_healed":0.0,"max_hp_gain":5.0,"max_hp_loss":0.0,"gold_gain":0.0,"event_name":"Big Fish","player_choice":"Donut","floor":12.0,"gold_loss":0.0,"damage_taken":0.0},{"damage_healed":0.0,"max_hp_gain":0.0,"max_hp_loss":0.0,"gold_gain":0.0,"event_name":"Scrap Ooze","player_choice":"Success","floor":13.0,"gold_loss":0.0,"damage_taken":7.0,"relics_obtained":["Blood Vial"]},{"damage_healed":0.0,"max_hp_gain":0.0,"max_hp_loss":0.0,"gold_gain":0.0,"event_name":"FaceTrader","player_choice":"Trade","floor":22.0,"gold_loss":0.0,"damage_taken":0.0,"relics_obtained":["NlothsMask"]}],"is_beta":false,"boss_relics":[{"not_picked":["Busted Crown","Calling Bell"],"picked":"Orrery"}],"items_purged_floors":[20],"is_endless":false,"potions_floor_spawned":[1,16,19,21],"killed_by":"Book of Stabbing","ascension_level":0}