{"gold_per_floor":[117,117,131,146,160,189,208,208,282,282],"floor_reached":10,"playtime":605,"items_purged":[],"score":137,"play_id":"d5dabcc3-e22a-41f8-b26a-e57ed6b9964a","local_time":"20190525150713","is_ascension_mode":true,"campfire_choices":[{"data":"Predator","floor":8,"key":"SMITH"}],"neow_cost":"NONE","seed_source_timestamp":243758978570695,"circlet_count":0,"master_deck":["AscendersBane","Defend_G","Defend_G","Defend_G","Defend_G","Defend_G","Strike_G","Strike_G","Strike_G","Strike_G","Strike_G","Survivor","Neutralize","Well Laid Plans","Predator+1","Crippling Poison","All Out Attack","Backflip","Dagger Throw"],"special_seed":0,"relics":["Sozu","Dream Catcher","Frozen Egg 2"],"potions_floor_usage":[],"damage_taken":[{"damage":0.0,"enemies":"2 Louse","floor":1.0,"turns":3.0},{"damage":0,"enemies":"Cultist","floor":3,"turns":5},{"damage":4,"enemies":"Small Slimes","floor":4,"turns":3},{"damage":0,"enemies":"2 Fungi Beasts","floor":5,"turns":4},{"damage":14,"enemies":"3 Sentries","floor":6,"turns":8},{"damage":0,"enemies":"3 Louse","floor":7,"turns":3},{"damage":29,"enemies":"Gremlin Nob","floor":10,"turns":4}],"seed_played":"-6048558068852030959","potions_obtained":[],"is_trial":false,"path_per_floor":["M","?","M","M","M","E","M","R","T","E"],"character_chosen":"THE_SILENT","items_purchased":[],"campfire_rested":0,"item_purchase_floors":[],"current_hp_per_floor":[59,55,55,51,51,37,37,37,37,8],"gold":282,"neow_bonus":"BOSS_RELIC","is_prod":false,"is_daily":false,"chose_seed":false,"campfire_upgraded":1,"win_rate":0,"timestamp":1558789633,"path_taken":["M","?","M","M","M","E","M","R","T","E"],"build_version":"2019-01-23","purchased_purges":0,"victory":false,"max_hp_per_floor":[66,66,66,66,66,66,66,66,66,66],"card_choices":[{"not_picked":["Poisoned Stab","Cloak And Dagger"],"picked":"Well Laid Plans","floor":1.0},{"not_picked":["Accuracy","Calculated Gamble"],"picked":"Predator","floor":3},{"not_picked":["All Out Attack","Dodge and Roll"],"picked":"Crippling Poison","floor":4},{"not_picked":["Predator","Poisoned Stab"],"picked":"All Out Attack","floor":5},{"not_picked":["Finisher","Flying Knee"],"picked":"Backflip","floor":6},{"not_picked":["Slice","Deflect"],"picked":"Dagger Throw","floor":7}],"player_experience":955241,"relics_obtained":[{"floor":6,"key":"Dream Catcher"},{"floor":9,"key":"Frozen Egg 2"}],"event_choices":[{"damage_healed":0,"gold_gain":0,"player_choice":"Bought 0 Potions","damage_taken":0,"max_hp_gain":0,"max_hp_loss":0,"event_name":"The Woman in Blue","floor":2,"gold_loss":0}],"is_beta":false,"boss_relics":[],"items_purged_floors":[],"is_endless":false,"potions_floor_spawned":[1,4],"killed_by":"Gremlin Nob","ascension_level":19}