{"gold_per_floor":[110,260,260,16,32,64,64,95,165,181,193,208,237,252,252,327,327,345,345,30,30,40,75,75,109,133,144,176,194,209,109,109,181,181,199,214,214,225,225,239,239,239],"floor_reached":42,"playtime":2234,"items_purged":["Strike_R","Strike_R"],"score":1084,"play_id":"fe4082da-1ac0-4603-9549-b6bcf4f734a3","local_time":"20190717152239","is_ascension_mode":true,"campfire_choices":[{"data":"Armaments","floor":7,"key":"SMITH"},{"data":"Disarm","floor":15,"key":"SMITH"},{"data":"Whirlwind","floor":24,"key":"SMITH"},{"data":"Shockwave","floor":32,"key":"SMITH"},{"data":"Juggernaut","floor":41,"key":"SMITH"}],"neow_cost":"NONE","seed_source_timestamp":392995335732900,"circlet_count":0,"master_deck":["AscendersBane","Strike_R","Strike_R","Strike_R","Defend_R","Defend_R+1","Defend_R","Defend_R+1","Bash","Armaments+1","Feel No Pain","Headbutt","Pommel Strike","Disarm+1","Carnage","Feel No Pain","Shockwave+1","Feed","Disarm","Whirlwind+1","Battle Trance","True Grit","Entrench","Warcry+1","Flame Barrier","Sword Boomerang","Second Wind","Juggernaut+1","Body Slam","Sentinel+1"],"relics":["Coffee Dripper","Spirit Poop","PreservedInsect","Happy Flower","Regal Pillow","Mercury Hourglass","Gremlin Horn","Black Star","Potion Belt","Pen Nib","Pantograph","Blood Vial","Bottled Lightning","War Paint","Anchor","Bottled Tornado","Cursed Key"],"potions_floor_usage":[13,16,18,23,23,25,27,33,42,42,42,42],"damage_taken":[{"damage":0,"enemies":"Cultist","floor":1,"turns":3},{"damage":0,"enemies":"2 Louse","floor":5,"turns":3},{"damage":8,"enemies":"Gremlin Nob","floor":6,"turns":3},{"damage":5,"enemies":"3 Sentries","floor":8,"turns":7},{"damage":0,"enemies":"Small Slimes","floor":10,"turns":2},{"damage":0,"enemies":"Blue Slaver","floor":11,"turns":2},{"damage":0,"enemies":"Lots of Slimes","floor":12,"turns":2},{"damage":17,"enemies":"Lagavulin","floor":13,"turns":5},{"damage":9,"enemies":"Red Slaver","floor":14,"turns":2},{"damage":0,"enemies":"Hexaghost","floor":16,"turns":6},{"damage":11,"enemies":"Shell Parasite","floor":18,"turns":6},{"damage":0,"enemies":"Chosen","floor":22,"turns":6},{"damage":10,"enemies":"Slavers","floor":23,"turns":3},{"damage":17,"enemies":"Book of Stabbing","floor":25,"turns":6},{"damage":7,"enemies":"Snecko","floor":27,"turns":4},{"damage":5,"enemies":"Gremlin Leader","floor":28,"turns":4},{"damage":0,"enemies":"3 Cultists","floor":29,"turns":3},{"damage":0,"enemies":"Snake Plant","floor":30,"turns":6},{"damage":51,"enemies":"Champ","floor":33,"turns":25},{"damage":1,"enemies":"Orb Walker","floor":35,"turns":5},{"damage":0,"enemies":"3 Darklings","floor":36,"turns":4},{"damage":14,"enemies":"Writhing Mass","floor":38,"turns":7},{"damage":26,"enemies":"Maw","floor":40,"turns":8},{"damage":49,"enemies":"Giant Head","floor":42,"turns":7}],"seed_played":"-2661240281023739775","potions_obtained":[{"floor":8,"key":"Poison Potion"},{"floor":11,"key":"SkillPotion"},{"floor":12,"key":"Weak Potion"},{"floor":13,"key":"Fruit Juice"},{"floor":14,"key":"FearPotion"},{"floor":16,"key":"Block Potion"},{"floor":22,"key":"AttackPotion"},{"floor":23,"key":"LiquidBronze"},{"floor":25,"key":"Ancient Potion"},{"floor":28,"key":"AttackPotion"},{"floor":30,"key":"Energy Potion"},{"floor":35,"key":"Strength Potion"},{"floor":36,"key":"Energy Potion"},{"floor":38,"key":"LiquidBronze"}],"is_trial":false,"path_per_floor":["M","?","?","$","M","E","R","E","T","M","M","M","E","M","R","B",null,"M","?","$","?","M","E","R","E","T","M","E","M","M","$","R","B",null,"M","M","?","M","?","M","R","E"],"character_chosen":"IRONCLAD","items_purchased":["PreservedInsect","Feel No Pain","Potion Belt","Battle Trance"],"campfire_rested":0,"item_purchase_floors":[4,4,20,20],"current_hp_per_floor":[68,68,68,68,68,60,60,55,55,55,55,55,43,34,34,34,69,61,61,61,61,61,54,54,37,37,35,32,37,39,39,39,15,73,77,79,79,67,67,43,43,0],"gold":239,"neow_bonus":"BOSS_RELIC","is_prod":false,"is_daily":false,"chose_seed":false,"campfire_upgraded":5,"win_rate":0,"timestamp":1563344559,"path_taken":["M","?","?","$","M","E","R","E","T","?","M","M","E","M","R","BOSS","M","?","$","?","M","E","R","E","T","M","E","?","M","$","R","BOSS","M","M","?","?","?","M","R","E"],"build_version":"2019-07-05","purchased_purges":2,"victory":false,"max_hp_per_floor":[75,75,75,75,75,75,75,75,75,75,75,75,80,80,80,80,80,83,83,83,83,83,86,86,86,86,89,89,92,92,92,92,92,92,95,95,95,95,95,95,95,95],"card_choices":[{"not_picked":["Body Slam","Heavy Blade"],"picked":"Armaments","floor":1},{"not_picked":["Perfected Strike","Dual Wield"],"picked":"Headbutt","floor":5},{"not_picked":["Double Tap","Uppercut"],"picked":"Pommel Strike","floor":6},{"not_picked":["Pommel Strike","Body Slam"],"picked":"Disarm","floor":8},{"not_picked":["Sword Boomerang","Cleave"],"picked":"Carnage","floor":10},{"not_picked":["Corruption","Body Slam"],"picked":"Feel No Pain","floor":11},{"not_picked":["Wild Strike","Twin Strike","Fire Breathing"],"picked":"SKIP","floor":12},{"not_picked":["Ghostly Armor","Anger"],"picked":"Shockwave","floor":13},{"not_picked":["Clothesline","Sever Soul","Blood for Blood"],"picked":"SKIP","floor":14},{"not_picked":["Brutality","Impervious"],"picked":"Feed","floor":16},{"not_picked":["Perfected Strike+1","Clash"],"picked":"Disarm","floor":18},{"not_picked":["Wild Strike","Second Wind"],"picked":"True Grit","floor":22},{"not_picked":["Twin Strike","Double Tap"],"picked":"Entrench","floor":23},{"not_picked":["Intimidate","Clash"],"picked":"Warcry+1","floor":25},{"not_picked":["Warcry","Headbutt"],"picked":"Flame Barrier","floor":27},{"not_picked":["Reckless Charge+1","Headbutt"],"picked":"Sword Boomerang","floor":28},{"not_picked":["Anger+1","Sword Boomerang","True Grit"],"picked":"SKIP","floor":29},{"not_picked":["Wild Strike+1","Shrug It Off"],"picked":"Second Wind","floor":30},{"not_picked":["Bludgeon","Double Tap"],"picked":"Juggernaut","floor":33},{"not_picked":["Armaments","Heavy Blade+1","Clothesline"],"picked":"SKIP","floor":35},{"not_picked":["Thunderclap","Twin Strike"],"picked":"Body Slam","floor":36},{"not_picked":["Perfected Strike+1","Body Slam"],"picked":"Sentinel+1","floor":38},{"not_picked":["Iron Wave","Perfected Strike","Pommel Strike"],"picked":"SKIP","floor":40}],"player_experience":1068702,"relics_obtained":[{"floor":6,"key":"Happy Flower"},{"floor":8,"key":"Regal Pillow"},{"floor":9,"key":"Mercury Hourglass"},{"floor":13,"key":"Gremlin Horn"},{"floor":23,"key":"Pen Nib"},{"floor":23,"key":"Pantograph"},{"floor":25,"key":"Blood Vial"},{"floor":25,"key":"Bottled Lightning"},{"floor":26,"key":"War Paint"},{"floor":28,"key":"Anchor"},{"floor":28,"key":"Bottled Tornado"}],"event_choices":[{"damage_healed":0,"gold_gain":150,"player_choice":"AGREE","damage_taken":0,"max_hp_gain":0,"max_hp_loss":0,"event_name":"Liars Game","floor":2,"gold_loss":0,"cards_obtained":["Doubt"]},{"cards_removed":["Doubt"],"damage_healed":0,"gold_gain":0,"player_choice":"Offered Curse","damage_taken":0,"relics_obtained":["Spirit Poop"],"max_hp_gain":0,"max_hp_loss":0,"event_name":"Bonfire Elementals","floor":3,"gold_loss":0},{"damage_healed":0,"gold_gain":0,"player_choice":"Read","damage_taken":0,"max_hp_gain":0,"max_hp_loss":0,"event_name":"The Library","floor":19,"gold_loss":0,"cards_obtained":["Whirlwind"]},{"damage_healed":0,"gold_gain":0,"player_choice":"0 cards matched","damage_taken":0,"max_hp_gain":0,"max_hp_loss":0,"event_name":"Match and Keep!","floor":21,"gold_loss":0,"cards_obtained":[]},{"damage_healed":0,"gold_gain":0,"player_choice":"Ignored","damage_taken":0,"max_hp_gain":0,"max_hp_loss":0,"event_name":"SecretPortal","floor":37,"gold_loss":0},{"damage_healed":0,"gold_gain":0,"player_choice":"Ignored","damage_taken":0,"max_hp_gain":0,"max_hp_loss":0,"event_name":"Tomb of Lord Red Mask","floor":39,"gold_loss":0}],"is_beta":false,"boss_relics":[{"not_picked":["Sozu","Velvet Choker"],"picked":"Black Star"},{"not_picked":["Orrery","Philosopher\u0027s Stone"],"picked":"Cursed Key"}],"items_purged_floors":[20,31],"is_endless":false,"potions_floor_spawned":[8,11,12,13,14,16,22,23,25,28,30,35,36,38],"killed_by":"Giant Head","ascension_level":20}