{"gold_per_floor":[14,29,29,104,104,104,137,137,137,154,179,22,33,45,45,121,121,131,143,93,104,104,131,131,131,131,23,23,23,49,49,49,121,121,133,8,19,33,52,83,83,83,83,83,109,126,126,126,126,126,126,126,126,46,75,75],"floor_reached":56,"playtime":2315,"items_purged":["Storm"],"score":1902,"play_id":"5428b28a-29b7-4e52-a2f3-bff19cf29e72","local_time":"20190611002050","is_ascension_mode":true,"campfire_choices":[{"data":"Zap","floor":6.0,"key":"SMITH"},{"floor":8.0,"key":"REST"},{"data":"Strike_B","floor":15.0,"key":"PURGE"},{"floor":24.0,"key":"REST"},{"data":"Consume","floor":28.0,"key":"SMITH"},{"floor":32.0,"key":"REST"},{"data":"Defend_B","floor":41.0,"key":"PURGE"},{"floor":44.0,"key":"REST"},{"data":"Defend_B","floor":47.0,"key":"PURGE"},{"floor":49.0,"key":"RECALL"},{"data":"Dualcast","floor":53.0,"key":"PURGE"}],"neow_cost":"NO_GOLD","seed_source_timestamp":208559590724000,"circlet_count":0,"master_deck":["AscendersBane","Defend_B+1","Zap+1","Electrodynamics+1","Cold Snap","Ball Lightning","Capacitor","Rainbow","Chill","Double Energy","Core Surge+1","Tempest","Cold Snap+1","Consume+1","Coolheaded","Discovery","Coolheaded","Fission","Consume","Coolheaded","Blizzard","Cold Snap","Turbo+1","Glacier","Core Surge","Capacitor"],"special_seed":0,"relics":["Cracked Core","Strawberry","Bottled Tornado","Peace Pipe","Centennial Puzzle","Inserter","Bag of Preparation","Lantern","Whetstone","Fusion Hammer","War Paint","Ancient Tea Set","Oddly Smooth Stone"],"potions_floor_usage":[56],"damage_taken":[{"damage":12.0,"enemies":"Small Slimes","floor":1.0,"turns":2.0},{"damage":0.0,"enemies":"Jaw Worm","floor":2.0,"turns":3.0},{"damage":35.0,"enemies":"Gremlin Nob","floor":7.0,"turns":4.0},{"damage":0.0,"enemies":"2 Louse","floor":10.0,"turns":1.0},{"damage":10.0,"enemies":"3 Sentries","floor":11.0,"turns":2.0},{"damage":0.0,"enemies":"Gremlin Gang","floor":13.0,"turns":1.0},{"damage":0.0,"enemies":"2 Fungi Beasts","floor":14.0,"turns":1.0},{"damage":3.0,"enemies":"Hexaghost","floor":16.0,"turns":7.0},{"damage":0.0,"enemies":"3 Byrds","floor":18.0,"turns":1.0},{"damage":7.0,"enemies":"Spheric Guardian","floor":19.0,"turns":3.0},{"damage":12.0,"enemies":"Snake Plant","floor":21.0,"turns":2.0},{"damage":22.0,"enemies":"Slavers","floor":23.0,"turns":2.0},{"damage":45.0,"enemies":"Book of Stabbing","floor":30.0,"turns":5.0},{"damage":21.0,"enemies":"Champ","floor":33.0,"turns":17.0},{"damage":0.0,"enemies":"3 Darklings","floor":35.0,"turns":3.0},{"damage":0.0,"enemies":"3 Shapes","floor":37.0,"turns":2.0},{"damage":14.0,"enemies":"Jaw Worm Horde","floor":38.0,"turns":3.0},{"damage":5.0,"enemies":"Maw","floor":39.0,"turns":7.0},{"damage":7.0,"enemies":"Reptomancer","floor":40.0,"turns":6.0},{"damage":26.0,"enemies":"Nemesis","floor":45.0,"turns":11.0},{"damage":4.0,"enemies":"Spire Growth","floor":46.0,"turns":7.0},{"damage":9.0,"enemies":"Time Eater","floor":50.0,"turns":20.0},{"damage":1.0,"enemies":"Donu and Deca","floor":51.0,"turns":13.0},{"damage":1.0,"enemies":"Shield and Spear","floor":55.0,"turns":5.0},{"damage":75,"enemies":"The Heart","floor":56,"turns":12}],"seed_played":"-1719098787968159054","potions_obtained":[{"floor":1.0,"key":"FocusPotion"},{"floor":2.0,"key":"FairyPotion"},{"floor":10.0,"key":"Block Potion"},{"floor":21.0,"key":"Block Potion"},{"floor":30.0,"key":"SkillPotion"},{"floor":38.0,"key":"SpeedPotion"}],"is_trial":false,"path_per_floor":["M","M","?","?","?","R","E","R","T","M","E","$","M","M","R","B",null,"M","M","?","M","?","E","R","?","T","$","R","?","E","$","R","B",null,"M","$","M","M","M","E","R","?","T","R","E","M","R","?","R","B","B",null,"R","$","E","B"],"character_chosen":"DEFECT","items_purchased":["Centennial Puzzle","Discovery","Coolheaded","Ancient Potion"],"campfire_rested":4,"item_purchase_floors":[12,27,36,54],"current_hp_per_floor":[52,52,52,41,41,41,13,36,36,36,26,26,26,26,26,23,64,64,57,57,45,45,23,46,46,46,46,46,46,1,1,24,3,59,59,59,59,45,40,33,33,33,33,56,30,26,26,64,64,55,54,62,62,62,61,0],"gold":75,"neow_bonus":"TRANSFORM_TWO_CARDS","is_prod":false,"is_daily":false,"chose_seed":false,"campfire_upgraded":2,"win_rate":0,"timestamp":1560180050,"path_taken":["M","M","?","?","?","R","E","R","T","M","E","$","?","M","R","BOSS","M","M","?","?","?","E","R","?","T","?","R","?","E","$","R","BOSS","M","$","M","M","M","E","R","?","T","R","E","M","R","?","R","BOSS","BOSS","R","$","E","BOSS"],"build_version":"2019-01-23","purchased_purges":1,"victory":false,"max_hp_per_floor":[71,71,71,71,71,71,78,78,78,78,78,78,78,78,78,78,78,78,78,78,78,78,78,78,78,78,78,78,78,78,78,78,78,78,78,78,78,78,78,78,78,78,78,78,78,78,78,64,64,64,64,64,64,64,64,64],"card_choices":[{"not_picked":["Doom and Gloom","Steam"],"picked":"Cold Snap","floor":1.0},{"not_picked":["Compile Driver","BootSequence","Scrape"],"picked":"SKIP","floor":2.0},{"not_picked":["Turbo","Cold Snap"],"picked":"Ball Lightning","floor":7.0},{"not_picked":["Sweeping Beam","Redo"],"picked":"Capacitor","floor":10.0},{"not_picked":["Redo","Turbo"],"picked":"Rainbow","floor":11.0},{"not_picked":["Leap","Chaos"],"picked":"Chill","floor":13.0},{"not_picked":["Streamline","Leap"],"picked":"Double Energy","floor":14.0},{"not_picked":["Reboot","Amplify"],"picked":"Core Surge","floor":16.0},{"not_picked":["Double Energy","Turbo"],"picked":"Tempest","floor":18.0},{"not_picked":["Steam Power","Rip and Tear","Hologram"],"picked":"SKIP","floor":19.0},{"not_picked":["Barrage","Hologram"],"picked":"Cold Snap","floor":21.0},{"not_picked":["Compile Driver","Rebound"],"picked":"Coolheaded","floor":23.0},{"not_picked":["Heatsinks","Redo"],"picked":"Coolheaded","floor":30.0},{"not_picked":["Thunder Strike","Amplify"],"picked":"Fission","floor":33.0},{"not_picked":["Barrage","Hologram"],"picked":"Consume","floor":35.0},{"not_picked":["Ball Lightning","Hologram"],"picked":"Blizzard","floor":37.0},{"not_picked":["Hologram","Heatsinks"],"picked":"Cold Snap","floor":38.0},{"not_picked":["Darkness","Sweeping Beam"],"picked":"Turbo","floor":39.0},{"not_picked":["FTL","Beam Cell","Static Discharge"],"picked":"SKIP","floor":40.0},{"not_picked":["Beam Cell","Reprogram+1"],"picked":"Glacier","floor":45.0},{"not_picked":["Turbo","Steam Power"],"picked":"Core Surge","floor":46.0},{"not_picked":["Auto Shields+1","Reprogram"],"picked":"Capacitor","floor":55.0}],"player_experience":572249,"relics_obtained":[{"floor":7.0,"key":"Strawberry"},{"floor":9.0,"key":"Bottled Tornado"},{"floor":11.0,"key":"Peace Pipe"},{"floor":23.0,"key":"Bag of Preparation"},{"floor":26.0,"key":"Lantern"},{"floor":30.0,"key":"Whetstone"},{"floor":40.0,"key":"War Paint"},{"floor":45.0,"key":"Ancient Tea Set"},{"floor":55.0,"key":"Oddly Smooth Stone"}],"event_choices":[{"damage_healed":0.0,"max_hp_gain":0.0,"max_hp_loss":0.0,"gold_gain":0.0,"cards_transformed":["Strike_B"],"event_name":"Living Wall","player_choice":"Change","floor":3.0,"gold_loss":0.0,"damage_taken":0.0,"cards_obtained":["Storm"]},{"damage_healed":0.0,"max_hp_gain":0.0,"max_hp_loss":0.0,"gold_gain":75.0,"event_name":"World of Goop","player_choice":"Gather Gold","floor":4.0,"gold_loss":0.0,"damage_taken":11.0},{"damage_healed":0.0,"max_hp_gain":0.0,"max_hp_loss":0.0,"gold_gain":0.0,"event_name":"Upgrade Shrine","player_choice":"Upgraded","floor":5.0,"gold_loss":0.0,"damage_taken":0.0,"cards_upgraded":["Electrodynamics"]},{"damage_healed":0.0,"max_hp_gain":0.0,"max_hp_loss":0.0,"gold_gain":0.0,"event_name":"The Joust","player_choice":"Bet on Murderer","floor":20.0,"gold_loss":50.0,"damage_taken":0.0},{"damage_healed":0.0,"max_hp_gain":0.0,"max_hp_loss":0.0,"gold_gain":0.0,"event_name":"The Library","player_choice":"Read","floor":22.0,"gold_loss":0.0,"damage_taken":0.0,"cards_obtained":["Consume"]},{"cards_removed":["Strike_B"],"damage_healed":0.0,"max_hp_gain":0.0,"max_hp_loss":0.0,"gold_gain":0.0,"event_name":"Back to Basics","player_choice":"Elegance","floor":25.0,"gold_loss":0.0,"damage_taken":0.0},{"damage_healed":0.0,"max_hp_gain":0.0,"max_hp_loss":0.0,"gold_gain":0.0,"event_name":"Beggar","player_choice":"Ignored","floor":29.0,"gold_loss":0.0,"damage_taken":0.0},{"cards_removed":["Amplify"],"damage_healed":0.0,"max_hp_gain":0.0,"max_hp_loss":0.0,"gold_gain":0.0,"event_name":"Falling","player_choice":"Removed Skill","floor":42.0,"gold_loss":0.0,"damage_taken":0.0},{"damage_healed":64.0,"max_hp_gain":0.0,"max_hp_loss":14.0,"gold_gain":0.0,"event_name":"The Moai Head","player_choice":"Heal","floor":48.0,"gold_loss":0.0,"damage_taken":0.0}],"is_beta":false,"boss_relics":[{"not_picked":["Nuclear Battery","Pandora\u0027s Box"],"picked":"Inserter"},{"not_picked":["Philosopher\u0027s Stone","Tiny House"],"picked":"Fusion Hammer"}],"items_purged_floors":[36],"is_endless":false,"potions_floor_spawned":[1,2,10,21,30,38,45],"killed_by":"The Heart","ascension_level":20}