{"gold_per_floor":[119,136,136,51,51,79,79,110,135,135,151,151,185,202,202,279,279,290,290,32,33,83,83,83],"floor_reached":24,"playtime":764,"items_purged":[],"score":474,"play_id":"c2a40e06-f81a-41f7-9bb8-a94e12171cd8","local_time":"20190724174529","is_ascension_mode":true,"campfire_choices":[{"data":"Defragment","floor":7,"key":"SMITH"},{"data":"Darkness","floor":10,"key":"SMITH"},{"floor":12,"key":"REST"},{"data":"Recycle","floor":15,"key":"SMITH"},{"floor":23,"key":"REST"}],"neow_cost":"NONE","seed_source_timestamp":440026785711500,"circlet_count":0,"master_deck":["AscendersBane","Strike_B","Strike_B","Strike_B","Defend_B","Defend_B","Defend_B","Defend_B","Zap","Dualcast","Darkness+1","Defragment+1","Cold Snap","Recycle+1","Glacier","Creative AI","Recycle","Defragment","Turbo"],"relics":["Cracked Core","NeowsBlessing","Art of War","Girya","Regal Pillow","Singing Bowl","Runic Pyramid","Happy Flower"],"potions_floor_usage":[8,8,24,24],"damage_taken":[{"damage":0,"enemies":"Small Slimes","floor":1,"turns":1},{"damage":0,"enemies":"Jaw Worm","floor":2,"turns":1},{"damage":0,"enemies":"3 Sentries","floor":6,"turns":1},{"damage":35,"enemies":"Gremlin Nob","floor":8,"turns":4},{"damage":4,"enemies":"2 Louse","floor":11,"turns":2},{"damage":13,"enemies":"Lagavulin","floor":13,"turns":6},{"damage":12,"enemies":"2 Fungi Beasts","floor":14,"turns":4},{"damage":38,"enemies":"Slime Boss","floor":16,"turns":9},{"damage":13,"enemies":"3 Byrds","floor":18,"turns":6},{"damage":9,"enemies":"2 Thieves","floor":21,"turns":4},{"damage":61,"enemies":"Slavers","floor":24,"turns":3}],"seed_played":"-6424234010328713888","potions_obtained":[{"floor":2,"key":"Ancient Potion"},{"floor":6,"key":"PowerPotion"},{"floor":13,"key":"FairyPotion"},{"floor":16,"key":"FearPotion"},{"floor":21,"key":"Strength Potion"}],"is_trial":false,"path_per_floor":["M","M","?","$","?","E","R","E","T","R","M","R","E","M","R","B",null,"M","?","$","M","?","R","E"],"character_chosen":"DEFECT","items_purchased":["Defragment","Happy Flower","Defragment"],"campfire_rested":2,"item_purchase_floors":[4,20,20],"current_hp_per_floor":[64,64,57,57,62,62,62,27,27,27,23,60,49,37,37,7,60,47,25,25,16,16,55,0],"gold":83,"neow_bonus":"THREE_ENEMY_KILL","is_prod":false,"is_daily":false,"chose_seed":false,"campfire_upgraded":3,"win_rate":0,"timestamp":1563957929,"path_taken":["M","M","?","?","?","E","R","E","T","R","M","R","E","M","R","BOSS","M","?","$","M","?","R","E"],"build_version":"2019-07-17","purchased_purges":0,"victory":false,"max_hp_per_floor":[71,71,71,71,76,76,76,76,76,76,76,76,78,78,78,78,78,78,83,83,83,83,83,83],"card_choices":[{"not_picked":["Beam Cell","Steam","Scrape"],"picked":"SKIP","floor":1},{"not_picked":["Blizzard","Go for the Eyes"],"picked":"Darkness","floor":2},{"not_picked":["Scrape","Meteor Strike"],"picked":"Cold Snap","floor":6},{"not_picked":["Beam Cell","Compile Driver","Gash"],"picked":"SKIP","floor":8},{"not_picked":["Reprogram","Steam"],"picked":"Recycle","floor":11},{"not_picked":["Barrage","Steam","Rebound"],"picked":"Singing Bowl","floor":13},{"not_picked":["Skim","Ball Lightning"],"picked":"Glacier","floor":14},{"not_picked":["Core Surge","Hyperbeam"],"picked":"Creative AI","floor":16},{"not_picked":["Reprogram","Rebound"],"picked":"Recycle","floor":18},{"not_picked":["Steam Power","Sweeping Beam"],"picked":"Turbo","floor":21}],"player_experience":1177038,"relics_obtained":[{"floor":6,"key":"Art of War"},{"floor":8,"key":"Girya"},{"floor":9,"key":"Regal Pillow"},{"floor":13,"key":"Singing Bowl"}],"event_choices":[{"cards_removed":["Strike_B"],"damage_healed":0,"gold_gain":0,"player_choice":"Card Removal","damage_taken":7,"max_hp_gain":0,"max_hp_loss":0,"event_name":"Golden Wing","floor":3,"gold_loss":0},{"damage_healed":0,"gold_gain":0,"player_choice":"Donut","damage_taken":0,"max_hp_gain":5,"max_hp_loss":0,"event_name":"Big Fish","floor":5,"gold_loss":0},{"damage_healed":0,"gold_gain":0,"player_choice":"Shed Blood","damage_taken":27,"max_hp_gain":5,"max_hp_loss":0,"event_name":"Forgotten Altar","floor":19,"gold_loss":0},{"damage_healed":0,"gold_gain":50,"player_choice":"Pray","damage_taken":0,"max_hp_gain":0,"max_hp_loss":0,"event_name":"Golden Shrine","floor":22,"gold_loss":0}],"is_beta":false,"boss_relics":[{"not_picked":["Lizard Tail","Empty Cage"],"picked":"Runic Pyramid"}],"items_purged_floors":[],"is_endless":false,"potions_floor_spawned":[2,6,13,16,21],"killed_by":"Slavers","ascension_level":20}