{"path_per_floor":["M","?","M","?","$","R","E","M","T","$","R","M","?","E","R","B",null,"M","?","?","M","M","R","M","E","T","?","M","R","M"],"character_chosen":"THE_SILENT","items_purchased":["Master of Strategy","Whetstone"],"gold_per_floor":[114,289,304,304,117,117,146,166,166,16,16,33,33,63,63,164,194,211,211,211,223,233,233,248,279,347,347,362,362,372],"floor_reached":31,"campfire_rested":2,"playtime":8068,"current_hp_per_floor":[70,70,70,63,63,63,63,63,77,77,77,74,74,53,78,67,89,77,61,61,55,70,70,31,26,26,39,21,51,15],"items_purged":[],"gold":372,"play_id":"be148b73-d185-450f-86d5-e969c5a88434","is_prod":false,"is_daily":false,"is_ascension_mode":false,"campfire_upgraded":3,"path_taken":["M","?","M","?","$","R","E","M","T","$","R","?","?","E","R","BOSS","M","?","?","M","M","R","M","E","T","?","M","R","M","?"],"build_version":"2018-02-01-PROD3","purchased_purges":0,"victory":false,"master_deck":["Defend_G","Defend_G","Defend_G","Defend_G","Defend_G","Strike_G","Strike_G+1","Strike_G","Strike_G","Strike_G","Survivor","Neutralize+1","Sucker Punch+1","Doubt","Quick Slash","Master of Strategy","Dagger Throw+1","PiercingWail","Envenom+1","Regret","Deadly Poison","Tools of the Trade","Deadly Poison","Bane","Prepared+1","Calculated Gamble+1","Skewer","Poisoned Stab+1","Writhe","Dagger Spray","Slice"],"max_hp_per_floor":[70,70,70,70,70,70,70,70,84,84,84,84,84,84,84,84,89,89,89,89,89,89,89,89,89,89,102,102,102,102],"relics":["Ring of the Snake","NeowsBlessing","Happy Flower","Anchor","Mango","Whetstone","Ornamental Fan","Thread and Needle","Tiny House","Nilry\u0027s Codex","Oddly Smooth Stone","Darkstone Periapt","Strawberry"],"card_choices":[{"not_picked":["Poisoned Stab","Dodge and Roll"],"picked":"Sucker Punch"},{"not_picked":["Slice","PiercingWail"],"picked":"Quick Slash"},{"not_picked":["Skewer","Sucker Punch"],"picked":"Dagger Throw"},{"not_picked":["Deadly Poison","Deflect"],"picked":"PiercingWail"},{"not_picked":["Prepared","Deadly Poison"],"picked":"Envenom"},{"not_picked":["Choke","Footwork"],"picked":"Deadly Poison"},{"not_picked":["Die Die Die","Unload"],"picked":"Tools of the Trade"},{"not_picked":["Outmaneuver","Flechettes"],"picked":"Deadly Poison"},{"not_picked":["Acrobatics","Wraith Form"],"picked":"Bane"},{"not_picked":["Flying Knee","All Out Attack"],"picked":"Prepared"},{"not_picked":["Sucker Punch","Malaise"],"picked":"Calculated Gamble"},{"not_picked":["Malaise","Dodge and Roll"],"picked":"Skewer"},{"not_picked":["Crippling Poison","Sucker Punch"],"picked":"Poisoned Stab"},{"not_picked":["Flying Knee","Backflip"],"picked":"Dagger Spray"},{"not_picked":["Quick Slash","Sucker Punch"],"picked":"Slice"}],"player_experience":33905,"potions_floor_usage":[12,22,22,22,24,25],"damage_taken":[{"damage":0,"enemies":"Small Slimes","floor":1,"turns":1},{"damage":0,"enemies":"2 Louse","floor":3,"turns":1},{"damage":0,"enemies":"3 Sentries","floor":7,"turns":1},{"damage":0,"enemies":"Jaw Worm","floor":8,"turns":2},{"damage":3,"enemies":"Exordium Thugs","floor":12,"turns":4},{"damage":21,"enemies":"Lagavulin","floor":14,"turns":6},{"damage":11,"enemies":"Hexaghost","floor":16,"turns":11},{"damage":12,"enemies":"Spheric Guardian","floor":18,"turns":6},{"damage":6,"enemies":"Shell Parasite","floor":21,"turns":7},{"damage":9,"enemies":"Centurion and Healer","floor":22,"turns":10},{"damage":39,"enemies":"Cultist and Chosen","floor":24,"turns":7},{"damage":5,"enemies":"Book of Stabbing","floor":25,"turns":6},{"damage":18,"enemies":"3 Cultists","floor":28,"turns":6},{"damage":36,"enemies":"Chosen and Byrds","floor":30,"turns":6},{"damage":18,"enemies":"Centurion and Healer","floor":31,"turns":2}],"event_choices":[{"event_name":"Liars Game","player_choice":"agreed","floor":2,"damage_taken":0},{"event_name":"Scrap Ooze","player_choice":"success","floor":4,"damage_taken":7},{"event_name":"Big Fish","player_choice":"Box","floor":13,"damage_taken":0},{"event_name":"Cursed Tome","player_choice":"Obtained Book","floor":19,"damage_taken":0},{"event_name":"The Woman in Blue","player_choice":"Bought 0 Potions","floor":20,"damage_taken":0},{"event_name":"The Mausoleum","player_choice":"Yes","floor":27,"damage_taken":0}],"boss_relics":[{"not_picked":["Snecko Eye","Question Card"],"picked":"Tiny House"}],"potions_floor_spawned":[7,16,21,22,30],"seed_played":"-4186917177055335145","killed_by":"Centurion and Healer","ascension_level":0,"is_trial":false}