{"gold_per_floor":[111,123,198,198,210,210,245,245,245,276,276,294,294,294,294,372,372,385,385,420,420,138,138,171,171,171,202,127,127,157,171,171,247,247,262,41,393,406,406,406,436,436,436,471,72,72,72,97,97,97,97,97,97,11,45,45],"floor_reached":57,"playtime":2987,"items_purged":["Gash","Zap+1"],"score":3267,"play_id":"a08ac817-c7e6-4b19-b702-23e209c71344","local_time":"20190628011715","is_ascension_mode":true,"campfire_choices":[{"data":"Zap","floor":6.0,"key":"SMITH"},{"floor":8.0,"key":"REST"},{"data":"Coolheaded","floor":11.0,"key":"SMITH"},{"floor":13.0,"key":"REST"},{"data":"Secret Technique","floor":15.0,"key":"SMITH"},{"data":"Turbo","floor":23.0,"key":"SMITH"},{"floor":25.0,"key":"REST"},{"data":"Coolheaded","floor":32.0,"key":"SMITH"},{"data":"Fission","floor":40,"key":"SMITH"},{"data":"Recycle","floor":42,"key":"SMITH"},{"floor":46,"key":"RECALL"},{"data":"Ghostly","floor":49,"key":"SMITH"},{"data":"White Noise","floor":53,"key":"SMITH"}],"neow_cost":"TEN_PERCENT_HP_LOSS","seed_source_timestamp":81008428826600,"circlet_count":0,"master_deck":["AscendersBane","Dualcast","Bandage Up","Secret Technique+1","Coolheaded+1","Capacitor+1","Rainbow","Turbo+1","Meteor Strike","Recycle+1","Turbo","Tempest+1","Meteor Strike","Cold Snap","Ghostly","Ghostly","Ghostly+1","Hologram","Defragment+1","Machine Learning+1","Coolheaded+1","Static Discharge+1","Fission+1","White Noise+1","Ghostly+1","Loop+1","Heatsinks+1","Undo+1","Loop+1","White Noise"],"special_seed":0,"relics":["Cracked Core","Pear","Centennial Puzzle","Frozen Egg 2","Pandora\u0027s Box","Red Mask","Mummified Hand","Ancient Tea Set","Gremlin Horn","DataDisk","Pen Nib","Black Star","DollysMirror","Old Coin","Emotion Chip","Juzu Bracelet","Mercury Hourglass","Regal Pillow","Pantograph","Strange Spoon","Darkstone Periapt","Ornamental Fan","Bottled Tornado","Cables","War Paint"],"potions_floor_usage":[37,56,56],"damage_taken":[{"damage":1.0,"enemies":"2 Louse","floor":1.0,"turns":3.0},{"damage":7.0,"enemies":"Small Slimes","floor":2.0,"turns":3.0},{"damage":2.0,"enemies":"Cultist","floor":5.0,"turns":4.0},{"damage":54.0,"enemies":"Gremlin Nob","floor":7.0,"turns":4.0},{"damage":13.0,"enemies":"Lagavulin","floor":10.0,"turns":6.0},{"damage":24.0,"enemies":"Exordium Wildlife","floor":12.0,"turns":4.0},{"damage":33.0,"enemies":"The Guardian","floor":16.0,"turns":11.0},{"damage":26.0,"enemies":"2 Thieves","floor":18.0,"turns":3.0},{"damage":17.0,"enemies":"Masked Bandits","floor":20.0,"turns":3.0},{"damage":17.0,"enemies":"Slavers","floor":24.0,"turns":5.0},{"damage":0.0,"enemies":"Gremlin Leader","floor":27.0,"turns":6.0},{"damage":0.0,"enemies":"Book of Stabbing","floor":30.0,"turns":4.0},{"damage":0.0,"enemies":"Chosen","floor":31.0,"turns":4.0},{"damage":0,"enemies":"Collector","floor":33,"turns":7},{"damage":1,"enemies":"3 Darklings","floor":35,"turns":3},{"damage":17,"enemies":"2 Orb Walkers","floor":37,"turns":4},{"damage":0,"enemies":"3 Shapes","floor":38,"turns":4},{"damage":0,"enemies":"Giant Head","floor":41,"turns":4},{"damage":12,"enemies":"Reptomancer","floor":44,"turns":4},{"damage":3,"enemies":"Nemesis","floor":48,"turns":3},{"damage":32,"enemies":"Time Eater","floor":50,"turns":12},{"damage":0,"enemies":"Awakened One","floor":51,"turns":6},{"damage":0,"enemies":"Shield and Spear","floor":55,"turns":3},{"damage":19,"enemies":"The Heart","floor":56,"turns":6}],"seed_played":"1664334626906336116","potions_obtained":[{"floor":10.0,"key":"Swift Potion"},{"floor":12.0,"key":"Fire Potion"},{"floor":16.0,"key":"Poison Potion"},{"floor":24.0,"key":"PowerPotion"},{"floor":33,"key":"FearPotion"},{"floor":35,"key":"FearPotion"},{"floor":37,"key":"Fruit Juice"},{"floor":41,"key":"Poison Potion"}],"is_trial":false,"path_per_floor":["M","M","?","?","M","R","E","R","T","E","R","M","R","?","R","B",null,"M","?","?","T","$","R","E","R","T","E","?","?","E","M","R","B",null,"M","$","?","M","?","R","E","R","T","E","$","R","T","E","R","B","B",null,"R","$","E","B",null],"character_chosen":"DEFECT","items_purchased":["Defragment+1","Ancient Tea Set","DollysMirror","Heatsinks+1","Strange Spoon","Loop+1"],"campfire_rested":3,"item_purchase_floors":[22,22,36,45,45,54],"current_hp_per_floor":[64,61,50,50,52,52,12,34,34,25,25,5,27,51,51,22,61,39,37,20,20,20,20,7,18,18,22,22,22,26,30,30,34,36,37,37,29,33,33,33,37,37,37,29,29,29,29,30,30,10,39,41,41,41,42,27],"gold":45,"neow_bonus":"RANDOM_COLORLESS_2","is_prod":false,"is_daily":false,"chose_seed":false,"campfire_upgraded":9,"win_rate":0,"timestamp":1561652235,"path_taken":["M","M","?","?","?","R","E","R","T","E","R","M","R","?","R","BOSS","M","?","?","?","$","R","E","R","T","E","?","?","E","M","R","BOSS","M","$","?","M","?","R","E","R","T","E","?","R","?","E","R","BOSS","BOSS","R","$","E","BOSS"],"build_version":"2019-01-23","purchased_purges":2,"victory":true,"max_hp_per_floor":[64,64,64,64,64,64,74,74,74,74,74,74,74,74,74,74,74,74,37,37,37,37,37,37,37,37,37,37,37,37,37,37,37,37,37,37,42,42,42,42,42,42,42,42,42,42,42,42,42,42,42,42,42,42,42,42],"card_choices":[{"not_picked":["Stack","Hologram","Compile Driver"],"picked":"SKIP","floor":1.0},{"not_picked":["Turbo","Hologram"],"picked":"Coolheaded","floor":2.0},{"not_picked":["Auto Shields","Undo"],"picked":"Gash","floor":5.0},{"not_picked":["Aggregate","Auto Shields"],"picked":"Lockon","floor":7.0},{"not_picked":["Static Discharge","Chaos"],"picked":"Gash","floor":10.0},{"not_picked":["Compile Driver","Go for the Eyes"],"picked":"Capacitor+1","floor":12.0},{"not_picked":["Machine Learning+1","Meteor Strike"],"picked":"Rainbow","floor":16.0},{"not_picked":["Steam","Barrage"],"picked":"Cold Snap","floor":18.0},{"not_picked":["Ball Lightning+1","Leap"],"picked":"Hologram","floor":20.0},{"not_picked":["Chaos","Barrage"],"picked":"Machine Learning+1","floor":24.0},{"not_picked":["Gash","Static Discharge+1"],"picked":"Coolheaded","floor":27.0},{"not_picked":["Storm+1","Go for the Eyes","Sunder"],"picked":"SKIP","floor":30.0},{"not_picked":["Cold Snap","Barrage+1"],"picked":"Static Discharge+1","floor":31.0},{"not_picked":["Biased Cognition+1","Hyperbeam"],"picked":"Fission","floor":33},{"not_picked":["Coolheaded","Turbo"],"picked":"White Noise","floor":35},{"not_picked":["BootSequence","Conserve Battery+1"],"picked":"Loop+1","floor":37},{"not_picked":["Sweeping Beam","Ball Lightning","Barrage"],"picked":"SKIP","floor":38},{"not_picked":["Doom and Gloom","Cold Snap","Hello World+1"],"picked":"SKIP","floor":41},{"not_picked":["Barrage","FTL","Static Discharge+1"],"picked":"SKIP","floor":44},{"not_picked":["Barrage","Glacier"],"picked":"Undo+1","floor":48},{"not_picked":["Undo","Go for the Eyes"],"picked":"White Noise","floor":55}],"player_experience":852934,"relics_obtained":[{"floor":7.0,"key":"Pear"},{"floor":9.0,"key":"Centennial Puzzle"},{"floor":10.0,"key":"Frozen Egg 2"},{"floor":20.0,"key":"Red Mask"},{"floor":21.0,"key":"Mummified Hand"},{"floor":24.0,"key":"Gremlin Horn"},{"floor":27.0,"key":"DataDisk"},{"floor":30.0,"key":"Pen Nib"},{"floor":37,"key":"Old Coin"},{"floor":41,"key":"Emotion Chip"},{"floor":41,"key":"Juzu Bracelet"},{"floor":43,"key":"Mercury Hourglass"},{"floor":44,"key":"Regal Pillow"},{"floor":44,"key":"Pantograph"},{"floor":47,"key":"Darkstone Periapt"},{"floor":48,"key":"Ornamental Fan"},{"floor":48,"key":"Bottled Tornado"},{"floor":55,"key":"Cables"},{"floor":55,"key":"War Paint"}],"event_choices":[{"damage_healed":0.0,"max_hp_gain":0.0,"max_hp_loss":0.0,"gold_gain":75.0,"event_name":"World of Goop","player_choice":"Gather Gold","floor":3.0,"gold_loss":0.0,"damage_taken":11.0},{"cards_removed":["Defend_B"],"damage_healed":0.0,"max_hp_gain":0.0,"max_hp_loss":0.0,"gold_gain":0.0,"event_name":"Purifier","player_choice":"Purged","floor":4.0,"gold_loss":0.0,"damage_taken":0.0},{"damage_healed":24.0,"max_hp_gain":0.0,"max_hp_loss":0.0,"gold_gain":0.0,"event_name":"Big Fish","player_choice":"Banana","floor":14.0,"gold_loss":0.0,"damage_taken":0.0},{"damage_healed":0.0,"max_hp_gain":0.0,"max_hp_loss":37.0,"gold_gain":0.0,"event_name":"Ghosts","player_choice":"Became a Ghost","floor":19.0,"gold_loss":0.0,"damage_taken":0.0,"cards_obtained":["Ghostly","Ghostly","Ghostly"]},{"damage_healed":0.0,"max_hp_gain":0.0,"max_hp_loss":0.0,"gold_gain":0.0,"event_name":"Masked Bandits","player_choice":"Fought Bandits","floor":20.0,"gold_loss":0.0,"damage_taken":0.0},{"cards_removed":["Gash"],"damage_healed":0.0,"max_hp_gain":0.0,"max_hp_loss":0.0,"gold_gain":0.0,"event_name":"Beggar","player_choice":"Gave Gold","floor":28.0,"gold_loss":75.0,"damage_taken":0.0},{"cards_removed":["Lockon"],"damage_healed":0.0,"max_hp_gain":0.0,"max_hp_loss":0.0,"gold_gain":0.0,"event_name":"Purifier","player_choice":"Purged","floor":29.0,"gold_loss":0.0,"damage_taken":0.0},{"damage_healed":0,"gold_gain":0,"player_choice":"Fight","damage_taken":0,"max_hp_gain":0,"max_hp_loss":0,"event_name":"Mysterious Sphere","floor":37,"gold_loss":0},{"cards_removed":["Meteor Strike"],"damage_healed":0,"gold_gain":0,"player_choice":"Removed Attack","damage_taken":0,"max_hp_gain":0,"max_hp_loss":0,"event_name":"Falling","floor":39,"gold_loss":0}],"is_beta":false,"boss_relics":[{"not_picked":["Cursed Key","Sozu"],"picked":"Pandora\u0027s Box"},{"not_picked":["Calling Bell","Velvet Choker"],"picked":"Black Star"}],"items_purged_floors":[22,45],"is_endless":false,"potions_floor_spawned":[10,12,16,24,33,35,37,41],"ascension_level":20}