{"gold_per_floor":[115,115,115,0,0,0,15,49,74,99,99,115,115,156,156,255,255,271,271,271,271,271,271,286,326,403,446,208,232,232,270,270,363,363,383,401,401,419,419,419,188,188,212,246,269,269,99,130,130,130,130,130,130,43,83,83],"floor_reached":57,"playtime":2385,"items_purged":["Bite","Bite"],"score":2819,"play_id":"b85427fb-a4c9-4e7d-976e-774092df56cb","local_time":"20190611192750","is_ascension_mode":true,"campfire_choices":[{"data":"Rampage","floor":6,"key":"SMITH"},{"data":"Carnage","floor":11,"key":"SMITH"},{"data":"Bash","floor":13,"key":"SMITH"},{"data":"Fiend Fire","floor":15,"key":"SMITH"},{"data":"Feel No Pain","floor":23,"key":"SMITH"},{"data":"Dual Wield","floor":30,"key":"SMITH"},{"data":"Shockwave","floor":32,"key":"SMITH"},{"data":"Chrysalis","floor":40,"key":"SMITH"},{"floor":42,"key":"RECALL"},{"data":"Discovery","floor":49,"key":"SMITH"},{"data":"Flame Barrier","floor":53,"key":"SMITH"}],"neow_cost":"NONE","seed_source_timestamp":277497588390500,"circlet_count":0,"master_deck":["AscendersBane","Defend_R","Defend_R","Defend_R","Defend_R","Rampage+1","Shrug It Off","Feel No Pain+1","Second Wind","Carnage+1","Pommel Strike","Fiend Fire+1","Offering","Bite","Bite","Bite","Shockwave+1","Dual Wield+1","Carnage","Corruption+1","Power Through","Spot Weakness","Uppercut","Juggernaut+1","Entrench","Inflame+1","Panacea","Chrysalis+1","Spot Weakness","Evolve+1","Shrug It Off","Heavy Blade","True Grit+1","Flame Barrier+1","Discovery+1","Barricade+1","Dual Wield"],"relics":["Burning Blood","Omamori","Letter Opener","Golden Idol","Bag of Marbles","Snecko Eye","Shuriken","Champion Belt","Oddly Smooth Stone","Blue Candle","Frozen Egg 2","Dodecahedron","Coffee Dripper","Bronze Scales","Happy Flower","Mummified Hand","Dead Branch"],"potions_floor_usage":[16,33,35,56,56],"damage_taken":[{"damage":6,"enemies":"Cultist","floor":1,"turns":3},{"damage":0,"enemies":"2 Louse","floor":7,"turns":4},{"damage":34,"enemies":"Lagavulin","floor":8,"turns":8},{"damage":12,"enemies":"Jaw Worm","floor":10,"turns":4},{"damage":3,"enemies":"Looter","floor":12,"turns":2},{"damage":9,"enemies":"3 Sentries","floor":14,"turns":12},{"damage":31,"enemies":"The Guardian","floor":16,"turns":12},{"damage":6,"enemies":"Shell Parasite","floor":18,"turns":1},{"damage":7,"enemies":"Spheric Guardian","floor":24,"turns":3},{"damage":38,"enemies":"Slavers","floor":25,"turns":8},{"damage":2,"enemies":"Book of Stabbing","floor":27,"turns":3},{"damage":0,"enemies":"Cultist and Chosen","floor":29,"turns":5},{"damage":6,"enemies":"Gremlin Leader","floor":31,"turns":1},{"damage":40,"enemies":"Champ","floor":33,"turns":15},{"damage":0,"enemies":"Orb Walker","floor":35,"turns":1},{"damage":0,"enemies":"3 Shapes","floor":36,"turns":4},{"damage":6,"enemies":"Sphere and 2 Shapes","floor":38,"turns":3},{"damage":6,"enemies":"Reptomancer","floor":44,"turns":4},{"damage":0,"enemies":"Spire Growth","floor":45,"turns":3},{"damage":24,"enemies":"Nemesis","floor":48,"turns":8},{"damage":12,"enemies":"Donu and Deca","floor":50,"turns":6},{"damage":44,"enemies":"Awakened One","floor":51,"turns":6},{"damage":38,"enemies":"Shield and Spear","floor":55,"turns":6},{"damage":26,"enemies":"The Heart","floor":56,"turns":8}],"seed_played":"-8232193862829080418","potions_obtained":[{"floor":1,"key":"SteroidPotion"},{"floor":16,"key":"Fruit Juice"},{"floor":18,"key":"Energy Potion"},{"floor":33,"key":"SteroidPotion"},{"floor":35,"key":"GamblersBrew"},{"floor":44,"key":"Weak Potion"}],"is_trial":false,"path_per_floor":["M","T","?","$","?","R","M","E","T","M","R","M","R","E","R","B",null,"M","?","?","?","T","R","M","E","T","E","$","M","R","E","R","B",null,"M","M","?","M","?","R","$","R","T","E","M","$","$","E","R","B","B",null,"R","$","E","B",null],"character_chosen":"IRONCLAD","items_purchased":["Shrug It Off","Feel No Pain","Corruption+1","Power Through","Evolve+1","Shrug It Off","Flame Barrier","Discovery","Dual Wield"],"campfire_rested":0,"item_purchase_floors":[4,4,28,28,41,41,47,47,54],"current_hp_per_floor":[68,68,68,68,68,68,74,46,46,40,40,43,43,40,40,22,66,68,68,68,68,68,68,71,43,43,53,53,65,65,65,65,55,74,80,80,70,76,76,76,76,76,76,80,80,80,80,70,70,70,38,70,70,70,50,32],"gold":83,"neow_bonus":"RANDOM_COMMON_RELIC","is_prod":false,"is_daily":false,"chose_seed":false,"campfire_upgraded":10,"win_rate":0,"timestamp":1560248870,"path_taken":["M","?","?","?","?","R","M","E","T","M","R","M","R","E","R","BOSS","M","?","?","?","?","R","M","E","T","E","$","?","R","E","R","BOSS","M","?","?","M","?","R","$","R","T","E","M","?","$","E","R","BOSS","BOSS","R","$","E","BOSS"],"build_version":"2019-01-23","purchased_purges":2,"victory":true,"max_hp_per_floor":[75,75,75,75,75,75,75,75,75,75,75,75,75,75,75,80,80,80,80,80,80,80,80,80,80,80,80,80,80,80,80,80,80,80,80,80,80,80,80,80,80,80,80,80,80,80,80,80,80,80,80,80,80,80,80,80],"card_choices":[{"not_picked":["Shrug It Off","True Grit"],"picked":"Rampage","floor":1},{"not_picked":["Uppercut","Cleave"],"picked":"Second Wind","floor":7},{"not_picked":["Thunderclap","Bloodletting","Exhume"],"picked":"SKIP","floor":8},{"not_picked":["Pommel Strike","Burning Pact"],"picked":"Carnage","floor":10},{"not_picked":["Headbutt","Thunderclap"],"picked":"Pommel Strike","floor":12},{"not_picked":["Uppercut","Battle Trance"],"picked":"Fiend Fire","floor":14},{"not_picked":["Exhume","Double Tap"],"picked":"Offering","floor":16},{"not_picked":["Warcry","Dropkick","Heavy Blade"],"picked":"SKIP","floor":18},{"not_picked":["Clothesline","Thunderclap","Seeing Red"],"picked":"SKIP","floor":24},{"not_picked":["Power Through","Clothesline"],"picked":"Dual Wield","floor":25},{"not_picked":["Brutality","Twin Strike"],"picked":"Carnage","floor":27},{"not_picked":["Cleave","Shrug It Off"],"picked":"Spot Weakness","floor":29},{"not_picked":["Wild Strike","Sever Soul"],"picked":"Uppercut","floor":31},{"not_picked":["Exhume","Brutality+1"],"picked":"Juggernaut+1","floor":33},{"not_picked":["Body Slam","Thunderclap"],"picked":"Entrench","floor":35},{"not_picked":["True Grit","Headbutt+1"],"picked":"Inflame+1","floor":36},{"not_picked":["Blind","Dramatic Entrance"],"picked":"Panacea","floor":37},{"not_picked":["Secret Technique","Magnetism+1"],"picked":"Chrysalis","floor":37},{"not_picked":["Pummel","Iron Wave"],"picked":"Spot Weakness","floor":38},{"not_picked":["Cleave","Pummel+1"],"picked":"Heavy Blade","floor":44},{"not_picked":["Combust+1","Anger+1"],"picked":"True Grit+1","floor":45},{"not_picked":["Headbutt","Uppercut"],"picked":"Barricade+1","floor":48},{"not_picked":["Uppercut","Bloodletting","Twin Strike+1"],"picked":"SKIP","floor":55}],"player_experience":579251,"relics_obtained":[{"floor":2,"key":"Letter Opener"},{"floor":8,"key":"Bag of Marbles"},{"floor":14,"key":"Blood Vial"},{"floor":22,"key":"Champion Belt"},{"floor":25,"key":"Oddly Smooth Stone"},{"floor":26,"key":"Blue Candle"},{"floor":27,"key":"Frozen Egg 2"},{"floor":31,"key":"Dodecahedron"},{"floor":43,"key":"Bronze Scales"},{"floor":44,"key":"Happy Flower"},{"floor":48,"key":"Mummified Hand"},{"floor":55,"key":"Dead Branch"}],"event_choices":[{"cards_removed":["Strike_R"],"damage_healed":0,"gold_gain":0,"player_choice":"Forget","damage_taken":0,"max_hp_gain":0,"max_hp_loss":0,"event_name":"Living Wall","floor":3,"gold_loss":0},{"damage_healed":0,"gold_gain":0,"player_choice":"Take Wound","damage_taken":0,"relics_obtained":["Golden Idol"],"max_hp_gain":0,"max_hp_loss":0,"event_name":"Golden Idol","floor":5,"gold_loss":0,"cards_obtained":["Injury"]},{"damage_healed":0,"gold_gain":0,"player_choice":"Opened","damage_taken":0,"relics_obtained":["Shuriken"],"max_hp_gain":0,"max_hp_loss":0,"event_name":"The Mausoleum","floor":19,"gold_loss":0,"cards_obtained":["Writhe"]},{"damage_healed":0,"gold_gain":0,"player_choice":"Became a vampire (Vial)","damage_taken":0,"max_hp_gain":0,"max_hp_loss":0,"event_name":"Vampires","floor":20,"relics_lost":["Blood Vial"],"gold_loss":0,"cards_obtained":["Bite","Bite","Bite","Bite","Bite"]},{"damage_healed":0,"gold_gain":0,"player_choice":"Read","damage_taken":0,"max_hp_gain":0,"max_hp_loss":0,"event_name":"The Library","floor":21,"gold_loss":0,"cards_obtained":["Shockwave"]},{"damage_healed":0,"gold_gain":0,"player_choice":"Memory 3","damage_taken":10,"max_hp_gain":0,"max_hp_loss":0,"event_name":"SensoryStone","floor":37,"gold_loss":0},{"cards_removed":["Bash"],"damage_healed":0,"gold_gain":0,"player_choice":"Removed Attack","damage_taken":0,"max_hp_gain":0,"max_hp_loss":0,"event_name":"Falling","floor":39,"gold_loss":0}],"is_beta":false,"boss_relics":[{"not_picked":["Calling Bell","Fusion Hammer"],"picked":"Snecko Eye"},{"not_picked":["Sozu","Runic Cube"],"picked":"Coffee Dripper"}],"items_purged_floors":[28,41],"is_endless":false,"potions_floor_spawned":[1,16,18,31,33,35,38,44,48],"ascension_level":20}