{"gold_per_floor":[362,377,377,377,394,420,450,462,499,511,537,549,153,167,167,240,240,252,103,122,122,136,136,167,181,181,181,201,201,201,234,234,312,312,329,329,16,34,34,50,50,0,0,0,14,26,38,64,64,64],"floor_reached":51,"playtime":3348,"items_purged":[],"score":1440,"play_id":"7669a6f7-89d6-4f4e-881a-14a83bf98e42","local_time":"20190721212900","is_ascension_mode":true,"campfire_choices":[{"floor":8.0,"key":"REST"},{"floor":12.0,"key":"REST"},{"data":"Cloak And Dagger","floor":15.0,"key":"SMITH"},{"floor":23.0,"key":"REST"},{"floor":27.0,"key":"REST"},{"data":"Burst","floor":32.0,"key":"SMITH"},{"floor":41.0,"key":"REST"},{"floor":44.0,"key":"REST"},{"floor":49.0,"key":"REST"}],"neow_cost":"CURSE","seed_source_timestamp":180791432033411,"circlet_count":0,"master_deck":["AscendersBane","Strike_G","Strike_G","Strike_G","Strike_G","Strike_G","Defend_G","Defend_G","Defend_G","Defend_G","Survivor","Neutralize","Cloak And Dagger+1","Underhanded Strike","Finisher","Adrenaline","Blade Dance","Die Die Die","Finisher","Adrenaline","Quick Slash","Dash","Dagger Throw","Backflip+1","Blade Dance","Dagger Spray","Blur","Acrobatics","Writhe","Burst+1","A Thousand Cuts","Violence","Purity","Acrobatics","Footwork","Cloak And Dagger+1","Terror","Cloak And Dagger+1","Storm of Steel"],"special_seed":0,"relics":["Ring of the Snake","Smiling Mask","Kunai","Philosopher\u0027s Stone","Oddly Smooth Stone","Dead Branch","PreservedInsect","Nloth\u0027s Gift","Lantern","WristBlade","Boot","Red Mask","Frozen Egg 2","Bottled Tornado"],"potions_floor_usage":[50],"damage_taken":[{"damage":0.0,"enemies":"Small Slimes","floor":1.0,"turns":3.0},{"damage":1.0,"enemies":"Jaw Worm","floor":2.0,"turns":4.0},{"damage":3.0,"enemies":"Cultist","floor":5.0,"turns":4.0},{"damage":22.0,"enemies":"3 Sentries","floor":6.0,"turns":11.0},{"damage":0.0,"enemies":"3 Louse","floor":7.0,"turns":1.0},{"damage":0.0,"enemies":"Looter","floor":11.0,"turns":4.0},{"damage":10.0,"enemies":"Gremlin Gang","floor":14.0,"turns":3.0},{"damage":16.0,"enemies":"Slime Boss","floor":16.0,"turns":13.0},{"damage":9.0,"enemies":"Shell Parasite","floor":18.0,"turns":4.0},{"damage":0.0,"enemies":"3 Byrds","floor":20.0,"turns":5.0},{"damage":0.0,"enemies":"3 Cultists","floor":22.0,"turns":4.0},{"damage":17.0,"enemies":"Book of Stabbing","floor":24.0,"turns":4.0},{"damage":0.0,"enemies":"Sentry and Sphere","floor":25.0,"turns":3.0},{"damage":0.0,"enemies":"Centurion and Healer","floor":28.0,"turns":4.0},{"damage":4.0,"enemies":"Gremlin Leader","floor":31.0,"turns":4.0},{"damage":58.0,"enemies":"Champ","floor":33.0,"turns":10.0},{"damage":6.0,"enemies":"3 Darklings","floor":35.0,"turns":4.0},{"damage":0.0,"enemies":"Orb Walker","floor":38.0,"turns":2.0},{"damage":23.0,"enemies":"Writhing Mass","floor":40.0,"turns":6.0},{"damage":0.0,"enemies":"3 Darklings","floor":45.0,"turns":2.0},{"damage":11.0,"enemies":"Maw","floor":46.0,"turns":6.0},{"damage":5.0,"enemies":"Jaw Worm Horde","floor":47.0,"turns":2.0},{"damage":0.0,"enemies":"Nemesis","floor":48.0,"turns":2.0},{"damage":0,"enemies":"Donu and Deca","floor":50,"turns":1}],"seed_played":"973997539812405262","potions_obtained":[{"floor":1.0,"key":"Poison Potion"},{"floor":4.0,"key":"SteroidPotion"},{"floor":4.0,"key":"Swift Potion"},{"floor":6.0,"key":"Explosive Potion"},{"floor":18.0,"key":"FearPotion"},{"floor":24.0,"key":"PowerPotion"},{"floor":25.0,"key":"AttackPotion"},{"floor":38.0,"key":"Fire Potion"},{"floor":40.0,"key":"Fire Potion"},{"floor":48.0,"key":"Poison Potion"}],"is_trial":false,"path_per_floor":["M","M","?","?","M","E","M","R","T","?","M","R","$","M","R","B",null,"M","$","M","?","M","R","E","M","T","R","M","?","?","E","R","B",null,"M","T","$","M","?","M","R","?","T","R","M","M","M","E","R","B",null],"character_chosen":"THE_SILENT","items_purchased":["Kunai","Die Die Die","Dash","PowerPotion","Dagger Throw","Violence","Purity","SkillPotion"],"campfire_rested":7,"item_purchase_floors":[13,13,19,19,19,37,37,37],"current_hp_per_floor":[59,58,58,58,55,33,33,52,52,52,52,66,66,56,56,40,60,51,51,51,51,51,66,49,49,49,66,66,66,66,62,62,4,51,45,45,45,45,45,22,41,41,41,60,60,49,44,44,63,63],"gold":64,"neow_bonus":"TWO_FIFTY_GOLD","is_prod":false,"is_daily":false,"chose_seed":false,"campfire_upgraded":2,"win_rate":0,"timestamp":1563733740,"path_taken":["M","M","?","?","M","E","?","R","T","?","M","R","$","M","R","BOSS","M","$","M","?","?","R","E","M","T","R","M","?","?","E","R","BOSS","M","?","$","M","?","M","R","?","T","R","M","M","?","E","R","BOSS"],"build_version":"2019-07-17","purchased_purges":0,"victory":true,"max_hp_per_floor":[66,66,66,66,66,66,66,66,66,66,66,66,66,66,66,66,66,66,66,66,66,66,66,66,66,66,66,66,66,66,66,66,66,66,66,66,66,66,66,66,66,66,66,66,66,66,66,66,66,66],"card_choices":[{"not_picked":["Footwork","Setup"],"picked":"Cloak And Dagger","floor":1.0},{"not_picked":["Caltrops","Prepared"],"picked":"Underhanded Strike","floor":2.0},{"not_picked":["Outmaneuver","Deadly Poison"],"picked":"Finisher","floor":5.0},{"not_picked":["Heel Hook","Backflip"],"picked":"Adrenaline","floor":6.0},{"not_picked":["Deflect","Skewer","Bane"],"picked":"SKIP","floor":7.0},{"not_picked":["Leg Sweep","Finisher"],"picked":"Blade Dance","floor":11.0},{"not_picked":["Dodge and Roll","Poisoned Stab"],"picked":"Finisher","floor":14.0},{"not_picked":["Die Die Die","Burst"],"picked":"Adrenaline","floor":16.0},{"not_picked":["PiercingWail","Tactician"],"picked":"Quick Slash","floor":18.0},{"not_picked":["Dash","Crippling Poison"],"picked":"Backflip+1","floor":20.0},{"not_picked":["Outmaneuver","Dagger Spray"],"picked":"Blade Dance","floor":22.0},{"not_picked":["Distraction","Acrobatics"],"picked":"Dagger Spray","floor":24.0},{"not_picked":["Unload","Heel Hook"],"picked":"Blur","floor":25.0},{"not_picked":["Tactician","Crippling Poison"],"picked":"Acrobatics","floor":28.0},{"not_picked":["Phantasmal Killer","Crippling Poison"],"picked":"Burst","floor":31.0},{"not_picked":["Bullet Time","Corpse Explosion"],"picked":"A Thousand Cuts","floor":33.0},{"not_picked":["Blur","Outmaneuver","Bouncing Flask"],"picked":"SKIP","floor":35.0},{"not_picked":["Setup","Sucker Punch+1"],"picked":"Acrobatics","floor":38.0},{"not_picked":["Accuracy+1","Caltrops+1"],"picked":"Footwork","floor":40.0},{"not_picked":["Masterful Stab","Night Terror"],"picked":"Cloak And Dagger+1","floor":45.0},{"not_picked":["Outmaneuver","Bouncing Flask+1"],"picked":"Terror","floor":46.0},{"not_picked":["Deflect","Die Die Die"],"picked":"Cloak And Dagger+1","floor":47.0},{"not_picked":["Malaise","Escape Plan+1"],"picked":"Storm of Steel","floor":48.0}],"player_experience":1628075,"relics_obtained":[{"floor":6.0,"key":"MawBank"},{"floor":9.0,"key":"Smiling Mask"},{"floor":24.0,"key":"Oddly Smooth Stone"},{"floor":26.0,"key":"Dead Branch"},{"floor":31.0,"key":"Lantern"},{"floor":36.0,"key":"Boot"},{"floor":43.0,"key":"Frozen Egg 2"},{"floor":48.0,"key":"Bottled Tornado"}],"event_choices":[{"damage_healed":0.0,"max_hp_gain":0.0,"max_hp_loss":0.0,"gold_gain":0.0,"event_name":"Shining Light","player_choice":"Ignored","floor":3.0,"gold_loss":0.0,"damage_taken":0.0},{"damage_healed":0.0,"max_hp_gain":0.0,"max_hp_loss":0.0,"gold_gain":0.0,"event_name":"Lab","player_choice":"Got Potions","floor":4.0,"gold_loss":0.0,"damage_taken":0.0},{"cards_removed":["Regret"],"damage_healed":0.0,"max_hp_gain":0.0,"max_hp_loss":0.0,"gold_gain":0.0,"event_name":"Living Wall","player_choice":"Forget","floor":10.0,"gold_loss":0.0,"damage_taken":0.0},{"damage_healed":0.0,"max_hp_gain":0.0,"max_hp_loss":0.0,"gold_gain":0.0,"event_name":"Purifier","player_choice":"Ignored","floor":21.0,"gold_loss":0.0,"damage_taken":0.0},{"damage_healed":0.0,"max_hp_gain":0.0,"max_hp_loss":0.0,"gold_gain":0.0,"event_name":"The Mausoleum","player_choice":"Opened","floor":29.0,"gold_loss":0.0,"damage_taken":0.0,"relics_obtained":["PreservedInsect"],"cards_obtained":["Writhe"]},{"damage_healed":0.0,"max_hp_gain":0.0,"max_hp_loss":0.0,"gold_gain":0.0,"event_name":"N\u0027loth","player_choice":"Traded Relic","floor":30.0,"relics_lost":["MawBank"],"gold_loss":0.0,"damage_taken":0.0,"relics_obtained":["Nloth\u0027s Gift"]},{"cards_removed":["Defend_G"],"damage_healed":0.0,"max_hp_gain":0.0,"max_hp_loss":0.0,"gold_gain":0.0,"event_name":"Falling","player_choice":"Removed Skill","floor":39.0,"gold_loss":0.0,"damage_taken":0.0},{"damage_healed":0.0,"max_hp_gain":0.0,"max_hp_loss":0.0,"gold_gain":0.0,"event_name":"Tomb of Lord Red Mask","player_choice":"Paid","floor":42.0,"gold_loss":50.0,"damage_taken":0.0,"relics_obtained":["Red Mask"]}],"is_beta":false,"boss_relics":[{"not_picked":["Snecko Eye","Calling Bell"],"picked":"Philosopher\u0027s Stone"},{"not_picked":["Runic Pyramid","Cursed Key"],"picked":"WristBlade"}],"items_purged_floors":[],"is_endless":false,"potions_floor_spawned":[1,5,6,18,24,25,38,40,48],"ascension_level":15}