{"gold_per_floor":[112,37,37,47,66,66,91,110,110,144,144,174,174,187,187,264,264,278,293,293,303,303,303,303],"floor_reached":24,"playtime":838,"items_purged":[],"score":432,"play_id":"dd732f6a-3158-4d18-8966-c88e309be4d4","local_time":"20190621123818","is_ascension_mode":true,"campfire_choices":[{"data":"Bash","floor":6.0,"key":"SMITH"},{"floor":11,"key":"REST"},{"floor":13,"key":"REST"},{"data":"Defend_R","floor":15,"key":"SMITH"},{"data":"Carnage","floor":23,"key":"SMITH"}],"neow_cost":"NONE","seed_source_timestamp":4895153122200,"circlet_count":0,"master_deck":["AscendersBane","Strike_R","Strike_R","Strike_R","Defend_R","Defend_R","Defend_R","Defend_R+1","Bash+1","Seeing Red","Sword Boomerang","Dark Embrace","Spot Weakness","Ghostly Armor","Feel No Pain+1","Warcry","Reaper","Shrug It Off","Intimidate","Carnage+1"],"special_seed":0,"relics":["Burning Blood","NeowsBlessing","Turnip","The Courier","Paper Frog","Frozen Egg 2","Runic Dome"],"potions_floor_usage":[12,16,16,19,24,24],"damage_taken":[{"damage":0.0,"enemies":"Cultist","floor":1.0,"turns":1.0},{"damage":0.0,"enemies":"2 Louse","floor":4.0,"turns":2.0},{"damage":0.0,"enemies":"Small Slimes","floor":5.0,"turns":1.0},{"damage":32.0,"enemies":"Gremlin Nob","floor":7.0,"turns":4.0},{"damage":22.0,"enemies":"Blue Slaver","floor":8.0,"turns":6.0},{"damage":30,"enemies":"Lagavulin","floor":10,"turns":7},{"damage":20,"enemies":"3 Sentries","floor":12,"turns":7},{"damage":8,"enemies":"2 Fungi Beasts","floor":14,"turns":4},{"damage":22,"enemies":"The Guardian","floor":16,"turns":10},{"damage":13,"enemies":"Shell Parasite","floor":18,"turns":7},{"damage":43,"enemies":"3 Byrds","floor":19,"turns":8},{"damage":22,"enemies":"Sentry and Sphere","floor":21,"turns":8},{"damage":60,"enemies":"Slavers","floor":24,"turns":4}],"seed_played":"-1796169300783729009","potions_obtained":[{"floor":5.0,"key":"FearPotion"},{"floor":10,"key":"SkillPotion"},{"floor":12,"key":"AttackPotion"},{"floor":14,"key":"BloodPotion"},{"floor":16,"key":"Weak Potion"},{"floor":18,"key":"BloodPotion"},{"floor":21,"key":"BloodPotion"}],"is_trial":false,"path_per_floor":["M","?","?","M","M","R","E","M","T","E","R","E","R","M","R","B",null,"M","M","?","M","?","R","E"],"character_chosen":"IRONCLAD","items_purchased":[],"campfire_rested":2,"item_purchase_floors":[],"current_hp_per_floor":[74,74,74,75,75,75,49,33,33,9,31,17,39,37,37,28,63,68,44,44,40,40,40,0],"gold":303,"neow_bonus":"THREE_ENEMY_KILL","is_prod":false,"is_daily":false,"chose_seed":false,"campfire_upgraded":3,"win_rate":0,"timestamp":1561088298,"path_taken":["M","?","?","?","M","R","E","M","T","E","R","E","R","M","R","BOSS","M","M","?","?","?","R","E"],"build_version":"2019-01-23","purchased_purges":0,"victory":false,"max_hp_per_floor":[75,75,75,75,75,75,75,75,75,75,75,75,75,75,75,75,75,75,75,75,75,75,75,75],"card_choices":[{"not_picked":["Flex","Clothesline"],"picked":"Seeing Red","floor":1.0},{"not_picked":["Pommel Strike","Warcry"],"picked":"Sword Boomerang","floor":4.0},{"not_picked":["Iron Wave","Blood for Blood","Clothesline"],"picked":"SKIP","floor":5.0},{"not_picked":["Clash","Armaments"],"picked":"Dark Embrace","floor":7.0},{"not_picked":["Sword Boomerang","Clash"],"picked":"Spot Weakness","floor":8.0},{"not_picked":["Dropkick","Clothesline"],"picked":"Ghostly Armor","floor":10},{"not_picked":["Seeing Red","Headbutt"],"picked":"Feel No Pain","floor":12},{"not_picked":["Body Slam","Iron Wave"],"picked":"Warcry","floor":14},{"not_picked":["Double Tap","Juggernaut+1"],"picked":"Reaper","floor":16},{"not_picked":["Body Slam","Reckless Charge"],"picked":"Shrug It Off","floor":18},{"not_picked":["Fire Breathing+1","Thunderclap","Headbutt+1"],"picked":"SKIP","floor":19},{"not_picked":["Combust+1","Headbutt"],"picked":"Carnage","floor":21}],"player_experience":725802,"relics_obtained":[{"floor":7.0,"key":"Turnip"},{"floor":9.0,"key":"The Courier"},{"floor":10,"key":"Paper Frog"},{"floor":12,"key":"Frozen Egg 2"}],"event_choices":[{"cards_removed":["Strike_R"],"damage_healed":0.0,"max_hp_gain":0.0,"max_hp_loss":0.0,"gold_gain":0.0,"event_name":"The Cleric","player_choice":"Card Removal","floor":2.0,"gold_loss":75.0,"damage_taken":0.0},{"damage_healed":0.0,"max_hp_gain":0.0,"max_hp_loss":0.0,"gold_gain":0.0,"event_name":"Match and Keep!","player_choice":"0 cards matched","floor":3.0,"gold_loss":0.0,"damage_taken":0.0,"cards_obtained":[]},{"damage_healed":0,"gold_gain":0,"cards_transformed":["Strike_R"],"player_choice":"Transformed","damage_taken":0,"max_hp_gain":0,"max_hp_loss":0,"event_name":"Transmorgrifier","floor":20,"gold_loss":0,"cards_obtained":["Intimidate"]},{"damage_healed":0,"gold_gain":0,"player_choice":"Ignored","damage_taken":0,"max_hp_gain":0,"max_hp_loss":0,"event_name":"Ghosts","floor":22,"gold_loss":0}],"is_beta":false,"boss_relics":[{"not_picked":["Velvet Choker","Lizard Tail"],"picked":"Runic Dome"}],"items_purged_floors":[],"is_endless":false,"potions_floor_spawned":[5,10,12,14,16,18,21],"killed_by":"Slavers","ascension_level":20}