{"gold_per_floor":[118,134,78,128,143,143,170,190,190,190,190,11,11,27,27,100,100,117,117,132,132],"floor_reached":21,"playtime":927,"items_purged":[],"score":322,"play_id":"a51ee8b8-0cd2-4dae-8b9b-4f1b18e9e607","local_time":"20190723192410","is_ascension_mode":true,"campfire_choices":[{"floor":6.0,"key":"REST"},{"floor":10.0,"key":"REST"},{"floor":15.0,"key":"REST"}],"neow_cost":"NONE","seed_source_timestamp":349483768274329,"circlet_count":0,"master_deck":["AscendersBane","Strike_G","Strike_G","Strike_G","Strike_G","Strike_G","Defend_G","Defend_G","Defend_G","Defend_G","Defend_G","Survivor","Neutralize","Bouncing Flask","Dash","Deadly Poison","Heel Hook","Bane","Deadly Poison","Magnetism","Flying Knee","Corpse Explosion","Crippling Poison","Flying Knee","Bane","Deadly Poison","All Out Attack","Corpse Explosion","Riddle With Holes"],"special_seed":0,"relics":["Ring of the Snake","NeowsBlessing","Question Card","Ornamental Fan","Sundial","Orrery"],"potions_floor_usage":[20],"damage_taken":[{"damage":0.0,"enemies":"Jaw Worm","floor":1.0,"turns":1.0},{"damage":0.0,"enemies":"Cultist","floor":2.0,"turns":1.0},{"damage":0.0,"enemies":"2 Louse","floor":5.0,"turns":1.0},{"damage":11.0,"enemies":"3 Sentries","floor":7.0,"turns":9.0},{"damage":9.0,"enemies":"Blue Slaver","floor":8.0,"turns":4.0},{"damage":14.0,"enemies":"3 Louse","floor":14.0,"turns":3.0},{"damage":35.0,"enemies":"Hexaghost","floor":16.0,"turns":9.0},{"damage":31.0,"enemies":"Shell Parasite","floor":18.0,"turns":6.0},{"damage":0,"enemies":"3 Byrds","floor":20,"turns":2},{"damage":29,"enemies":"Centurion and Healer","floor":21,"turns":4}],"seed_played":"-2815574499209198369","potions_obtained":[{"floor":1.0,"key":"AttackPotion"},{"floor":2.0,"key":"EssenceOfSteel"},{"floor":8.0,"key":"AttackPotion"},{"floor":14.0,"key":"Fire Potion"}],"is_trial":false,"path_per_floor":["M","M","$","?","M","R","E","M","T","R","?","$","?","M","R","B",null,"M","?","M","M"],"character_chosen":"THE_SILENT","items_purchased":["Deadly Poison","Magnetism"],"campfire_rested":3,"item_purchase_floors":[3,12],"current_hp_per_floor":[59,59,59,53,53,66,55,46,46,65,65,65,65,51,66,31,57,26,26,26,0],"gold":132,"neow_bonus":"THREE_ENEMY_KILL","is_prod":false,"is_daily":false,"chose_seed":false,"campfire_upgraded":0,"win_rate":0,"timestamp":1563899050,"path_taken":["M","M","$","?","?","R","E","M","T","R","?","$","?","M","R","BOSS","M","?","M","?"],"build_version":"2019-07-17","purchased_purges":0,"victory":false,"max_hp_per_floor":[66,66,66,66,66,66,66,66,66,66,66,66,66,66,66,66,66,66,66,66,66],"card_choices":[{"not_picked":["Heel Hook","Blade Dance"],"picked":"Bouncing Flask","floor":1.0},{"not_picked":["Flying Knee","Dagger Spray"],"picked":"Dash","floor":2.0},{"not_picked":["Backflip","Quick Slash"],"picked":"Heel Hook","floor":5.0},{"not_picked":["Skewer","Expertise"],"picked":"Bane","floor":7.0},{"not_picked":["Flechettes","Sucker Punch","Dodge and Roll"],"picked":"Deadly Poison","floor":8.0},{"not_picked":["Slice","Choke","Deflect"],"picked":"Flying Knee","floor":14.0},{"not_picked":["Phantasmal Killer","Venomology","Night Terror"],"picked":"Corpse Explosion","floor":16.0},{"not_picked":["Quick Slash","Blade Dance","Sucker Punch"],"picked":"Crippling Poison","floor":17.0},{"not_picked":["Dodge and Roll","Eviscerate","Slice"],"picked":"Flying Knee","floor":17.0},{"not_picked":["Sucker Punch","Flying Knee","Skewer"],"picked":"Bane","floor":17.0},{"not_picked":["Outmaneuver","Cloak And Dagger","Bane"],"picked":"Deadly Poison","floor":17.0},{"not_picked":["Grand Finale","Reflex","Slice"],"picked":"All Out Attack","floor":17.0},{"not_picked":["Accuracy","Expertise","Outmaneuver","PiercingWail"],"picked":"SKIP","floor":18.0},{"not_picked":["Slice","Outmaneuver","Quick Slash"],"picked":"Riddle With Holes","floor":20}],"player_experience":1638565,"relics_obtained":[{"floor":7.0,"key":"Question Card"},{"floor":9.0,"key":"Ornamental Fan"}],"event_choices":[{"damage_healed":0.0,"max_hp_gain":0.0,"max_hp_loss":0.0,"gold_gain":50.0,"event_name":"FaceTrader","player_choice":"Touch","floor":4.0,"gold_loss":0.0,"damage_taken":6.0},{"damage_healed":0.0,"max_hp_gain":0.0,"max_hp_loss":0.0,"gold_gain":0.0,"event_name":"Shining Light","player_choice":"Ignored","floor":11.0,"gold_loss":0.0,"damage_taken":0.0},{"damage_healed":0.0,"max_hp_gain":0.0,"max_hp_loss":0.0,"gold_gain":0.0,"event_name":"Dead Adventurer","player_choice":"Searched \u00272\u0027 times","floor":13.0,"gold_loss":0.0,"damage_taken":0.0,"relics_obtained":["Sundial"]},{"damage_healed":0.0,"max_hp_gain":0.0,"max_hp_loss":0.0,"gold_gain":0.0,"event_name":"Duplicator","player_choice":"Copied","floor":19.0,"gold_loss":0.0,"damage_taken":0.0,"cards_obtained":["Corpse Explosion"]}],"is_beta":false,"boss_relics":[{"not_picked":["Runic Dome","Calling Bell"],"picked":"Orrery"}],"items_purged_floors":[],"is_endless":false,"potions_floor_spawned":[1,2,8,14],"killed_by":"Centurion and Healer","ascension_level":16}