{"gold_per_floor":[111,122,13,13,13,45,45,70,96,96,109,121,135,163,163,234,234,253,253,271,196,166,200,200,220,292,292,302,314,347,347,347,419,419,436,453,11,27,0,0,0,19,19,36,48,48,60,90,90,90,90,90,90,12,39,39],"floor_reached":56,"playtime":2525,"items_purged":["Defend_B","Strike_B"],"score":1903,"play_id":"1295f2a1-2444-43a6-b7f3-af48dbd7e252","local_time":"20190704211308","is_ascension_mode":true,"campfire_choices":[{"floor":7.0,"key":"REST"},{"data":"Zap","floor":10.0,"key":"SMITH"},{"data":"Barrage","floor":15.0,"key":"SMITH"},{"data":"Biased Cognition","floor":24.0,"key":"SMITH"},{"data":"Double Energy","floor":27.0,"key":"SMITH"},{"data":"Coolheaded","floor":32.0,"key":"SMITH"},{"floor":40,"key":"RECALL"},{"data":"Blizzard","floor":46,"key":"SMITH"},{"data":"Loop","floor":49,"key":"SMITH"},{"data":"Coolheaded","floor":53,"key":"SMITH"}],"neow_cost":"NONE","seed_source_timestamp":475828730646900,"circlet_count":0,"master_deck":["AscendersBane","Defend_B","Defend_B","Defend_B+1","Zap+1","Dualcast+1","Ball Lightning","Self Repair","Barrage+1","Cold Snap","Core Surge","Biased Cognition+1","Self Repair","Sunder+1","Double Energy+1","Chill","Coolheaded+1","White Noise","Biased Cognition","Blizzard+1","Cold Snap","Loop+1","Coolheaded+1","Recycle","Hologram"],"special_seed":0,"relics":["FrozenCore","DataDisk","Orichalcum","Pantograph","Pen Nib","Art of War","Meat on the Bone","Singing Bowl","PreservedInsect","Runic Dome","Membership Card","Sundial","Red Mask","Nunchaku","War Paint","Symbiotic Virus"],"potions_floor_usage":[55,55,56],"damage_taken":[{"damage":10.0,"enemies":"Small Slimes","floor":1.0,"turns":3.0},{"damage":0.0,"enemies":"Cultist","floor":2.0,"turns":3.0},{"damage":30.0,"enemies":"3 Sentries","floor":6.0,"turns":5.0},{"damage":5.0,"enemies":"Gremlin Nob","floor":8.0,"turns":3.0},{"damage":7.0,"enemies":"2 Louse","floor":11.0,"turns":3.0},{"damage":3.0,"enemies":"2 Fungi Beasts","floor":12.0,"turns":3.0},{"damage":18.0,"enemies":"Gremlin Gang","floor":13.0,"turns":3.0},{"damage":13.0,"enemies":"3 Sentries","floor":14.0,"turns":6.0},{"damage":24.0,"enemies":"Hexaghost","floor":16.0,"turns":6.0},{"damage":9.0,"enemies":"Shell Parasite","floor":18.0,"turns":6.0},{"damage":0.0,"enemies":"3 Byrds","floor":20.0,"turns":5.0},{"damage":35.0,"enemies":"Slavers","floor":23.0,"turns":8.0},{"damage":0.0,"enemies":"Snecko","floor":25.0,"turns":3.0},{"damage":0.0,"enemies":"Cultist and Chosen","floor":28.0,"turns":5.0},{"damage":16.0,"enemies":"Snake Plant","floor":29.0,"turns":5.0},{"damage":65.0,"enemies":"Gremlin Leader","floor":30.0,"turns":7.0},{"damage":42.0,"enemies":"Automaton","floor":33.0,"turns":11.0},{"damage":25.0,"enemies":"3 Darklings","floor":35.0,"turns":6.0},{"damage":3.0,"enemies":"3 Shapes","floor":36.0,"turns":6.0},{"damage":33.0,"enemies":"Jaw Worm Horde","floor":38.0,"turns":6.0},{"damage":3,"enemies":"3 Darklings","floor":42,"turns":6},{"damage":3,"enemies":"Spire Growth","floor":44,"turns":6},{"damage":42,"enemies":"Jaw Worm Horde","floor":45,"turns":6},{"damage":7,"enemies":"Sphere and 2 Shapes","floor":47,"turns":6},{"damage":67,"enemies":"Reptomancer","floor":48,"turns":8},{"damage":23,"enemies":"Awakened One","floor":50,"turns":26},{"damage":86,"enemies":"Donu and Deca","floor":51,"turns":17},{"damage":66,"enemies":"Shield and Spear","floor":55,"turns":8},{"damage":64,"enemies":"The Heart","floor":56,"turns":8}],"seed_played":"-5338927489028000030","potions_obtained":[{"floor":11.0,"key":"Regen Potion"},{"floor":14.0,"key":"PowerPotion"},{"floor":16.0,"key":"Dexterity Potion"},{"floor":22.0,"key":"FocusPotion"},{"floor":22.0,"key":"EntropicBrew"},{"floor":23.0,"key":"Swift Potion"},{"floor":25.0,"key":"Fruit Juice"},{"floor":28.0,"key":"Energy Potion"},{"floor":36.0,"key":"FearPotion"},{"floor":42,"key":"Block Potion"},{"floor":55,"key":"LiquidBronze"}],"is_trial":false,"path_per_floor":["M","M","$","?","$","E","R","E","T","R","M","M","M","E","R","B",null,"M","T","M","?","?","E","R","M","T","R","M","M","E","?","R","B",null,"M","M","$","M","?","R","?","M","T","M","M","R","M","E","R","B","B",null,"R","$","E","B"],"character_chosen":"DEFECT","items_purchased":["Ball Lightning","AttackPotion","Membership Card","Sundial","Loop","Coolheaded","Hologram"],"campfire_rested":1,"item_purchase_floors":[3,3,37,37,37,37,54],"current_hp_per_floor":[54,54,54,54,54,24,45,40,40,40,40,44,33,27,27,35,62,60,60,71,71,71,50,50,69,69,69,76,74,37,37,37,46,70,59,70,70,63,63,63,63,80,80,82,68,68,77,38,38,66,28,73,73,73,35,0],"gold":39,"neow_bonus":"RANDOM_COMMON_RELIC","is_prod":false,"is_daily":false,"chose_seed":false,"campfire_upgraded":8,"win_rate":0,"timestamp":1562242388,"path_taken":["M","M","$","?","?","E","R","E","T","R","M","M","M","E","R","BOSS","M","?","M","?","?","E","R","M","T","R","?","M","E","?","R","BOSS","M","M","$","M","?","R","?","M","T","M","M","R","?","E","R","BOSS","BOSS","R","$","E","BOSS"],"build_version":"2019-07-01","purchased_purges":2,"victory":false,"max_hp_per_floor":[71,71,71,71,71,71,71,71,71,71,71,71,71,71,71,71,71,71,71,71,71,71,71,71,76,76,76,76,76,78,78,78,78,78,78,78,78,78,78,78,78,80,80,82,84,84,86,88,88,88,88,88,88,88,90,90],"card_choices":[{"not_picked":["Turbo","Compile Driver","Auto Shields"],"picked":"SKIP","floor":1.0},{"not_picked":["Storm","Go for the Eyes","Sweeping Beam"],"picked":"SKIP","floor":2.0},{"not_picked":["Storm","Go for the Eyes","Sweeping Beam"],"picked":"SKIP","floor":2.0},{"not_picked":["Steam","Blizzard","Stack"],"picked":"SKIP","floor":6.0},{"not_picked":["Auto Shields","Coolheaded"],"picked":"Self Repair","floor":8.0},{"not_picked":["Redo","Steam"],"picked":"Barrage","floor":11.0},{"not_picked":["Compile Driver","Turbo","Leap"],"picked":"SKIP","floor":12.0},{"not_picked":["Scrape","Skim"],"picked":"Cold Snap","floor":13.0},{"not_picked":["Chill","Lockon"],"picked":"Core Surge","floor":14.0},{"not_picked":["All For One","Seek"],"picked":"Biased Cognition","floor":16.0},{"not_picked":["Stack","Force Field+1"],"picked":"Self Repair","floor":18.0},{"not_picked":["Gash","Scrape"],"picked":"Sunder+1","floor":20.0},{"not_picked":["Rip and Tear","Coolheaded"],"picked":"Double Energy","floor":23.0},{"not_picked":["Steam","Redo"],"picked":"Chill","floor":25.0},{"not_picked":["Streamline","Leap"],"picked":"Coolheaded","floor":28.0},{"not_picked":["Stack","Turbo"],"picked":"White Noise","floor":29.0},{"not_picked":["Scrape","Beam Cell","Gash"],"picked":"Singing Bowl","floor":30.0},{"not_picked":["All For One","Hyperbeam"],"picked":"Biased Cognition","floor":33.0},{"not_picked":["Turbo","Streamline"],"picked":"Blizzard","floor":35.0},{"not_picked":["Reinforced Body+1","Static Discharge"],"picked":"Cold Snap","floor":36.0},{"not_picked":["Rebound+1","Steam"],"picked":"Recycle","floor":38.0},{"not_picked":["Rebound+1","Gash","Leap"],"picked":"Singing Bowl","floor":42},{"not_picked":["Auto Shields","FTL","Ball Lightning"],"picked":"Singing Bowl","floor":44},{"not_picked":["Buffer","Coolheaded","Compile Driver+1"],"picked":"Singing Bowl","floor":45},{"not_picked":["Turbo","Reinforced Body+1","Lockon+1"],"picked":"Singing Bowl","floor":47},{"not_picked":["Meteor Strike","Sunder+1","Leap+1"],"picked":"Singing Bowl","floor":48},{"not_picked":["Stack","Sweeping Beam+1","Gash+1"],"picked":"Singing Bowl","floor":55}],"player_experience":925964,"relics_obtained":[{"floor":6.0,"key":"Orichalcum"},{"floor":8.0,"key":"Pantograph"},{"floor":9.0,"key":"Pen Nib"},{"floor":14.0,"key":"Art of War"},{"floor":23.0,"key":"Meat on the Bone"},{"floor":26.0,"key":"Singing Bowl"},{"floor":30.0,"key":"PreservedInsect"},{"floor":43,"key":"Nunchaku"},{"floor":48,"key":"War Paint"},{"floor":55,"key":"Symbiotic Virus"}],"event_choices":[{"cards_removed":["Strike_B"],"damage_healed":0.0,"max_hp_gain":0.0,"max_hp_loss":0.0,"gold_gain":0.0,"event_name":"Bonfire Elementals","player_choice":"Offered Basic","floor":4.0,"gold_loss":0.0,"damage_taken":0.0},{"cards_removed":["Strike_B"],"damage_healed":0.0,"max_hp_gain":0.0,"max_hp_loss":0.0,"gold_gain":0.0,"event_name":"Beggar","player_choice":"Gave Gold","floor":21.0,"gold_loss":75.0,"damage_taken":0.0},{"damage_healed":0.0,"max_hp_gain":0.0,"max_hp_loss":0.0,"gold_gain":0.0,"event_name":"The Woman in Blue","player_choice":"Bought 2 Potions","floor":22.0,"gold_loss":0.0,"damage_taken":0.0},{"cards_removed":["Strike_B"],"damage_healed":0.0,"max_hp_gain":0.0,"max_hp_loss":0.0,"gold_gain":0.0,"event_name":"Purifier","player_choice":"Purged","floor":31.0,"gold_loss":0.0,"damage_taken":0.0},{"damage_healed":0.0,"max_hp_gain":0.0,"max_hp_loss":0.0,"gold_gain":0.0,"event_name":"Tomb of Lord Red Mask","player_choice":"Paid","floor":39.0,"gold_loss":27.0,"damage_taken":0.0,"relics_obtained":["Red Mask"]},{"damage_healed":0,"gold_gain":0,"player_choice":"0 cards matched","damage_taken":0,"max_hp_gain":0,"max_hp_loss":0,"event_name":"Match and Keep!","floor":41,"gold_loss":0,"cards_obtained":[]}],"is_beta":false,"boss_relics":[{"not_picked":["Velvet Choker","Fusion Hammer"],"picked":"FrozenCore"},{"not_picked":["Snecko Eye","Philosopher\u0027s Stone"],"picked":"Runic Dome"}],"items_purged_floors":[37,54],"is_endless":false,"potions_floor_spawned":[11,14,16,23,25,28,36,42,45,47,55],"killed_by":"The Heart","ascension_level":20}