{"gold_per_floor":[117,117,117,129,129,129,44,44,44,44,71,90,120,138,138,213,213,230,155,80,80,91,91,111,111,111,123,169,193,205,234,246,329,341,363,391,416,439,451,475,487],"floor_reached":41,"playtime":1752,"items_purged":["Defend_B"],"score":996,"play_id":"29be1eeb-0957-4b44-ab75-4453768c5e71","local_time":"20190724164738","is_ascension_mode":true,"campfire_choices":[{"floor":6.0,"key":"REST"},{"data":"Defragment","floor":8.0,"key":"SMITH"},{"data":"Zap","floor":10.0,"key":"SMITH"},{"floor":15.0,"key":"REST"},{"data":"Consume","floor":23.0,"key":"SMITH"},{"data":"Buffer","floor":25.0,"key":"SMITH"},{"floor":32,"key":"REST"}],"neow_cost":"NONE","seed_source_timestamp":435546004736200,"circlet_count":0,"master_deck":["AscendersBane","Defend_B+1","Defend_B","Defend_B","Zap+1","Dualcast","Cold Snap","Rainbow","Ball Lightning","Defragment+1","Buffer+1","Double Energy","Hologram","Consume+1","Biased Cognition","Redo","Conserve Battery","Core Surge","Coolheaded","Cold Snap+1","Force Field+1","Writhe","Loop"],"special_seed":0,"relics":["Black Star","Ginger","Letter Opener","Matryoshka","Singing Bowl","Bag of Preparation","Darkstone Periapt","Velvet Choker","MawBank","Gremlin Horn","Oddly Smooth Stone","Blood Vial","PreservedInsect","Empty Cage"],"potions_floor_usage":[33,36,38,41,41],"damage_taken":[{"damage":9.0,"enemies":"Jaw Worm","floor":1.0,"turns":4.0},{"damage":8.0,"enemies":"Small Slimes","floor":4.0,"turns":4.0},{"damage":31.0,"enemies":"Gremlin Nob","floor":11.0,"turns":5.0},{"damage":0.0,"enemies":"2 Louse","floor":12.0,"turns":3.0},{"damage":9.0,"enemies":"3 Sentries","floor":13.0,"turns":4.0},{"damage":0.0,"enemies":"Exordium Thugs","floor":14.0,"turns":4.0},{"damage":6.0,"enemies":"The Guardian","floor":16.0,"turns":11.0},{"damage":0.0,"enemies":"Spheric Guardian","floor":18.0,"turns":4.0},{"damage":6.0,"enemies":"Shell Parasite","floor":22.0,"turns":4.0},{"damage":5.0,"enemies":"3 Cultists","floor":24.0,"turns":5.0},{"damage":46.0,"enemies":"Book of Stabbing","floor":28.0,"turns":6.0},{"damage":0.0,"enemies":"Snake Plant","floor":29.0,"turns":6.0},{"damage":0,"enemies":"Centurion and Healer","floor":31,"turns":5},{"damage":0,"enemies":"Champ","floor":33,"turns":12},{"damage":4,"enemies":"Orb Walker","floor":35,"turns":5},{"damage":48,"enemies":"3 Darklings","floor":36,"turns":5},{"damage":15,"enemies":"Maw","floor":37,"turns":7},{"damage":10,"enemies":"4 Shapes","floor":38,"turns":5},{"damage":0,"enemies":"Spire Growth","floor":40,"turns":7},{"damage":35,"enemies":"Reptomancer","floor":41,"turns":8}],"seed_played":"2939219743574495135","potions_obtained":[{"floor":4.0,"key":"Explosive Potion"},{"floor":12.0,"key":"PowerPotion"},{"floor":14.0,"key":"SpeedPotion"},{"floor":18.0,"key":"Weak Potion"},{"floor":28.0,"key":"Dexterity Potion"},{"floor":33,"key":"Dexterity Potion"},{"floor":36,"key":"Swift Potion"},{"floor":38,"key":"SteroidPotion"},{"floor":40,"key":"SteroidPotion"}],"is_trial":false,"path_per_floor":["M","?","?","M","T","R","$","R","T","R","E","M","E","M","R","B",null,"M","?","$","?","M","R","M","R","T","$","E","M","T","M","R","B",null,"M","M","M","M","?","M","E"],"character_chosen":"DEFECT","items_purchased":["Defragment"],"campfire_rested":3,"item_purchase_floors":[7],"current_hp_per_floor":[55,34,34,26,26,47,47,47,47,47,16,16,7,7,28,22,59,61,61,61,61,57,57,54,54,54,54,10,14,14,16,40,42,71,71,25,12,4,27,29,0],"gold":487,"neow_bonus":"BOSS_RELIC","is_prod":false,"is_daily":false,"chose_seed":false,"campfire_upgraded":4,"win_rate":0,"timestamp":1563954458,"path_taken":["M","?","?","M","?","R","?","R","T","R","E","M","E","M","R","BOSS","M","?","?","?","M","R","M","R","T","$","E","?","?","M","R","BOSS","M","M","M","M","?","M","E"],"build_version":"2019-07-17","purchased_purges":1,"victory":false,"max_hp_per_floor":[71,71,71,71,71,71,71,71,71,71,71,71,71,71,71,71,71,73,73,73,73,75,75,77,77,77,77,79,81,81,81,81,81,81,83,83,83,83,89,89,89],"card_choices":[{"not_picked":["Go for the Eyes","Beam Cell"],"picked":"Cold Snap","floor":1.0},{"not_picked":["Steam Power","Beam Cell"],"picked":"Ball Lightning","floor":4.0},{"not_picked":["Barrage","Turbo"],"picked":"Buffer","floor":11.0},{"not_picked":["Streamline","Skim"],"picked":"Double Energy","floor":12.0},{"not_picked":["Steam","Gash"],"picked":"Hologram","floor":13.0},{"not_picked":["Barrage","Steam"],"picked":"Consume","floor":14.0},{"not_picked":["Multi-Cast","Reboot"],"picked":"Biased Cognition","floor":16.0},{"not_picked":["Scrape","Leap","Conserve Battery"],"picked":"Singing Bowl","floor":18.0},{"not_picked":["Hello World","Blizzard","Redo"],"picked":"Singing Bowl","floor":22.0},{"not_picked":["Ball Lightning","Beam Cell","Gash"],"picked":"Singing Bowl","floor":24.0},{"not_picked":["Static Discharge","Stack","Hyperbeam"],"picked":"Singing Bowl","floor":28.0},{"not_picked":["Steam","Steam Power","Rebound"],"picked":"Singing Bowl","floor":29.0},{"not_picked":["Ball Lightning","Streamline"],"picked":"Conserve Battery","floor":31},{"not_picked":["Hyperbeam","Reboot"],"picked":"Core Surge","floor":33},{"not_picked":["Stack","Heatsinks+1","Redo"],"picked":"Singing Bowl","floor":35},{"not_picked":["Auto Shields","Leap"],"picked":"Coolheaded","floor":36},{"not_picked":["Compile Driver+1","Stack"],"picked":"Cold Snap+1","floor":37},{"not_picked":["Steam","Conserve Battery"],"picked":"Force Field+1","floor":38},{"not_picked":["Stack","Gash"],"picked":"Loop","floor":40}],"player_experience":1172661,"relics_obtained":[{"floor":5.0,"key":"Ginger"},{"floor":9.0,"key":"Letter Opener"},{"floor":11.0,"key":"Matryoshka"},{"floor":11.0,"key":"Singing Bowl"},{"floor":13.0,"key":"Bag of Preparation"},{"floor":13.0,"key":"Darkstone Periapt"},{"floor":26.0,"key":"MawBank"},{"floor":26.0,"key":"Gremlin Horn"},{"floor":28.0,"key":"Oddly Smooth Stone"},{"floor":28.0,"key":"Blood Vial"},{"floor":30,"key":"PreservedInsect"}],"event_choices":[{"damage_healed":0.0,"max_hp_gain":0.0,"max_hp_loss":0.0,"gold_gain":0.0,"event_name":"Shining Light","player_choice":"Entered Light","floor":2.0,"gold_loss":0.0,"damage_taken":21.0,"cards_upgraded":["Defend_B","Strike_B"]},{"damage_healed":0.0,"max_hp_gain":0.0,"max_hp_loss":0.0,"gold_gain":0.0,"cards_transformed":["Strike_B"],"event_name":"Living Wall","player_choice":"Change","floor":3.0,"gold_loss":0.0,"damage_taken":0.0,"cards_obtained":["Rainbow"]},{"damage_healed":0.0,"max_hp_gain":0.0,"max_hp_loss":0.0,"gold_gain":0.0,"cards_transformed":["Strike_B","Strike_B"],"event_name":"Designer","player_choice":"Transformed Cards","floor":19.0,"gold_loss":75.0,"damage_taken":0.0,"cards_obtained":["Redo","Meteor Strike"]},{"damage_healed":0.0,"max_hp_gain":0.0,"max_hp_loss":0.0,"gold_gain":0.0,"event_name":"Vampires","player_choice":"Ignored","floor":21.0,"gold_loss":0.0,"damage_taken":0.0},{"damage_healed":17,"gold_gain":0,"player_choice":"Writhe","damage_taken":0,"max_hp_gain":0,"max_hp_loss":0,"event_name":"Winding Halls","floor":39,"gold_loss":0,"cards_obtained":["Writhe"]}],"is_beta":false,"boss_relics":[{"not_picked":["Calling Bell","Fusion Hammer"],"picked":"Velvet Choker"},{"not_picked":["Busted Crown","Cursed Key"],"picked":"Empty Cage"}],"items_purged_floors":[20],"is_endless":false,"potions_floor_spawned":[4,12,14,18,28,33,36,38,40],"killed_by":"Reptomancer","ascension_level":20}