{"gold_per_floor":[119,194,209,226,296,331,331,362,415,415,415,426,454,473,473,473],"floor_reached":16,"playtime":568,"items_purged":[],"score":240,"play_id":"0f9eaf7a-6417-4fd5-9980-6c8134c69680","local_time":"20190610144136","is_ascension_mode":true,"campfire_choices":[{"floor":7,"key":"REST"},{"data":"Buffer","floor":10,"key":"SMITH"},{"data":"Streamline","floor":15,"key":"SMITH"}],"neow_cost":"NONE","seed_source_timestamp":175749728538400,"circlet_count":0,"master_deck":["AscendersBane","Strike_B","Strike_B","Strike_B","Strike_B","Defend_B","Defend_B","Defend_B","Defend_B","Zap","Dualcast","Buffer+1","Coolheaded","Glacier","Melter","Streamline+1","Chill","Barrage","Reboot","Turbo"],"relics":["Cracked Core","Question Card","Vajra","Smiling Mask","Dead Branch"],"potions_floor_usage":[6,8,8,16],"damage_taken":[{"damage":2,"enemies":"Jaw Worm","floor":1,"turns":4},{"damage":8,"enemies":"2 Louse","floor":3,"turns":3},{"damage":6,"enemies":"Small Slimes","floor":4,"turns":5},{"damage":26,"enemies":"Lagavulin","floor":6,"turns":12},{"damage":19,"enemies":"3 Sentries","floor":8,"turns":9},{"damage":4,"enemies":"Looter","floor":12,"turns":3},{"damage":4,"enemies":"Lagavulin","floor":13,"turns":9},{"damage":8,"enemies":"Blue Slaver","floor":14,"turns":3},{"damage":18,"enemies":"Slime Boss","floor":16,"turns":6}],"seed_played":"-2928559094139046844","potions_obtained":[{"floor":3,"key":"Energy Potion"},{"floor":4,"key":"Dexterity Potion"},{"floor":6,"key":"Regen Potion"},{"floor":13,"key":"Swift Potion"}],"is_trial":false,"path_per_floor":["M","?","M","M","?","E","R","E","T","R","?","M","E","M","R","B"],"character_chosen":"DEFECT","items_purchased":[],"campfire_rested":1,"item_purchase_floors":[],"current_hp_per_floor":[62,51,43,37,37,11,32,28,28,28,28,24,20,12,12,0],"gold":473,"neow_bonus":"ONE_RANDOM_RARE_CARD","is_prod":false,"is_daily":false,"chose_seed":false,"campfire_upgraded":2,"win_rate":0,"timestamp":1560145296,"path_taken":["M","?","M","M","?","E","R","E","T","R","?","M","E","M","R","BOSS"],"build_version":"2019-01-23","purchased_purges":0,"victory":false,"max_hp_per_floor":[71,71,71,71,71,71,71,71,71,71,71,71,71,71,71,71],"card_choices":[{"not_picked":["Hologram","Storm"],"picked":"Coolheaded","floor":1},{"not_picked":["Compile Driver","Barrage"],"picked":"Glacier","floor":3},{"not_picked":["Beam Cell","Go for the Eyes"],"picked":"Melter","floor":4},{"not_picked":["Hologram","Scrape"],"picked":"Streamline","floor":6},{"not_picked":["Reprogram","Cold Snap","Sweeping Beam"],"picked":"Chill","floor":8},{"not_picked":["Conserve Battery","Reprogram","Skim"],"picked":"Barrage","floor":12},{"not_picked":["Auto Shields","Cold Snap","Loop"],"picked":"Reboot","floor":13},{"not_picked":["Redo","Rebound","Steam"],"picked":"Turbo","floor":14}],"player_experience":547799,"relics_obtained":[{"floor":6,"key":"Question Card"},{"floor":8,"key":"Vajra"},{"floor":13,"key":"Dead Branch"}],"event_choices":[{"damage_healed":0,"gold_gain":75,"player_choice":"Gather Gold","damage_taken":11,"max_hp_gain":0,"max_hp_loss":0,"event_name":"World of Goop","floor":2,"gold_loss":0},{"damage_healed":0,"gold_gain":70,"player_choice":"Gained Gold","damage_taken":0,"max_hp_gain":0,"max_hp_loss":0,"event_name":"Golden Wing","floor":5,"gold_loss":0},{"damage_healed":0,"gold_gain":0,"player_choice":"Searched \u00271\u0027 times","damage_taken":0,"relics_obtained":["Smiling Mask"],"max_hp_gain":0,"max_hp_loss":0,"event_name":"Dead Adventurer","floor":11,"gold_loss":0}],"is_beta":false,"boss_relics":[],"items_purged_floors":[],"is_endless":false,"potions_floor_spawned":[3,4,6,13],"killed_by":"Slime Boss","ascension_level":20}