{"gold_per_floor":[11,11,22,39,39,39,74,74,128,128,156,174,174,185,185,261,261,274,293,293,568,147,147,165,193,193,193,203,217,217,242,242,316,316,334,224,243,263,277,277,312,312,312,345,345,361,376,390,390,390,390,390,390,94,125,125],"floor_reached":57,"playtime":3262,"items_purged":["Regret"],"score":2803,"play_id":"a6a95cc8-ac17-4dc2-87e3-0878759c57ab","local_time":"20190610174715","is_ascension_mode":true,"campfire_choices":[{"data":"Recycle","floor":6.0,"key":"SMITH"},{"data":"Consume","floor":8.0,"key":"SMITH"},{"data":"Zap","floor":10.0,"key":"SMITH"},{"data":"Blizzard","floor":15.0,"key":"SMITH"},{"data":"Capacitor","floor":23.0,"key":"SMITH"},{"data":"Buffer","floor":27.0,"key":"SMITH"},{"data":"Sunder","floor":30.0,"key":"SMITH"},{"data":"Reboot","floor":32.0,"key":"SMITH"},{"floor":40.0,"key":"RECALL"},{"data":"Coolheaded","floor":42.0,"key":"SMITH"},{"floor":45.0,"key":"REST"},{"data":"Hologram","floor":49.0,"key":"SMITH"},{"data":"BootSequence","floor":53.0,"key":"SMITH"}],"neow_cost":"NO_GOLD","seed_source_timestamp":182750203604400,"circlet_count":0,"master_deck":["AscendersBane","Defend_B","Defend_B","Defend_B+1","Zap+1","Dualcast","Glacier","Recycle+1","Consume+1","Blizzard+1","Buffer+1","Hologram+1","White Noise","Reboot+1","BootSequence+1","Capacitor+1","Sunder+1","Core Surge","Creative AI","Coolheaded+1","Doom and Gloom","Coolheaded+1","Loop+1","Capacitor+1","Loop","Echo Form"],"special_seed":0,"relics":["Cracked Core","Pocketwatch","Blood Vial","Bronze Scales","Torii","Snecko Eye","Cables","Oddly Smooth Stone","Meat on the Bone","Art of War","Philosopher\u0027s Stone","Sundial","Omamori","Anchor","Vajra"],"potions_floor_usage":[56,56],"damage_taken":[{"damage":3.0,"enemies":"2 Louse","floor":1.0,"turns":5.0},{"damage":0.0,"enemies":"Cultist","floor":3.0,"turns":4.0},{"damage":0.0,"enemies":"Small Slimes","floor":4.0,"turns":3.0},{"damage":15.0,"enemies":"Lagavulin","floor":7.0,"turns":10.0},{"damage":29.0,"enemies":"Gremlin Nob","floor":11.0,"turns":6.0},{"damage":11.0,"enemies":"Gremlin Gang","floor":12.0,"turns":4.0},{"damage":0.0,"enemies":"Large Slime","floor":14.0,"turns":6.0},{"damage":2.0,"enemies":"Hexaghost","floor":16.0,"turns":13.0},{"damage":0.0,"enemies":"Spheric Guardian","floor":18.0,"turns":5.0},{"damage":0.0,"enemies":"Chosen","floor":19.0,"turns":7.0},{"damage":1.0,"enemies":"Centurion and Healer","floor":24.0,"turns":7.0},{"damage":22.0,"enemies":"Slavers","floor":25.0,"turns":4.0},{"damage":9.0,"enemies":"Snake Plant","floor":28.0,"turns":4.0},{"damage":0.0,"enemies":"Snecko","floor":29.0,"turns":5.0},{"damage":6.0,"enemies":"Gremlin Leader","floor":31.0,"turns":6.0},{"damage":0.0,"enemies":"Collector","floor":33.0,"turns":8.0},{"damage":0.0,"enemies":"3 Darklings","floor":35.0,"turns":6.0},{"damage":0.0,"enemies":"3 Shapes","floor":37.0,"turns":5.0},{"damage":0.0,"enemies":"Spire Growth","floor":38.0,"turns":5.0},{"damage":0.0,"enemies":"Transient","floor":39.0,"turns":6.0},{"damage":0.0,"enemies":"Nemesis","floor":41.0,"turns":7.0},{"damage":28.0,"enemies":"Reptomancer","floor":44.0,"turns":8.0},{"damage":0.0,"enemies":"Jaw Worm Horde","floor":46.0,"turns":6.0},{"damage":0.0,"enemies":"Maw","floor":47.0,"turns":6.0},{"damage":1.0,"enemies":"3 Darklings","floor":48.0,"turns":2.0},{"damage":9.0,"enemies":"Donu and Deca","floor":50.0,"turns":9.0},{"damage":2.0,"enemies":"Time Eater","floor":51.0,"turns":14.0},{"damage":45.0,"enemies":"Shield and Spear","floor":55.0,"turns":9.0},{"damage":8,"enemies":"The Heart","floor":56,"turns":11}],"seed_played":"476761251244700198","potions_obtained":[{"floor":4.0,"key":"PowerPotion"},{"floor":11.0,"key":"SneckoOil"},{"floor":25.0,"key":"Dexterity Potion"},{"floor":29.0,"key":"AttackPotion"},{"floor":33.0,"key":"AttackPotion"},{"floor":37.0,"key":"Energy Potion"},{"floor":41.0,"key":"SteroidPotion"},{"floor":44.0,"key":"LiquidBronze"},{"floor":55.0,"key":"GamblersBrew"}],"is_trial":false,"path_per_floor":["M","?","M","M","$","R","E","R","T","R","E","M","?","M","R","B",null,"M","M","?","?","$","R","M","E","T","R","M","M","R","E","R","B",null,"M","?","M","M","M","R","E","R","T","E","R","M","M","M","R","B","B",null,"R","$","E","B",null],"character_chosen":"DEFECT","items_purchased":["Cables","Capacitor","Anchor","Loop","PowerPotion"],"campfire_rested":1,"item_purchase_floors":[22,22,54,54,54],"current_hp_per_floor":[61,61,61,61,61,61,46,46,46,46,19,10,10,12,12,12,56,58,60,60,60,60,60,61,41,41,41,46,48,48,44,44,46,65,67,67,69,71,71,71,71,71,71,43,64,66,68,69,69,62,62,69,69,69,38,44],"gold":125,"neow_bonus":"ONE_RARE_RELIC","is_prod":false,"is_daily":false,"chose_seed":false,"campfire_upgraded":11,"win_rate":0,"timestamp":1560156435,"path_taken":["M","?","M","?","$","R","E","R","T","R","E","M","?","?","R","BOSS","M","?","?","?","$","R","?","E","T","R","M","M","R","E","R","BOSS","M","?","M","M","M","R","E","R","T","E","R","?","M","M","R","BOSS","BOSS","R","$","E","BOSS"],"build_version":"2019-01-23","purchased_purges":1,"victory":true,"max_hp_per_floor":[71,71,71,71,71,71,71,71,71,71,71,71,71,71,71,71,71,71,71,71,71,71,71,71,71,71,71,71,71,71,71,71,71,71,71,71,71,71,71,71,71,71,71,71,71,71,71,71,71,71,71,71,71,71,71,71],"card_choices":[{"not_picked":["Beam Cell","Reinforced Body","Rebound"],"picked":"SKIP","floor":1.0},{"not_picked":["Ball Lightning","Beam Cell"],"picked":"Glacier","floor":3.0},{"not_picked":["BootSequence","Rebound"],"picked":"Recycle","floor":4.0},{"not_picked":["Heatsinks","Blizzard"],"picked":"Consume","floor":7.0},{"not_picked":["Gash","Barrage","Melter"],"picked":"SKIP","floor":11.0},{"not_picked":["Lockon","Melter","Leap"],"picked":"SKIP","floor":12.0},{"not_picked":["Leap","Reprogram","Conserve Battery"],"picked":"SKIP","floor":14.0},{"not_picked":["Machine Learning","Hyperbeam"],"picked":"Buffer","floor":16.0},{"not_picked":["Chaos","Hologram","Redo"],"picked":"SKIP","floor":18.0},{"not_picked":["Chaos","Redo"],"picked":"Hologram","floor":18.0},{"not_picked":["Conserve Battery","Beam Cell+1"],"picked":"White Noise","floor":19.0},{"not_picked":["Go for the Eyes","Fusion"],"picked":"Sunder","floor":24.0},{"not_picked":["Lockon+1","Rip and Tear","Hello World"],"picked":"SKIP","floor":25.0},{"not_picked":["Steam","Gash"],"picked":"Core Surge","floor":28.0},{"not_picked":["Barrage","Gash","Skim"],"picked":"SKIP","floor":29.0},{"not_picked":["Ball Lightning","Go for the Eyes","Barrage"],"picked":"SKIP","floor":31.0},{"not_picked":["Rainbow","Core Surge"],"picked":"Creative AI","floor":33.0},{"not_picked":["Stack","Ball Lightning+1","Redo"],"picked":"SKIP","floor":35.0},{"not_picked":["Sweeping Beam","Steam Power+1","Gash+1"],"picked":"SKIP","floor":37.0},{"not_picked":["Conserve Battery+1","Leap"],"picked":"Coolheaded+1","floor":38.0},{"not_picked":["Tempest","Sweeping Beam+1"],"picked":"Doom and Gloom","floor":39.0},{"not_picked":["Streamline+1","Go for the Eyes"],"picked":"Coolheaded","floor":41.0},{"not_picked":["Heatsinks","Auto Shields"],"picked":"Loop+1","floor":44.0},{"not_picked":["Double Energy","Thunder Strike"],"picked":"Capacitor+1","floor":46.0},{"not_picked":["Steam","Stack+1","Turbo"],"picked":"SKIP","floor":47.0},{"not_picked":["Compile Driver","Undo","Barrage"],"picked":"SKIP","floor":48.0},{"not_picked":["Redo","FTL+1"],"picked":"Echo Form","floor":55.0}],"player_experience":553769,"relics_obtained":[{"floor":7.0,"key":"Blood Vial"},{"floor":9.0,"key":"Bronze Scales"},{"floor":11.0,"key":"Torii"},{"floor":25.0,"key":"Oddly Smooth Stone"},{"floor":26.0,"key":"Meat on the Bone"},{"floor":31.0,"key":"Art of War"},{"floor":41.0,"key":"Sundial"},{"floor":44.0,"key":"Omamori"},{"floor":55.0,"key":"Vajra"}],"event_choices":[{"cards_removed":["Strike_B"],"damage_healed":0.0,"max_hp_gain":0.0,"max_hp_loss":0.0,"gold_gain":0.0,"event_name":"Bonfire Elementals","player_choice":"Offered Basic","floor":2.0,"gold_loss":0.0,"damage_taken":0.0},{"damage_healed":0.0,"max_hp_gain":0.0,"max_hp_loss":0.0,"gold_gain":0.0,"cards_transformed":["Strike_B"],"event_name":"Transmorgrifier","player_choice":"Transformed","floor":13.0,"gold_loss":0.0,"damage_taken":0.0,"cards_obtained":["Blizzard"]},{"damage_healed":0.0,"max_hp_gain":0.0,"max_hp_loss":0.0,"gold_gain":0.0,"cards_transformed":["Strike_B","Strike_B"],"event_name":"Drug Dealer","player_choice":"Became Test Subject","floor":20.0,"gold_loss":0.0,"damage_taken":0.0,"cards_obtained":["Reboot","BootSequence"]},{"damage_healed":0.0,"max_hp_gain":0.0,"max_hp_loss":0.0,"gold_gain":275.0,"event_name":"Golden Shrine","player_choice":"Desecrate","floor":21.0,"gold_loss":0.0,"damage_taken":0.0,"cards_obtained":["Regret"]},{"cards_removed":["Defend_B"],"damage_healed":0.0,"max_hp_gain":0.0,"max_hp_loss":0.0,"gold_gain":0.0,"event_name":"Designer","player_choice":"Upgrade and Remove","floor":36.0,"gold_loss":110.0,"damage_taken":0.0,"cards_upgraded":["Defend_B"]}],"is_beta":false,"boss_relics":[{"not_picked":["Ectoplasm","Sozu"],"picked":"Snecko Eye"},{"not_picked":["Black Star","Runic Pyramid"],"picked":"Philosopher\u0027s Stone"}],"items_purged_floors":[22],"is_endless":false,"potions_floor_spawned":[4,11,25,29,33,37,41,44,55],"ascension_level":20}