{"gold_per_floor":[369,369,127,144,144,144,156,181,181,216,216,216,252,268,268,357,357,375,102,102,102,123,123,156,181,181,181,197,240,265,306,306,399,399,414,472,490,503,1502,1502,1540,1553,1553,1578,1578,1578,937,956,956,956,956,956,956,225,266,266],"floor_reached":57,"playtime":3475,"items_purged":["Writhe","Strike_B","Normality","Strike_B"],"score":2970,"play_id":"1aa07ad1-882f-4009-9a0c-7e84177b9c94","local_time":"20190708220046","is_ascension_mode":true,"campfire_choices":[{"data":"Sunder","floor":6.0,"key":"SMITH"},{"data":"Self Repair","floor":11.0,"key":"SMITH"},{"data":"Zap","floor":15.0,"key":"SMITH"},{"floor":23.0,"key":"REST"},{"data":"Hologram","floor":27.0,"key":"SMITH"},{"data":"Blizzard","floor":32.0,"key":"SMITH"},{"data":"Normality","floor":40.0,"key":"PURGE"},{"data":"Consume","floor":45.0,"key":"SMITH"},{"floor":49.0,"key":"RECALL"},{"data":"Loop","floor":53.0,"key":"SMITH"}],"neow_cost":"CURSE","seed_source_timestamp":59006769488800,"circlet_count":0,"master_deck":["AscendersBane","Defend_B","Defend_B","Defend_B","Zap+1","Dualcast","Tempest","Self Repair+1","Rip and Tear","Sunder+1","White Noise","Conserve Battery","Cold Snap","Electrodynamics","Fusion","Hologram+1","Leap+1","Reboot","Hologram+1","Core Surge","Blizzard+1","Chill","Hologram+1","Loop+1","Thunder Strike","Darkness+1","Consume+1","White Noise","Hologram+1","Glacier","Defragment+1","Heatsinks+1","Capacitor+1","Coolheaded","Recycle"],"special_seed":0,"relics":["Cracked Core","Prayer Wheel","Symbiotic Virus","Golden Idol","Kunai","Snecko Eye","Centennial Puzzle","Nilry\u0027s Codex","Oddly Smooth Stone","Darkstone Periapt","Bag of Marbles","StoneCalendar","Empty Cage","Peace Pipe","Frozen Egg 2","Pear","Regal Pillow","Toy Ornithopter","DataDisk","TheAbacus","Bag of Preparation"],"potions_floor_usage":[56],"damage_taken":[{"damage":2.0,"enemies":"Cultist","floor":1.0,"turns":4.0},{"damage":1.0,"enemies":"2 Louse","floor":4.0,"turns":4.0},{"damage":1.0,"enemies":"Small Slimes","floor":7.0,"turns":3.0},{"damage":25.0,"enemies":"Lagavulin","floor":8.0,"turns":7.0},{"damage":20.0,"enemies":"3 Sentries","floor":10.0,"turns":5.0},{"damage":20.0,"enemies":"Lagavulin","floor":13.0,"turns":5.0},{"damage":11.0,"enemies":"Looter","floor":14.0,"turns":2.0},{"damage":21.0,"enemies":"The Guardian","floor":16.0,"turns":10.0},{"damage":4.0,"enemies":"Spheric Guardian","floor":18.0,"turns":3.0},{"damage":13.0,"enemies":"Shell Parasite","floor":22.0,"turns":4.0},{"damage":31.0,"enemies":"Slavers","floor":24.0,"turns":5.0},{"damage":1.0,"enemies":"3 Cultists","floor":25.0,"turns":4.0},{"damage":3.0,"enemies":"Snecko","floor":28.0,"turns":4.0},{"damage":0.0,"enemies":"Gremlin Leader","floor":29.0,"turns":4.0},{"damage":12.0,"enemies":"Snake Plant","floor":30.0,"turns":4.0},{"damage":0.0,"enemies":"Slavers","floor":31.0,"turns":4.0},{"damage":32.0,"enemies":"Collector","floor":33.0,"turns":10.0},{"damage":6.0,"enemies":"3 Darklings","floor":35.0,"turns":3.0},{"damage":9.0,"enemies":"2 Orb Walkers","floor":36.0,"turns":3.0},{"damage":0.0,"enemies":"3 Shapes","floor":37.0,"turns":3.0},{"damage":36.0,"enemies":"Jaw Worm Horde","floor":38.0,"turns":3.0},{"damage":35.0,"enemies":"Nemesis","floor":41.0,"turns":5.0},{"damage":3.0,"enemies":"3 Darklings","floor":42.0,"turns":4.0},{"damage":0.0,"enemies":"4 Shapes","floor":44.0,"turns":5.0},{"damage":1.0,"enemies":"Spire Growth","floor":48.0,"turns":5.0},{"damage":26.0,"enemies":"Time Eater","floor":50.0,"turns":17.0},{"damage":40.0,"enemies":"Donu and Deca","floor":51.0,"turns":7.0},{"damage":27.0,"enemies":"Shield and Spear","floor":55.0,"turns":11.0},{"damage":32,"enemies":"The Heart","floor":56,"turns":14}],"seed_played":"-657967025271414133","potions_obtained":[{"floor":7.0,"key":"Energy Potion"},{"floor":10.0,"key":"SteroidPotion"},{"floor":13.0,"key":"GamblersBrew"},{"floor":18.0,"key":"Dexterity Potion"},{"floor":24.0,"key":"Weak Potion"},{"floor":29.0,"key":"Dexterity Potion"},{"floor":33.0,"key":"Explosive Potion"},{"floor":36.0,"key":"PowerPotion"},{"floor":42.0,"key":"Poison Potion"}],"is_trial":false,"path_per_floor":["M","?","$","M","?","R","M","E","T","E","R","?","E","M","R","B",null,"M","$","?","?","M","R","E","M","T","R","M","E","M","E","R","B",null,"M","?","M","M","?","R","E","M","T","M","R","?","$","M","R","B","B",null,"R","$","E","B",null],"character_chosen":"DEFECT","items_purchased":["Self Repair","Rip and Tear","Centennial Puzzle","Dexterity Potion","Heatsinks+1","Regal Pillow","Toy Ornithopter","DataDisk","TheAbacus","Ancient Potion","Swift Potion","Coolheaded"],"campfire_rested":1,"item_purchase_floors":[3,3,19,47,47,47,47,54,54,54,54,54],"current_hp_per_floor":[62,67,67,73,73,73,76,58,58,45,45,45,35,34,34,23,58,54,54,33,33,30,50,29,38,38,38,45,55,53,63,63,51,65,69,60,60,34,46,46,21,18,28,48,48,48,48,57,57,46,21,74,74,74,62,45],"gold":266,"neow_bonus":"TWO_FIFTY_GOLD","is_prod":false,"is_daily":false,"chose_seed":false,"campfire_upgraded":7,"win_rate":0,"timestamp":1562590846,"path_taken":["M","?","$","M","?","R","?","E","T","E","R","?","E","M","R","BOSS","M","$","?","?","M","R","E","M","T","R","M","E","M","E","R","BOSS","M","?","M","M","?","R","E","M","T","M","R","?","$","?","R","BOSS","BOSS","R","$","E","BOSS"],"build_version":"2019-07-05","purchased_purges":4,"victory":true,"max_hp_per_floor":[71,76,76,76,76,76,76,76,76,76,76,69,69,69,69,69,69,69,69,69,69,69,69,69,69,69,69,69,69,69,69,69,69,69,69,69,69,69,81,81,81,81,91,91,91,91,91,91,91,91,91,91,91,91,91,91],"card_choices":[{"not_picked":["Streamline","Redo"],"picked":"Tempest","floor":1.0},{"not_picked":["Turbo","Reinforced Body"],"picked":"Sunder","floor":4.0},{"not_picked":["Hologram","Rip and Tear"],"picked":"White Noise","floor":7.0},{"not_picked":["Steam Power","Barrage","Doom and Gloom"],"picked":"SKIP","floor":8.0},{"not_picked":["Steam","Doom and Gloom","Rip and Tear"],"picked":"SKIP","floor":10.0},{"not_picked":["Lockon","Doom and Gloom","Thunder Strike"],"picked":"SKIP","floor":13.0},{"not_picked":["Double Energy","Redo"],"picked":"Conserve Battery","floor":14.0},{"not_picked":["Loop","Undo"],"picked":"Cold Snap","floor":14.0},{"not_picked":["Meteor Strike","Creative AI"],"picked":"Electrodynamics","floor":16.0},{"not_picked":["Beam Cell","Conserve Battery"],"picked":"Fusion","floor":18.0},{"not_picked":["Compile Driver","Static Discharge"],"picked":"Hologram","floor":18.0},{"not_picked":["Lockon","Fusion"],"picked":"Leap+1","floor":22.0},{"not_picked":["Streamline","Tempest","Stack"],"picked":"SKIP","floor":22.0},{"not_picked":["Genetic Algorithm+1","Redo"],"picked":"Reboot","floor":24.0},{"not_picked":["Leap","Cold Snap"],"picked":"Hologram+1","floor":25.0},{"not_picked":["Hologram","Go for the Eyes"],"picked":"Core Surge","floor":25.0},{"not_picked":["Stack","Lockon"],"picked":"Blizzard","floor":28.0},{"not_picked":["Heatsinks","Conserve Battery","Undo"],"picked":"SKIP","floor":28.0},{"not_picked":["Chaos+1","Storm+1","Beam Cell"],"picked":"SKIP","floor":29.0},{"not_picked":["Chaos+1","Storm+1","Beam Cell"],"picked":"SKIP","floor":29.0},{"not_picked":["Stack","Leap+1"],"picked":"Chill","floor":30.0},{"not_picked":["Cold Snap","Loop"],"picked":"Hologram+1","floor":30.0},{"not_picked":["Genetic Algorithm","Beam Cell+1"],"picked":"Loop","floor":31.0},{"not_picked":["Amplify","Reboot"],"picked":"Thunder Strike","floor":33.0},{"not_picked":["Go for the Eyes+1","Compile Driver"],"picked":"Darkness+1","floor":35.0},{"not_picked":["Doom and Gloom","Redo+1","Turbo"],"picked":"SKIP","floor":35.0},{"not_picked":["Beam Cell+1","Compile Driver"],"picked":"Consume","floor":37.0},{"not_picked":["Streamline+1","Turbo","Stack"],"picked":"SKIP","floor":37.0},{"not_picked":["Sweeping Beam","FTL"],"picked":"White Noise","floor":38.0},{"not_picked":["Storm","Conserve Battery"],"picked":"Hologram+1","floor":38.0},{"not_picked":["Melter","Conserve Battery","Blizzard"],"picked":"SKIP","floor":41.0},{"not_picked":["Gash","Barrage","Streamline+1"],"picked":"SKIP","floor":42.0},{"not_picked":["Rebound","Sweeping Beam","Chaos"],"picked":"SKIP","floor":42.0},{"not_picked":["Cold Snap","All For One"],"picked":"Glacier","floor":44.0},{"not_picked":["Beam Cell","Rebound"],"picked":"Defragment+1","floor":44.0},{"not_picked":["Reprogram+1","Conserve Battery+1"],"picked":"Capacitor+1","floor":48.0},{"not_picked":["Streamline","Sweeping Beam","Beam Cell"],"picked":"SKIP","floor":48.0},{"not_picked":["Storm+1","Hologram"],"picked":"Recycle","floor":55.0}],"player_experience":955145,"relics_obtained":[{"floor":8.0,"key":"Prayer Wheel"},{"floor":10.0,"key":"Symbiotic Virus"},{"floor":13.0,"key":"Kunai"},{"floor":20.0,"key":"Nilry\u0027s Codex"},{"floor":24.0,"key":"Oddly Smooth Stone"},{"floor":26.0,"key":"Darkstone Periapt"},{"floor":29.0,"key":"Bag of Marbles"},{"floor":31.0,"key":"StoneCalendar"},{"floor":36.0,"key":"Peace Pipe"},{"floor":41.0,"key":"Frozen Egg 2"},{"floor":43.0,"key":"Pear"},{"floor":55.0,"key":"Bag of Preparation"}],"event_choices":[{"damage_healed":0.0,"max_hp_gain":5.0,"max_hp_loss":0.0,"gold_gain":0.0,"event_name":"Big Fish","player_choice":"Donut","floor":2.0,"gold_loss":0.0,"damage_taken":0.0},{"cards_removed":["Strike_B"],"damage_healed":0.0,"max_hp_gain":0.0,"max_hp_loss":0.0,"gold_gain":0.0,"event_name":"Purifier","player_choice":"Purged","floor":5.0,"gold_loss":0.0,"damage_taken":0.0},{"damage_healed":0.0,"max_hp_gain":0.0,"max_hp_loss":7.0,"gold_gain":0.0,"event_name":"Golden Idol","player_choice":"Lose Max HP","floor":12.0,"gold_loss":0.0,"damage_taken":0.0,"relics_obtained":["Golden Idol"]},{"damage_healed":0.0,"max_hp_gain":0.0,"max_hp_loss":0.0,"gold_gain":0.0,"event_name":"Cursed Tome","player_choice":"Obtained Book","floor":20.0,"gold_loss":0.0,"damage_taken":21.0},{"damage_healed":0.0,"max_hp_gain":0.0,"max_hp_loss":0.0,"gold_gain":0.0,"event_name":"N\u0027loth","player_choice":"Ignored","floor":21.0,"gold_loss":0.0,"damage_taken":0.0},{"damage_healed":0.0,"max_hp_gain":0.0,"max_hp_loss":0.0,"gold_gain":0.0,"event_name":"Mysterious Sphere","player_choice":"Fight","floor":36.0,"gold_loss":0.0,"damage_taken":0.0},{"damage_healed":0.0,"max_hp_gain":0.0,"max_hp_loss":0.0,"gold_gain":999.0,"event_name":"MindBloom","player_choice":"Gold","floor":39.0,"gold_loss":0.0,"damage_taken":0.0,"cards_obtained":["Normality","Normality"]},{"damage_healed":0.0,"max_hp_gain":0.0,"max_hp_loss":0.0,"gold_gain":0.0,"event_name":"Tomb of Lord Red Mask","player_choice":"Ignored","floor":46.0,"gold_loss":0.0,"damage_taken":0.0}],"is_beta":false,"boss_relics":[{"not_picked":["Orrery","Inserter"],"picked":"Snecko Eye"},{"not_picked":["Calling Bell","Lizard Tail"],"picked":"Empty Cage"}],"items_purged_floors":[3,19,47,54],"is_endless":false,"potions_floor_spawned":[7,10,13,18,24,25,29,33,36,41,42],"ascension_level":20}