{"gold_per_floor":[115,131,150,59,18,18,50,50,120,120,153,153,183,198,198,270,270,284,297,309,329,343,374,117,117,117,129,147,176,176,203,203,280,280,298,398,288,308,328,328,359,359,359,359,394,394,411,438,450,462,474,486,498,42,69,69],"floor_reached":57,"playtime":3334,"items_purged":["Strike_B","Strike_B"],"score":3519,"play_id":"402903c6-7a2c-44bd-a24e-62e3d7096634","local_time":"20190720171704","is_ascension_mode":true,"campfire_choices":[{"data":"Defragment","floor":6.0,"key":"SMITH"},{"data":"Consume","floor":8.0,"key":"SMITH"},{"floor":10.0,"key":"REST"},{"data":"Defragment","floor":15.0,"key":"SMITH"},{"data":"Master of Strategy","floor":25.0,"key":"SMITH"},{"data":"Machine Learning","floor":32,"key":"SMITH"},{"data":"Heatsinks","floor":40,"key":"SMITH"},{"data":"Defragment","floor":42,"key":"SMITH"},{"floor":49,"key":"RECALL"},{"data":"Amplify","floor":53,"key":"SMITH"}],"neow_cost":"NONE","seed_source_timestamp":90093342758600,"circlet_count":0,"master_deck":["AscendersBane","Defend_B","Defend_B","Defend_B","Defend_B","Zap","Dualcast","White Noise","Turbo","Consume+1","Defragment+1","Coolheaded","Echo Form","Cold Snap","Defragment+1","Glacier+1","Electrodynamics","Glacier","Heatsinks+1","Master of Strategy+1","Recycle","Machine Learning+1","Coolheaded","Amplify+1","Defragment+1","Coolheaded","Force Field","Capacitor+1","Seek","Deep Breath","BootSequence"],"special_seed":0,"relics":["Cracked Core","NeowsBlessing","Turnip","Cables","Oddly Smooth Stone","Unceasing Top","Coffee Dripper","Mummified Hand","Pear","Bottled Tornado","Runic Dome","Dead Branch","Symbiotic Virus","Emotion Chip","Peace Pipe","MawBank","TheAbacus","Pen Nib"],"potions_floor_usage":[29],"damage_taken":[{"damage":0.0,"enemies":"Small Slimes","floor":1.0,"turns":1.0},{"damage":0.0,"enemies":"Cultist","floor":2.0,"turns":1.0},{"damage":0.0,"enemies":"Jaw Worm","floor":3.0,"turns":1.0},{"damage":39.0,"enemies":"Exordium Thugs","floor":5.0,"turns":5.0},{"damage":4.0,"enemies":"Lagavulin","floor":7.0,"turns":7.0},{"damage":12.0,"enemies":"3 Sentries","floor":11.0,"turns":16.0},{"damage":2.0,"enemies":"Lagavulin","floor":13.0,"turns":11.0},{"damage":0.0,"enemies":"3 Louse","floor":14.0,"turns":3.0},{"damage":0.0,"enemies":"The Guardian","floor":16.0,"turns":13.0},{"damage":0.0,"enemies":"Shell Parasite","floor":18.0,"turns":6.0},{"damage":0.0,"enemies":"Chosen","floor":19.0,"turns":5.0},{"damage":0.0,"enemies":"Snecko","floor":20.0,"turns":7.0},{"damage":0.0,"enemies":"Centurion and Healer","floor":21.0,"turns":7.0},{"damage":0.0,"enemies":"3 Cultists","floor":22.0,"turns":4.0},{"damage":27.0,"enemies":"Slavers","floor":23.0,"turns":3.0},{"damage":0.0,"enemies":"Snake Plant","floor":27.0,"turns":2.0},{"damage":0,"enemies":"Cultist and Chosen","floor":28,"turns":5},{"damage":0,"enemies":"Book of Stabbing","floor":29,"turns":6},{"damage":0,"enemies":"Gremlin Leader","floor":31,"turns":4},{"damage":0,"enemies":"Collector","floor":33,"turns":8},{"damage":0,"enemies":"3 Shapes","floor":35,"turns":2},{"damage":0,"enemies":"Mind Bloom Boss Battle","floor":36,"turns":6},{"damage":2,"enemies":"Orb Walker","floor":38,"turns":3},{"damage":0,"enemies":"Sphere and 2 Shapes","floor":39,"turns":2},{"damage":0,"enemies":"Giant Head","floor":41,"turns":4},{"damage":0,"enemies":"Nemesis","floor":45,"turns":4},{"damage":0,"enemies":"Transient","floor":47,"turns":6},{"damage":0,"enemies":"Giant Head","floor":48,"turns":10},{"damage":13,"enemies":"Awakened One","floor":50,"turns":20},{"damage":0,"enemies":"Donu and Deca","floor":51,"turns":7},{"damage":0,"enemies":"Shield and Spear","floor":55,"turns":2},{"damage":5,"enemies":"The Heart","floor":56,"turns":6}],"seed_played":"8013552580887095964","potions_obtained":[{"floor":2.0,"key":"SpeedPotion"},{"floor":3.0,"key":"Regen Potion"},{"floor":16.0,"key":"SkillPotion"},{"floor":21.0,"key":"Poison Potion"},{"floor":22.0,"key":"EssenceOfSteel"},{"floor":28,"key":"PowerPotion"},{"floor":33,"key":"FearPotion"},{"floor":35,"key":"FocusPotion"}],"is_trial":false,"path_per_floor":["M","M","M","$","M","R","E","R","T","R","E","?","E","M","R","B",null,"M","M","M","M","M","E","$","R","T","M","M","E","?","E","R","B",null,"M","?","?","M","M","R","E","R","T","?","E","?","M","E","R","B","B",null,"R","$","E","B",null],"character_chosen":"DEFECT","items_purchased":["Defragment","Coolheaded","Master of Strategy","Energy Potion","Deep Breath","TheAbacus"],"campfire_rested":1,"item_purchase_floors":[4,4,24,54,54,54],"current_hp_per_floor":[64,64,64,64,39,39,35,35,35,56,44,44,42,42,42,42,64,64,64,64,64,64,37,37,37,37,37,37,47,24,24,24,24,71,71,71,71,69,69,69,69,69,69,69,69,69,69,69,69,56,56,79,79,79,79,74],"gold":69,"neow_bonus":"THREE_ENEMY_KILL","is_prod":false,"is_daily":false,"chose_seed":false,"campfire_upgraded":8,"win_rate":0,"timestamp":1563610624,"path_taken":["M","M","M","$","M","R","E","R","T","R","E","?","E","?","R","BOSS","M","M","M","?","M","E","$","R","T","?","M","E","?","E","R","BOSS","M","?","?","?","M","R","E","R","T","?","E","?","M","E","R","BOSS","BOSS","R","$","E","BOSS"],"build_version":"2019-07-17","purchased_purges":2,"victory":true,"max_hp_per_floor":[71,71,71,71,71,71,71,71,71,71,71,71,71,71,71,71,71,71,71,71,71,71,71,71,71,71,71,71,81,86,86,86,86,86,86,86,86,86,86,86,86,86,86,86,86,86,86,86,86,86,86,86,86,86,86,86],"card_choices":[{"not_picked":["Cold Snap","Steam"],"picked":"White Noise","floor":1.0},{"not_picked":["Gash","Double Energy"],"picked":"Turbo","floor":2.0},{"not_picked":["Streamline","FTL"],"picked":"Consume","floor":3.0},{"not_picked":["Leap","Stack"],"picked":"Echo Form","floor":5.0},{"not_picked":["Steam","Go for the Eyes"],"picked":"Cold Snap","floor":7.0},{"not_picked":["Redo","Go for the Eyes","Leap"],"picked":"SKIP","floor":11.0},{"not_picked":["Go for the Eyes","Conserve Battery"],"picked":"Glacier","floor":13.0},{"not_picked":["Steam","Barrage","Turbo"],"picked":"SKIP","floor":14.0},{"not_picked":["Multi-Cast","Amplify"],"picked":"Electrodynamics","floor":16.0},{"not_picked":["BootSequence","Redo","Cold Snap"],"picked":"SKIP","floor":18.0},{"not_picked":["Stack+1","Ball Lightning"],"picked":"Glacier","floor":19.0},{"not_picked":["Streamline","Gash"],"picked":"Ball Lightning","floor":20.0},{"not_picked":["Barrage","Sweeping Beam","Steam"],"picked":"SKIP","floor":21.0},{"not_picked":["Redo","Conserve Battery","Consume+1"],"picked":"SKIP","floor":22.0},{"not_picked":["Steam","Tempest"],"picked":"Heatsinks","floor":23.0},{"not_picked":["Aggregate","Ball Lightning","Rebound+1"],"picked":"SKIP","floor":27.0},{"not_picked":["Streamline","Rip and Tear"],"picked":"Recycle","floor":28},{"not_picked":["Machine Learning","Sunder","BootSequence"],"picked":"SKIP","floor":29},{"not_picked":["Machine Learning","Sunder","BootSequence"],"picked":"SKIP","floor":29},{"not_picked":["Sunder","BootSequence"],"picked":"Machine Learning","floor":29},{"not_picked":["Ball Lightning","FTL+1"],"picked":"Coolheaded","floor":31},{"not_picked":["Buffer","Reboot"],"picked":"Amplify","floor":33},{"not_picked":["Leap","Rebound","Streamline"],"picked":"SKIP","floor":35},{"not_picked":["Compile Driver","Tempest"],"picked":"Defragment","floor":36},{"not_picked":["Chaos","Sweeping Beam+1"],"picked":"Coolheaded","floor":38},{"not_picked":["Turbo","Chaos+1"],"picked":"Force Field","floor":39},{"not_picked":["Sunder","Conserve Battery"],"picked":"Capacitor+1","floor":41},{"not_picked":["Rebound","Scrape","Lockon"],"picked":"SKIP","floor":45},{"not_picked":["Melter","Barrage"],"picked":"Seek","floor":47},{"not_picked":["Streamline","Beam Cell+1","FTL+1"],"picked":"SKIP","floor":48},{"not_picked":["Stack+1","Compile Driver"],"picked":"BootSequence","floor":55}],"player_experience":1103929,"relics_obtained":[{"floor":7.0,"key":"Turnip"},{"floor":9.0,"key":"Cables"},{"floor":11.0,"key":"Oddly Smooth Stone"},{"floor":13.0,"key":"Unceasing Top"},{"floor":23.0,"key":"Mummified Hand"},{"floor":29,"key":"Pear"},{"floor":31,"key":"Bottled Tornado"},{"floor":36,"key":"Dead Branch"},{"floor":41,"key":"Symbiotic Virus"},{"floor":43,"key":"Emotion Chip"},{"floor":45,"key":"Peace Pipe"},{"floor":48,"key":"MawBank"},{"floor":55,"key":"Pen Nib"}],"event_choices":[{"damage_healed":0.0,"max_hp_gain":0.0,"max_hp_loss":0.0,"gold_gain":0.0,"cards_transformed":["Strike_B"],"event_name":"Transmorgrifier","player_choice":"Transformed","floor":12.0,"gold_loss":0.0,"damage_taken":0.0,"cards_obtained":["Defragment"]},{"damage_healed":0,"gold_gain":0,"player_choice":"Shed Blood","damage_taken":28,"max_hp_gain":5,"max_hp_loss":0,"event_name":"Forgotten Altar","floor":30,"gold_loss":0},{"damage_healed":0,"gold_gain":0,"player_choice":"Fight","damage_taken":0,"max_hp_gain":0,"max_hp_loss":0,"event_name":"MindBloom","floor":36,"gold_loss":0},{"cards_removed":["Strike_B"],"damage_healed":0,"gold_gain":0,"player_choice":"Upgrade and Remove","damage_taken":0,"max_hp_gain":0,"max_hp_loss":0,"event_name":"Designer","floor":37,"gold_loss":110,"cards_upgraded":["Glacier"]},{"cards_removed":["Ball Lightning"],"damage_healed":0,"gold_gain":0,"player_choice":"Removed Attack","damage_taken":0,"max_hp_gain":0,"max_hp_loss":0,"event_name":"Falling","floor":44,"gold_loss":0},{"damage_healed":0,"gold_gain":0,"player_choice":"Ignored","damage_taken":0,"max_hp_gain":0,"max_hp_loss":0,"event_name":"Tomb of Lord Red Mask","floor":46,"gold_loss":0}],"is_beta":false,"boss_relics":[{"not_picked":["White Beast Statue","Black Star"],"picked":"Coffee Dripper"},{"not_picked":["Runic Pyramid","Eternal Feather"],"picked":"Runic Dome"}],"items_purged_floors":[24,54],"is_endless":false,"potions_floor_spawned":[2,3,16,21,22,28,33,35,38,39,47],"ascension_level":20}