{"gold_per_floor":[368,368,387,290,308,308,23,23,23,58,69,87,87],"floor_reached":13,"playtime":504,"items_purged":["Strike_B"],"score":170,"play_id":"f166a702-dcc9-4d1d-b90d-ded6f290cfda","local_time":"20190725110414","is_ascension_mode":true,"campfire_choices":[{"data":"Discovery","floor":6,"key":"SMITH"},{"data":"Recycle","floor":8,"key":"SMITH"}],"neow_cost":"CURSE","seed_source_timestamp":502613659948900,"circlet_count":0,"master_deck":["AscendersBane","Strike_B","Strike_B","Strike_B","Defend_B","Defend_B","Defend_B","Defend_B","Zap","Dualcast","Recycle+1","Discovery+1","Capacitor","BootSequence"],"relics":["Cracked Core","Medical Kit","Mercury Hourglass","Peace Pipe"],"potions_floor_usage":[10,13,13],"damage_taken":[{"damage":8,"enemies":"2 Louse","floor":1,"turns":3},{"damage":6,"enemies":"Cultist","floor":3,"turns":4},{"damage":4,"enemies":"Jaw Worm","floor":5,"turns":5},{"damage":8,"enemies":"Gremlin Nob","floor":10,"turns":3},{"damage":9,"enemies":"Blue Slaver","floor":11,"turns":4},{"damage":0,"enemies":"Large Slime","floor":12,"turns":3},{"damage":30,"enemies":"Lagavulin","floor":13,"turns":7}],"seed_played":"-2230896565367511608","potions_obtained":[{"floor":1,"key":"PowerPotion"},{"floor":11,"key":"Energy Potion"},{"floor":12,"key":"Weak Potion"}],"is_trial":false,"path_per_floor":["M","?","M","$","M","R","$","R","T","E","M","M","E"],"character_chosen":"DEFECT","items_purchased":["Discovery","Medical Kit"],"campfire_rested":0,"item_purchase_floors":[4,7],"current_hp_per_floor":[56,56,50,50,46,46,46,46,46,38,29,29,0],"gold":87,"neow_bonus":"TWO_FIFTY_GOLD","is_prod":false,"is_daily":false,"chose_seed":false,"campfire_upgraded":2,"win_rate":0,"timestamp":1564020254,"path_taken":["M","?","?","?","M","R","$","R","T","E","M","M","E"],"build_version":"2019-07-17","purchased_purges":1,"victory":false,"max_hp_per_floor":[71,71,71,71,71,71,71,71,71,71,71,71,71],"card_choices":[{"not_picked":["Conserve Battery","Hologram"],"picked":"Recycle","floor":1},{"not_picked":["Sweeping Beam","Streamline","Turbo"],"picked":"SKIP","floor":3},{"not_picked":["Go for the Eyes","Conserve Battery","Sweeping Beam"],"picked":"SKIP","floor":5},{"not_picked":["Rebound","Steam"],"picked":"Capacitor","floor":10},{"not_picked":["Blizzard","Steam"],"picked":"BootSequence","floor":11},{"not_picked":["Streamline","Conserve Battery","Rebound"],"picked":"SKIP","floor":12}],"player_experience":1198938,"relics_obtained":[{"floor":9,"key":"Mercury Hourglass"},{"floor":10,"key":"Peace Pipe"}],"event_choices":[{"cards_removed":["Shame"],"damage_healed":0,"gold_gain":0,"player_choice":"Removed Curses","damage_taken":0,"max_hp_gain":0,"max_hp_loss":0,"event_name":"Fountain of Cleansing","floor":2,"gold_loss":0}],"is_beta":false,"boss_relics":[],"items_purged_floors":[7],"is_endless":false,"potions_floor_spawned":[1,11,12],"killed_by":"Lagavulin","ascension_level":20}