{"gold_per_floor":[111,30,30,30,48,81,91,124,149,175,200,275,275,171,171,245,245,260,260,47,97,117,117],"floor_reached":23,"playtime":605,"items_purged":["Strike_R","Strike_R"],"score":460,"play_id":"8daa0fc7-f06d-4c1a-a95e-1079ff111434","local_time":"20190728124225","is_ascension_mode":true,"campfire_choices":[{"data":"Armaments","floor":13,"key":"SMITH"},{"data":"Whirlwind","floor":15,"key":"SMITH"}],"neow_cost":"NONE","seed_source_timestamp":767604110837600,"circlet_count":0,"master_deck":["AscendersBane","Strike_R","Strike_R","Strike_R","Defend_R","Defend_R","Defend_R","Defend_R","Bash","Pommel Strike","Carnage","Double Tap","Whirlwind+1","Armaments+1","Demon Form"],"relics":["Burning Blood","NeowsBlessing","Smiling Mask","Dream Catcher","Kunai","Anchor","Juzu Bracelet","PreservedInsect","Sozu","Bag of Preparation"],"potions_floor_usage":[11,16,23,23],"damage_taken":[{"damage":0,"enemies":"Jaw Worm","floor":1,"turns":1},{"damage":0,"enemies":"2 Louse","floor":5,"turns":1},{"damage":0,"enemies":"Lagavulin","floor":6,"turns":1},{"damage":1,"enemies":"Cultist","floor":7,"turns":3},{"damage":36,"enemies":"Gremlin Nob","floor":8,"turns":4},{"damage":25,"enemies":"Lagavulin","floor":11,"turns":7},{"damage":26,"enemies":"The Guardian","floor":16,"turns":16},{"damage":19,"enemies":"Spheric Guardian","floor":18,"turns":4},{"damage":14,"enemies":"Shell Parasite","floor":22,"turns":3},{"damage":32,"enemies":"Book of Stabbing","floor":23,"turns":4}],"seed_played":"1673703302034696384","potions_obtained":[{"floor":1,"key":"LiquidBronze"},{"floor":8,"key":"BloodPotion"},{"floor":16,"key":"EssenceOfSteel"}],"is_trial":false,"path_per_floor":["M","$","?","?","M","E","M","E","T","T","E","?","R","$","R","B",null,"M","?","$","?","M","E"],"character_chosen":"IRONCLAD","items_purchased":["Carnage","Strength Potion","Bag of Preparation"],"campfire_rested":0,"item_purchase_floors":[2,14,20],"current_hp_per_floor":[74,74,63,63,69,75,75,45,45,45,44,33,33,33,33,13,60,47,47,47,47,39,7],"gold":117,"neow_bonus":"THREE_ENEMY_KILL","is_prod":false,"is_daily":false,"chose_seed":false,"campfire_upgraded":2,"win_rate":0,"timestamp":1564285345,"path_taken":["M","$","?","?","M","E","?","E","T","?","E","?","R","$","R","BOSS","M","?","$","?","M","E"],"build_version":"2019-07-17","purchased_purges":2,"victory":false,"max_hp_per_floor":[75,75,75,75,75,75,75,75,75,75,75,75,75,75,75,75,75,75,75,75,75,75,75],"card_choices":[{"not_picked":["Flame Barrier","Flex"],"picked":"Pommel Strike","floor":1},{"not_picked":["True Grit","Heavy Blade","Flex"],"picked":"SKIP","floor":5},{"not_picked":["Metallicize","Rage"],"picked":"Whirlwind","floor":6},{"not_picked":["Thunderclap","Headbutt","Iron Wave"],"picked":"SKIP","floor":7},{"not_picked":["Pommel Strike","Flex"],"picked":"Armaments","floor":8},{"not_picked":["Clothesline","Searing Blow","Iron Wave"],"picked":"SKIP","floor":11},{"not_picked":["Brutality","Bludgeon"],"picked":"Demon Form","floor":16},{"not_picked":["Heavy Blade","Havoc","Clothesline"],"picked":"SKIP","floor":18},{"not_picked":["Anger","Perfected Strike","Pummel"],"picked":"SKIP","floor":22}],"player_experience":1250710,"relics_obtained":[{"floor":6,"key":"Dream Catcher"},{"floor":8,"key":"Kunai"},{"floor":9,"key":"Anchor"},{"floor":10,"key":"Juzu Bracelet"},{"floor":11,"key":"PreservedInsect"}],"event_choices":[{"damage_healed":0,"gold_gain":0,"player_choice":"Success","damage_taken":11,"relics_obtained":["Smiling Mask"],"max_hp_gain":0,"max_hp_loss":0,"event_name":"Scrap Ooze","floor":3,"gold_loss":0},{"damage_healed":0,"gold_gain":0,"player_choice":"1 cards matched","damage_taken":0,"max_hp_gain":0,"max_hp_loss":0,"event_name":"Match and Keep!","floor":4,"gold_loss":0,"cards_obtained":["Double Tap"]},{"damage_healed":0,"gold_gain":75,"player_choice":"Gather Gold","damage_taken":11,"max_hp_gain":0,"max_hp_loss":0,"event_name":"World of Goop","floor":12,"gold_loss":0},{"damage_healed":0,"gold_gain":0,"player_choice":"Ignored","damage_taken":0,"max_hp_gain":0,"max_hp_loss":0,"event_name":"N\u0027loth","floor":19,"gold_loss":0},{"damage_healed":0,"gold_gain":50,"player_choice":"Stole From Cult","damage_taken":0,"max_hp_gain":0,"max_hp_loss":0,"event_name":"Nest","floor":21,"gold_loss":0}],"is_beta":false,"boss_relics":[{"not_picked":["Empty Cage","Astrolabe"],"picked":"Sozu"}],"items_purged_floors":[14,20],"is_endless":false,"potions_floor_spawned":[1,8,16,18,22],"killed_by":"Book of Stabbing","ascension_level":20}