{"gold_per_floor":[110,110,110,129,150,150,170,190,244,244,84,124,153,153],"floor_reached":14,"playtime":306,"items_purged":["Regret"],"score":180,"play_id":"f52c8f4d-ce04-4c92-97eb-a72e8fa83859","local_time":"20190610215640","is_ascension_mode":true,"campfire_choices":[{"data":"Bash","floor":6,"key":"SMITH"},{"data":"True Grit","floor":10,"key":"SMITH"}],"neow_cost":"NONE","seed_source_timestamp":202106990132400,"circlet_count":0,"master_deck":["AscendersBane","Strike_R","Strike_R","Strike_R","Strike_R","Strike_R","Defend_R","Defend_R","Defend_R","Defend_R","Bash+1","Shrug It Off","Disarm","Feel No Pain","True Grit+1","Corruption","Disarm","Thunderclap"],"special_seed":0,"relics":["Busted Crown","Meat on the Bone","Golden Idol","Pen Nib","Happy Flower","Odd Mushroom"],"potions_floor_usage":[12,12],"damage_taken":[{"damage":0,"enemies":"Small Slimes","floor":1,"turns":2},{"damage":11,"enemies":"2 Louse","floor":4,"turns":3},{"damage":9,"enemies":"Jaw Worm","floor":5,"turns":3},{"damage":12,"enemies":"3 Louse","floor":7,"turns":5},{"damage":2,"enemies":"2 Fungi Beasts","floor":8,"turns":4},{"damage":32,"enemies":"Gremlin Nob","floor":12,"turns":4},{"damage":23,"enemies":"The Mushroom Lair","floor":13,"turns":5},{"damage":0,"enemies":"Exordium Wildlife","floor":14,"turns":1}],"seed_played":"8157343260561793746","potions_obtained":[{"floor":5,"key":"SneckoOil"},{"floor":7,"key":"FearPotion"},{"floor":8,"key":"Poison Potion"}],"is_trial":false,"path_per_floor":["M","?","?","M","M","R","M","M","T","R","$","E","?","M"],"character_chosen":"IRONCLAD","items_purchased":["Corruption"],"campfire_rested":0,"item_purchase_floors":[11],"current_hp_per_floor":[68,68,42,43,46,46,46,44,44,44,44,24,13,13],"gold":153,"neow_bonus":"BOSS_RELIC","is_prod":false,"is_daily":false,"chose_seed":false,"campfire_upgraded":2,"win_rate":0,"timestamp":1560171400,"path_taken":["M","?","?","M","M","R","M","M","T","R","$","E","?","M"],"build_version":"2019-01-23","purchased_purges":1,"victory":false,"max_hp_per_floor":[75,75,75,75,75,75,75,75,75,75,75,75,75,75],"card_choices":[{"not_picked":["Havoc"],"picked":"SKIP","floor":1},{"not_picked":[],"picked":"Shrug It Off","floor":4},{"not_picked":[],"picked":"Disarm","floor":5},{"not_picked":[],"picked":"Feel No Pain","floor":7},{"not_picked":[],"picked":"True Grit","floor":8},{"not_picked":[],"picked":"Disarm","floor":12},{"not_picked":[],"picked":"Thunderclap","floor":13}],"player_experience":566032,"relics_obtained":[{"floor":9,"key":"Pen Nib"},{"floor":12,"key":"Happy Flower"},{"floor":13,"key":"Odd Mushroom"}],"event_choices":[{"damage_healed":0,"gold_gain":0,"player_choice":"Box","damage_taken":0,"relics_obtained":["Meat on the Bone"],"max_hp_gain":0,"max_hp_loss":0,"event_name":"Big Fish","floor":2,"gold_loss":0,"cards_obtained":["Regret"]},{"damage_healed":0,"gold_gain":0,"player_choice":"Take Damage","damage_taken":26,"relics_obtained":["Golden Idol"],"max_hp_gain":0,"max_hp_loss":0,"event_name":"Golden Idol","floor":3,"gold_loss":0},{"damage_healed":0,"gold_gain":0,"player_choice":"Fought Mushrooms","damage_taken":0,"max_hp_gain":0,"max_hp_loss":0,"event_name":"Mushrooms","floor":13,"gold_loss":0}],"is_beta":false,"boss_relics":[],"items_purged_floors":[11],"is_endless":false,"potions_floor_spawned":[5,7,8],"killed_by":"Exordium Wildlife","ascension_level":20}