{"gold_per_floor":[112,33,33,33,33,66,66,94,94,17,27,27,42,71,71,144,144,154,166,179,10,10,10,42,42,42,317,349,364,399,418,418,495,495,511,530,530,346,356,356],"floor_reached":40,"playtime":4261,"items_purged":["Strike_G"],"score":1174,"play_id":"70765b68-ceab-470d-9436-5b2c578eb4ff","local_time":"20190706223649","is_ascension_mode":true,"campfire_choices":[{"data":"Venomology","floor":7,"key":"SMITH"},{"data":"Footwork","floor":12,"key":"SMITH"},{"data":"Well Laid Plans","floor":15,"key":"SMITH"},{"data":"A Thousand Cuts","floor":23,"key":"SMITH"},{"data":"Malaise","floor":25,"key":"SMITH"},{"data":"Backflip","floor":32,"key":"SMITH"}],"neow_cost":"NONE","seed_source_timestamp":102910465237872,"circlet_count":0,"master_deck":["AscendersBane","Strike_G","Strike_G","Strike_G+1","Strike_G","Defend_G+1","Defend_G","Defend_G","Defend_G","Defend_G","Survivor","Neutralize+1","Flying Knee","Backstab","Venomology+1","Deadly Poison","Footwork+1","Sucker Punch","PiercingWail","Well Laid Plans+1","A Thousand Cuts+1","Dagger Throw","Reflex+1","Acrobatics","Malaise+1","Infinite Blades","Caltrops","Backflip+1","Adrenaline","Calculated Gamble","Footwork+1","Thinking Ahead","Cloak And Dagger","Backflip","Parasite","PiercingWail"],"relics":["Ring of the Serpent","NeowsBlessing","Tough Bandages","Anchor","Mercury Hourglass","Omamori","HoveringKite","Oddly Smooth Stone","Centennial Puzzle","Orichalcum","Mango","Blood Vial","Shuriken"],"potions_floor_usage":[13,14,14,18,19,20,24,28,29,30,31,33,33,35,39,40],"damage_taken":[{"damage":0,"enemies":"Jaw Worm","floor":1,"turns":1},{"damage":0,"enemies":"Gremlin Nob","floor":6,"turns":1},{"damage":0,"enemies":"3 Sentries","floor":8,"turns":1},{"damage":0,"enemies":"2 Louse","floor":11,"turns":2},{"damage":0,"enemies":"Cultist","floor":13,"turns":2},{"damage":0,"enemies":"Gremlin Nob","floor":14,"turns":3},{"damage":40,"enemies":"Hexaghost","floor":16,"turns":14},{"damage":2,"enemies":"Shell Parasite","floor":18,"turns":8},{"damage":1,"enemies":"2 Thieves","floor":19,"turns":5},{"damage":2,"enemies":"Cultist and Chosen","floor":20,"turns":9},{"damage":1,"enemies":"Book of Stabbing","floor":24,"turns":7},{"damage":4,"enemies":"Gremlin Leader","floor":28,"turns":8},{"damage":0,"enemies":"Snake Plant","floor":29,"turns":4},{"damage":0,"enemies":"Slavers","floor":30,"turns":4},{"damage":12,"enemies":"Sentry and Sphere","floor":31,"turns":5},{"damage":20,"enemies":"Automaton","floor":33,"turns":11},{"damage":13,"enemies":"3 Darklings","floor":35,"turns":5},{"damage":0,"enemies":"3 Shapes","floor":36,"turns":6},{"damage":0,"enemies":"Writhing Mass","floor":39,"turns":8},{"damage":25,"enemies":"Giant Head","floor":40,"turns":9}],"seed_played":"-3207571742274974837","potions_obtained":[{"floor":1,"key":"Ancient Potion"},{"floor":8,"key":"FearPotion"},{"floor":13,"key":"Swift Potion"},{"floor":16,"key":"SteroidPotion"},{"floor":28,"key":"PowerPotion"},{"floor":33,"key":"GamblersBrew"}],"is_trial":false,"path_per_floor":["M","$","?","?","?","E","R","E","T","$","M","R","M","E","R","B",null,"M","M","M","$","?","R","E","R","T","?","E","M","E","M","R","B",null,"M","M","?","$","M","E"],"character_chosen":"THE_SILENT","items_purchased":["Backstab","Footwork","Oddly Smooth Stone","Cloak And Dagger","Backflip"],"campfire_rested":0,"item_purchase_floors":[2,10,21,38,38],"current_hp_per_floor":[59,59,59,39,44,44,44,44,44,44,44,44,44,44,44,4,54,67,66,64,64,64,64,63,63,77,77,81,83,85,73,73,55,78,67,69,69,69,71,48],"gold":356,"neow_bonus":"THREE_ENEMY_KILL","is_prod":false,"is_daily":false,"chose_seed":false,"campfire_upgraded":6,"win_rate":0,"timestamp":1562445409,"path_taken":["M","$","?","?","?","E","R","E","T","?","M","R","?","E","R","BOSS","M","?","M","$","?","R","E","R","T","?","E","M","E","M","R","BOSS","M","M","?","$","M","E"],"build_version":"2019-07-01","purchased_purges":1,"victory":false,"max_hp_per_floor":[66,66,66,66,71,71,71,71,71,71,71,71,71,71,71,71,71,71,71,71,71,71,71,71,71,85,85,85,85,85,85,85,85,85,85,85,85,85,85,85],"card_choices":[{"not_picked":["Bane","Dagger Throw"],"picked":"Flying Knee","floor":1},{"not_picked":["Expertise","Riddle With Holes"],"picked":"Venomology","floor":6},{"not_picked":["Flechettes","Flying Knee"],"picked":"Deadly Poison","floor":8},{"not_picked":["Distraction","Quick Slash"],"picked":"Sucker Punch","floor":11},{"not_picked":["Blade Dance","Acrobatics"],"picked":"PiercingWail","floor":13},{"not_picked":["Slice","Dagger Spray"],"picked":"Well Laid Plans","floor":14},{"not_picked":["Adrenaline","After Image"],"picked":"A Thousand Cuts","floor":16},{"not_picked":["Dagger Spray","Bane"],"picked":"Dagger Throw","floor":18},{"not_picked":["Blade Dance","Bane"],"picked":"Reflex+1","floor":19},{"not_picked":["Slice","Tactician"],"picked":"Acrobatics","floor":20},{"not_picked":["Outmaneuver","Predator"],"picked":"Malaise","floor":24},{"not_picked":["Concentrate+1","Leg Sweep"],"picked":"Infinite Blades","floor":29},{"not_picked":["Deadly Poison","Dagger Throw"],"picked":"Caltrops","floor":30},{"not_picked":["Flechettes","Deadly Poison"],"picked":"Backflip","floor":31},{"not_picked":["Venomology","Phantasmal Killer"],"picked":"Adrenaline","floor":33},{"not_picked":["Leg Sweep","Outmaneuver"],"picked":"Calculated Gamble","floor":35},{"not_picked":["Backflip","Heel Hook"],"picked":"Footwork+1","floor":36},{"not_picked":["Panacea","Chrysalis"],"picked":"Thinking Ahead","floor":37},{"not_picked":["Eviscerate+1","Blade Dance"],"picked":"PiercingWail","floor":39}],"player_experience":1182951,"relics_obtained":[{"floor":6,"key":"Tough Bandages"},{"floor":8,"key":"Anchor"},{"floor":9,"key":"Mercury Hourglass"},{"floor":14,"key":"Omamori"},{"floor":24,"key":"Orichalcum"},{"floor":26,"key":"Mango"},{"floor":28,"key":"Blood Vial"},{"floor":30,"key":"Shuriken"}],"event_choices":[{"damage_healed":0,"gold_gain":0,"player_choice":"Grow","damage_taken":0,"max_hp_gain":0,"max_hp_loss":0,"event_name":"Living Wall","floor":3,"gold_loss":0,"cards_upgraded":["Neutralize"]},{"damage_healed":0,"gold_gain":0,"player_choice":"Entered Light","damage_taken":20,"max_hp_gain":0,"max_hp_loss":0,"event_name":"Shining Light","floor":4,"gold_loss":0,"cards_upgraded":["Defend_G","Strike_G"]},{"damage_healed":0,"gold_gain":0,"player_choice":"Donut","damage_taken":0,"max_hp_gain":5,"max_hp_loss":0,"event_name":"Big Fish","floor":5,"gold_loss":0},{"damage_healed":0,"gold_gain":0,"player_choice":"Stole Relic","damage_taken":0,"relics_obtained":["Centennial Puzzle"],"max_hp_gain":0,"max_hp_loss":0,"event_name":"Addict","floor":22,"gold_loss":0,"cards_obtained":["Shame"]},{"damage_healed":0,"gold_gain":275,"player_choice":"Desecrate","damage_taken":0,"max_hp_gain":0,"max_hp_loss":0,"event_name":"Golden Shrine","floor":27,"gold_loss":0,"cards_obtained":["Regret"]},{"damage_healed":0,"gold_gain":0,"player_choice":"Memory 1","damage_taken":0,"max_hp_gain":0,"max_hp_loss":0,"event_name":"SensoryStone","floor":37,"gold_loss":0}],"is_beta":false,"boss_relics":[{"not_picked":["Runic Dome","Black Star"],"picked":"HoveringKite"},{"not_picked":["Snecko Eye","Velvet Choker"],"picked":"Ring of the Serpent"}],"items_purged_floors":[38],"is_endless":false,"potions_floor_spawned":[1,8,13,16,18,24,28,29,33,36],"killed_by":"Giant Head","ascension_level":20}