{"gold_per_floor":[111,36,36,10,10,10,10,10,37,37,58,99,124,138,138,258,258,279,30,43,59,59,59,77,23,23,58,58,73,94,94,94,225,225,243,261,1260,1260,519,519],"floor_reached":40,"playtime":2733,"items_purged":["Normality"],"score":696,"play_id":"00f29730-af49-482e-aa71-3b82dd7b152c","local_time":"20190706121038","is_ascension_mode":true,"campfire_choices":[{"floor":6.0,"key":"REST"},{"floor":8.0,"key":"REST"},{"floor":10.0,"key":"REST"},{"floor":15.0,"key":"REST"},{"floor":23.0,"key":"REST"},{"floor":28.0,"key":"REST"},{"floor":32.0,"key":"REST"}],"neow_cost":"NONE","seed_source_timestamp":1959952538652972,"circlet_count":0,"master_deck":["AscendersBane","Strike_G","Strike_G","Strike_G","Strike_G","Strike_G","Defend_G","Defend_G","Defend_G","Defend_G","Defend_G","Survivor","Neutralize","Tactician+1","Acrobatics","A Thousand Cuts","Flying Knee","Underhanded Strike","Calculated Gamble","Acrobatics","Prepared","Tools of the Trade","Backflip","Predator","Transmutation","Caltrops","Expertise","Quick Slash","Dagger Throw","Acrobatics","Burst","Burst","Flying Knee","Backstab","Normality","Backflip","Prepared","Predator"],"special_seed":0,"relics":["Ring of the Snake","Golden Idol","Tingsha","Smiling Mask","Art of War","HoveringKite","Mercury Hourglass","Ninja Scroll","White Beast Statue","Paper Crane","Frozen Eye"],"potions_floor_usage":[33,33,36,36,40],"damage_taken":[{"damage":4.0,"enemies":"Small Slimes","floor":1.0,"turns":4.0},{"damage":6.0,"enemies":"2 Louse","floor":11.0,"turns":4.0},{"damage":30.0,"enemies":"Lagavulin","floor":12.0,"turns":5.0},{"damage":0.0,"enemies":"Jaw Worm","floor":13.0,"turns":1.0},{"damage":0.0,"enemies":"2 Fungi Beasts","floor":14.0,"turns":4.0},{"damage":41.0,"enemies":"The Guardian","floor":16.0,"turns":10.0},{"damage":1.0,"enemies":"Chosen","floor":18.0,"turns":4.0},{"damage":25.0,"enemies":"Spheric Guardian","floor":20.0,"turns":4.0},{"damage":22.0,"enemies":"Chosen and Byrds","floor":21.0,"turns":5.0},{"damage":6.0,"enemies":"Centurion and Healer","floor":24.0,"turns":5.0},{"damage":36.0,"enemies":"Slavers","floor":27.0,"turns":4.0},{"damage":5.0,"enemies":"Snecko","floor":29.0,"turns":3.0},{"damage":12.0,"enemies":"3 Cultists","floor":30.0,"turns":4.0},{"damage":25,"enemies":"Automaton","floor":33,"turns":8},{"damage":4,"enemies":"3 Shapes","floor":35,"turns":6},{"damage":33,"enemies":"3 Darklings","floor":36,"turns":6},{"damage":47,"enemies":"Giant Head","floor":40,"turns":5}],"seed_played":"7959799486579530449","potions_obtained":[{"floor":11.0,"key":"FearPotion"},{"floor":14.0,"key":"Strength Potion"},{"floor":20.0,"key":"GamblersBrew"},{"floor":27.0,"key":"GhostInAJar"},{"floor":30.0,"key":"SteroidPotion"},{"floor":33,"key":"Fire Potion"},{"floor":35,"key":"Explosive Potion"},{"floor":36,"key":"PowerPotion"}],"is_trial":false,"path_per_floor":["M","$","?","$","?","R","?","R","T","R","M","E","M","M","R","B",null,"M","$","M","M","?","R","M","$","T","E","R","M","M","?","R","B",null,"M","M","?","?","$","E"],"character_chosen":"THE_SILENT","items_purchased":["A Thousand Cuts","Flying Knee","Predator","Transmutation","Quick Slash","Backflip","Prepared","Paper Crane","Frozen Eye","Fire Potion","Predator"],"campfire_rested":7,"item_purchase_floors":[2,4,19,19,25,39,39,39,39,39,39],"current_hp_per_floor":[59,59,59,59,42,63,21,42,42,63,57,27,27,27,48,7,54,53,53,28,6,29,50,44,44,44,8,29,24,12,12,33,8,55,51,18,18,18,18,0],"gold":519,"neow_bonus":"THREE_CARDS","is_prod":false,"is_daily":false,"chose_seed":false,"campfire_upgraded":0,"win_rate":0,"timestamp":1562404238,"path_taken":["M","$","?","$","?","R","?","R","T","R","M","E","M","M","R","BOSS","M","$","M","M","?","R","M","$","T","E","R","M","M","?","R","BOSS","M","M","?","?","$","E"],"build_version":"2019-07-05","purchased_purges":1,"victory":false,"max_hp_per_floor":[70,70,70,70,70,70,70,70,70,70,70,70,70,70,70,70,70,70,70,70,70,70,70,70,70,70,70,70,70,70,70,70,70,70,70,70,70,70,70,70],"card_choices":[{"not_picked":["Blade Dance","Deflect"],"picked":"Tactician","floor":0.0},{"not_picked":["Crippling Poison","Dagger Spray"],"picked":"Acrobatics","floor":1.0},{"not_picked":["Prepared","Sucker Punch"],"picked":"Underhanded Strike","floor":11.0},{"not_picked":["PiercingWail","Deflect"],"picked":"Calculated Gamble","floor":12.0},{"not_picked":["Prepared","Deadly Poison"],"picked":"Acrobatics","floor":13.0},{"not_picked":["Backflip","Deflect"],"picked":"Prepared","floor":14.0},{"not_picked":["After Image","Venomology"],"picked":"Tools of the Trade","floor":16.0},{"not_picked":["Terror","Setup"],"picked":"Backflip","floor":18.0},{"not_picked":["Deadly Poison","Bouncing Flask"],"picked":"Caltrops","floor":20.0},{"not_picked":["Sucker Punch+1","Outmaneuver","Flechettes"],"picked":"SKIP","floor":21.0},{"not_picked":["Deflect","Well Laid Plans"],"picked":"Expertise","floor":24.0},{"not_picked":["Poisoned Stab","Bane"],"picked":"Dagger Throw","floor":27.0},{"not_picked":["Dagger Spray","Poisoned Stab"],"picked":"Acrobatics","floor":29.0},{"not_picked":["Eviscerate","PiercingWail"],"picked":"Burst","floor":30.0},{"not_picked":["Tools of the Trade","Die Die Die"],"picked":"Burst","floor":33},{"not_picked":["Bane+1","Slice"],"picked":"Flying Knee","floor":35},{"not_picked":["Heel Hook","Skewer"],"picked":"Backstab","floor":36}],"player_experience":1598752,"relics_obtained":[{"floor":9.0,"key":"Smiling Mask"},{"floor":12.0,"key":"Art of War"},{"floor":26.0,"key":"Mercury Hourglass"},{"floor":27.0,"key":"Ninja Scroll"}],"event_choices":[{"damage_healed":0.0,"max_hp_gain":0.0,"max_hp_loss":0.0,"gold_gain":0.0,"event_name":"Living Wall","player_choice":"Grow","floor":3.0,"gold_loss":0.0,"damage_taken":0.0,"cards_upgraded":["Tactician"]},{"damage_healed":0.0,"max_hp_gain":0.0,"max_hp_loss":0.0,"gold_gain":0.0,"event_name":"Golden Idol","player_choice":"Take Damage","floor":5.0,"gold_loss":0.0,"damage_taken":17.0,"relics_obtained":["Golden Idol"]},{"damage_healed":0.0,"max_hp_gain":0.0,"max_hp_loss":0.0,"gold_gain":0.0,"event_name":"Scrap Ooze","player_choice":"Success","floor":7.0,"gold_loss":0.0,"damage_taken":42.0,"relics_obtained":["Tingsha"]},{"damage_healed":23.0,"max_hp_gain":0.0,"max_hp_loss":0.0,"gold_gain":0.0,"event_name":"The Library","player_choice":"Heal","floor":22.0,"gold_loss":0.0,"damage_taken":0.0},{"damage_healed":0.0,"max_hp_gain":0.0,"max_hp_loss":0.0,"gold_gain":0.0,"event_name":"Vampires","player_choice":"Ignored","floor":31.0,"gold_loss":0.0,"damage_taken":0.0},{"damage_healed":0,"gold_gain":999,"player_choice":"Gold","damage_taken":0,"max_hp_gain":0,"max_hp_loss":0,"event_name":"MindBloom","floor":37,"gold_loss":0,"cards_obtained":["Normality","Normality"]},{"damage_healed":0,"gold_gain":0,"player_choice":"Ignored","damage_taken":0,"max_hp_gain":0,"max_hp_loss":0,"event_name":"Mysterious Sphere","floor":38,"gold_loss":0}],"is_beta":false,"boss_relics":[{"not_picked":["Ectoplasm","Fusion Hammer"],"picked":"HoveringKite"},{"not_picked":["Coffee Dripper","Philosopher\u0027s Stone"],"picked":"White Beast Statue"}],"items_purged_floors":[39],"is_endless":false,"potions_floor_spawned":[11,14,20,27,30,33,35,36],"killed_by":"Giant Head","ascension_level":12}