{"gold_per_floor":[20,20,70,81,92,92,125,125,125,155,155,165,185,210,210,288,288,300,317,205,130,130,130,154,154,154,154,154,18,18,18,18,94,144,154,167,1166,701,716,716],"floor_reached":40,"playtime":1396,"items_purged":["Strike_B","Strike_B","Normality"],"score":871,"play_id":"046944ae-5bca-4dbe-a55b-bb114b9c00b4","local_time":"20190626175141","is_ascension_mode":true,"campfire_choices":[{"data":"Hyperbeam","floor":6.0,"key":"SMITH"},{"floor":8.0,"key":"DIG"},{"floor":11.0,"key":"DIG"},{"floor":15.0,"key":"DIG"},{"floor":23.0,"key":"DIG"},{"floor":25.0,"key":"REST"},{"data":"Zap","floor":30.0,"key":"SMITH"},{"data":"Loop","floor":32.0,"key":"SMITH"}],"neow_cost":"NO_GOLD","seed_source_timestamp":359714883166600,"circlet_count":0,"master_deck":["AscendersBane","Defend_B","Zap+1","Dualcast","Thunder Strike","Hyperbeam+1","Cold Snap","Rip and Tear","Turbo","Glacier+1","Hologram","Loop+1","Biased Cognition","Hologram","Double Energy","Recycle","Echo Form","Self Repair","Seek","Loop","Coolheaded","Coolheaded","Normality","Undo+1"],"special_seed":0,"relics":["Cracked Core","Shovel","Question Card","Juzu Bracelet","Art of War","Odd Mushroom","Kunai","WingedGreaves","Inserter","Strawberry","Regal Pillow","Gremlin Horn","Tiny House","Pocketwatch"],"potions_floor_usage":[40],"damage_taken":[{"damage":2.0,"enemies":"Jaw Worm","floor":1.0,"turns":3.0},{"damage":0.0,"enemies":"Cultist","floor":4.0,"turns":2.0},{"damage":0.0,"enemies":"2 Louse","floor":5.0,"turns":1.0},{"damage":11.0,"enemies":"Gremlin Nob","floor":7.0,"turns":3.0},{"damage":4.0,"enemies":"3 Sentries","floor":10.0,"turns":3.0},{"damage":6.0,"enemies":"Exordium Thugs","floor":12.0,"turns":3.0},{"damage":5.0,"enemies":"The Mushroom Lair","floor":13.0,"turns":3.0},{"damage":0.0,"enemies":"Gremlin Nob","floor":14.0,"turns":2.0},{"damage":31.0,"enemies":"Slime Boss","floor":16.0,"turns":9.0},{"damage":20.0,"enemies":"2 Thieves","floor":18.0,"turns":4.0},{"damage":7.0,"enemies":"3 Byrds","floor":19.0,"turns":4.0},{"damage":14.0,"enemies":"Automaton","floor":33.0,"turns":12.0},{"damage":0.0,"enemies":"Orb Walker","floor":35.0,"turns":7.0},{"damage":16.0,"enemies":"3 Shapes","floor":36.0,"turns":3.0},{"damage":27.0,"enemies":"Sphere and 2 Shapes","floor":39.0,"turns":3.0},{"damage":11,"enemies":"Giant Head","floor":40,"turns":8}],"seed_played":"-5712010330994022839","potions_obtained":[{"floor":1.0,"key":"Ancient Potion"},{"floor":4.0,"key":"SteroidPotion"},{"floor":18.0,"key":"SteroidPotion"},{"floor":33.0,"key":"Block Potion"},{"floor":34.0,"key":"Energy Potion"},{"floor":36.0,"key":"PowerPotion"}],"is_trial":false,"path_per_floor":["M","$","?","M","M","R","E","R","T","E","R","M","?","E","R","B",null,"M","M","$","?","?","R","T","R","T","?","?","$","R","?","R","B",null,"M","M","?","$","M","E"],"character_chosen":"DEFECT","items_purchased":["Recycle","Self Repair","Pocketwatch"],"campfire_rested":1,"item_purchase_floors":[20,29,38],"current_hp_per_floor":[62,62,62,62,62,62,51,51,51,47,47,41,36,36,36,5,55,35,28,28,28,28,35,35,73,73,73,51,51,51,51,51,51,80,88,79,79,79,59,48],"gold":716,"neow_bonus":"TRANSFORM_TWO_CARDS","is_prod":false,"is_daily":false,"chose_seed":false,"campfire_upgraded":3,"win_rate":0,"timestamp":1561539101,"path_taken":["M","$","?","M","M","R","E","R","T","E","R","M","?","E","R","BOSS","M","M","$","?","?","R","?","R","T","?","?","?","R","?","R","BOSS","M","M","?","$","M","E"],"build_version":"2019-01-23","purchased_purges":3,"victory":false,"max_hp_per_floor":[71,71,71,71,71,71,71,71,71,71,71,71,71,71,71,71,71,71,71,71,71,71,78,78,78,78,78,83,83,83,83,83,83,88,88,88,88,88,88,88],"card_choices":[{"not_picked":["Doom and Gloom","Undo"],"picked":"Cold Snap","floor":1.0},{"not_picked":["Lockon","Sweeping Beam"],"picked":"Rip and Tear","floor":4.0},{"not_picked":["Darkness","Streamline"],"picked":"Turbo","floor":5.0},{"not_picked":["Static Discharge","Cold Snap"],"picked":"Glacier","floor":7.0},{"not_picked":["Darkness","Beam Cell","Force Field","Streamline"],"picked":"SKIP","floor":10.0},{"not_picked":["Ball Lightning","Streamline","Coolheaded"],"picked":"Hologram","floor":12.0},{"not_picked":["Reprogram","Gash","Ball Lightning"],"picked":"Loop","floor":13.0},{"not_picked":["Go for the Eyes","Aggregate","Beam Cell","Hologram"],"picked":"SKIP","floor":14.0},{"not_picked":["Machine Learning","Seek","Meteor Strike"],"picked":"Biased Cognition","floor":16.0},{"not_picked":["Conserve Battery","Turbo","Reprogram"],"picked":"Hologram","floor":18.0},{"not_picked":["Cold Snap","Compile Driver","Hologram"],"picked":"Double Energy","floor":19.0},{"not_picked":["All For One","Buffer","Meteor Strike"],"picked":"Seek","floor":33.0},{"not_picked":["Hello World","Stack","Streamline"],"picked":"Loop","floor":34.0},{"not_picked":["Force Field+1","Stack","Barrage"],"picked":"Coolheaded","floor":35.0},{"not_picked":["Storm","Cold Snap+1","Gash+1"],"picked":"Coolheaded","floor":36.0},{"not_picked":["Conserve Battery+1","Rip and Tear+1","Streamline+1"],"picked":"Undo+1","floor":39.0}],"player_experience":812611,"relics_obtained":[{"floor":7.0,"key":"Shovel"},{"floor":8.0,"key":"Question Card"},{"floor":10.0,"key":"Juzu Bracelet"},{"floor":11.0,"key":"Art of War"},{"floor":13.0,"key":"Odd Mushroom"},{"floor":14.0,"key":"Kunai"},{"floor":15.0,"key":"WingedGreaves"},{"floor":23.0,"key":"Strawberry"},{"floor":24.0,"key":"Regal Pillow"},{"floor":26.0,"key":"Gremlin Horn"}],"event_choices":[{"damage_healed":0.0,"max_hp_gain":0.0,"max_hp_loss":0.0,"gold_gain":50.0,"event_name":"Golden Shrine","player_choice":"Pray","floor":3.0,"gold_loss":0.0,"damage_taken":0.0},{"damage_healed":0.0,"max_hp_gain":0.0,"max_hp_loss":0.0,"gold_gain":0.0,"event_name":"Mushrooms","player_choice":"Fought Mushrooms","floor":13.0,"gold_loss":0.0,"damage_taken":0.0},{"damage_healed":0.0,"max_hp_gain":0.0,"max_hp_loss":0.0,"gold_gain":0.0,"cards_transformed":["Strike_B","Defend_B"],"event_name":"Designer","player_choice":"Transformed Cards","floor":21.0,"gold_loss":75.0,"damage_taken":0.0,"cards_obtained":["Echo Form","Aggregate"]},{"cards_removed":["Aggregate"],"damage_healed":0.0,"max_hp_gain":0.0,"max_hp_loss":0.0,"gold_gain":0.0,"event_name":"Purifier","player_choice":"Purged","floor":22.0,"gold_loss":0.0,"damage_taken":0.0},{"cards_removed":["Defend_B"],"damage_healed":0.0,"max_hp_gain":0.0,"max_hp_loss":0.0,"gold_gain":0.0,"event_name":"Back to Basics","player_choice":"Elegance","floor":27.0,"gold_loss":0.0,"damage_taken":0.0},{"damage_healed":0.0,"max_hp_gain":5.0,"max_hp_loss":0.0,"gold_gain":0.0,"event_name":"Forgotten Altar","player_choice":"Shed Blood","floor":28.0,"gold_loss":0.0,"damage_taken":27.0},{"damage_healed":0.0,"max_hp_gain":0.0,"max_hp_loss":0.0,"gold_gain":0.0,"event_name":"N\u0027loth","player_choice":"Ignored","floor":31.0,"gold_loss":0.0,"damage_taken":0.0},{"damage_healed":0.0,"max_hp_gain":0.0,"max_hp_loss":0.0,"gold_gain":999.0,"event_name":"MindBloom","player_choice":"Gold","floor":37.0,"gold_loss":0.0,"damage_taken":0.0,"cards_obtained":["Normality","Normality"]}],"is_beta":false,"boss_relics":[{"not_picked":["Coffee Dripper","FrozenCore"],"picked":"Inserter"},{"not_picked":["Calling Bell","Velvet Choker"],"picked":"Tiny House"}],"items_purged_floors":[20,29,38],"is_endless":false,"potions_floor_spawned":[1,4,5,18,33,36],"killed_by":"Giant Head","ascension_level":20}