{"gold_per_floor":[219,219,369,34,34,34,69,69,69,69,69,69],"floor_reached":12,"playtime":229,"items_purged":["Doubt"],"score":144,"play_id":"66778173-c18a-4dfc-872b-270ab2278d9b","local_time":"20190701173044","is_ascension_mode":true,"campfire_choices":[{"data":"Darkness","floor":6,"key":"SMITH"},{"data":"Creative AI","floor":8,"key":"SMITH"},{"data":"Zap","floor":10,"key":"SMITH"}],"neow_cost":"NONE","seed_source_timestamp":205590265164500,"circlet_count":0,"master_deck":["AscendersBane","Strike_B","Strike_B","Strike_B","Defend_B","Defend_B","Defend_B","Defend_B","Zap+1","Dualcast","Turbo","Darkness+1","Creative AI+1","Amplify"],"relics":["Cracked Core","Golden Idol","Vajra","Matryoshka"],"potions_floor_usage":[],"damage_taken":[{"damage":2,"enemies":"Jaw Worm","floor":1,"turns":3},{"damage":30,"enemies":"Lagavulin","floor":7,"turns":7},{"damage":8,"enemies":"Gremlin Nob","floor":12,"turns":3}],"seed_played":"2376734083385550482","potions_obtained":[{"floor":7,"key":"FearPotion"}],"is_trial":false,"path_per_floor":["M","?","?","$","?","R","E","R","T","R","?","E"],"character_chosen":"DEFECT","items_purchased":["Darkness","Creative AI"],"campfire_rested":0,"item_purchase_floors":[4,4],"current_hp_per_floor":[62,62,62,62,62,62,32,32,32,32,25,17],"gold":69,"neow_bonus":"HUNDRED_GOLD","is_prod":false,"is_daily":false,"chose_seed":false,"campfire_upgraded":3,"win_rate":0,"timestamp":1561969844,"path_taken":["M","?","?","$","?","R","E","R","T","R","?","E"],"build_version":"2019-01-23","purchased_purges":1,"victory":false,"max_hp_per_floor":[71,64,64,64,64,64,64,64,64,64,64,64],"card_choices":[{"not_picked":["Hologram","Storm"],"picked":"Turbo","floor":1},{"not_picked":["Chaos","Turbo"],"picked":"Amplify","floor":7}],"player_experience":889572,"relics_obtained":[{"floor":7,"key":"Vajra"},{"floor":9,"key":"Matryoshka"}],"event_choices":[{"damage_healed":0,"gold_gain":0,"player_choice":"Lose Max HP","damage_taken":0,"relics_obtained":["Golden Idol"],"max_hp_gain":0,"max_hp_loss":7,"event_name":"Golden Idol","floor":2,"gold_loss":0},{"damage_healed":0,"gold_gain":150,"player_choice":"AGREE","damage_taken":0,"max_hp_gain":0,"max_hp_loss":0,"event_name":"Liars Game","floor":3,"gold_loss":0,"cards_obtained":["Doubt"]},{"damage_healed":0,"gold_gain":0,"player_choice":"Leave","damage_taken":0,"max_hp_gain":0,"max_hp_loss":0,"event_name":"The Cleric","floor":5,"gold_loss":0},{"cards_removed":["Strike_B"],"damage_healed":0,"gold_gain":0,"player_choice":"Card Removal","damage_taken":7,"max_hp_gain":0,"max_hp_loss":0,"event_name":"Golden Wing","floor":11,"gold_loss":0}],"is_beta":false,"boss_relics":[],"items_purged_floors":[4],"is_endless":false,"potions_floor_spawned":[7],"killed_by":"Gremlin Nob","ascension_level":20}