{"gold_per_floor":[118,393,406,417,417,417,444,444,444,444,462,462,16,42,42,137,137,122,2,2,2,2,2,21,49,49,11,11,11,24,24],"floor_reached":31,"playtime":1033,"items_purged":["Regret","Regret"],"score":386,"play_id":"e1cbfeb2-5468-4c6d-8c9d-f1fa1ca4fc85","local_time":"20190626114858","is_ascension_mode":true,"campfire_choices":[{"data":"Poisoned Stab","floor":6.0,"key":"SMITH"},{"floor":8.0,"key":"REST"},{"floor":15.0,"key":"REST"},{"floor":23,"key":"REST"}],"neow_cost":"NONE","seed_source_timestamp":1097601826339142,"circlet_count":0,"master_deck":["AscendersBane","Defend_G","Defend_G","Defend_G","Defend_G","Defend_G","Strike_G","Strike_G","Strike_G","Strike_G","Strike_G","Survivor","Neutralize","Poisoned Stab","Masterful Stab","Poisoned Stab+1","Escape Plan","Catalyst","Bouncing Flask","Discovery","Caltrops","Metamorphosis","Envenom","Parasite","Backstab","Dagger Spray+1","Poisoned Stab"],"special_seed":0,"relics":["Ring of the Snake","NeowsBlessing","Blue Candle","Singing Bowl","The Courier","PreservedInsect","Lantern","Calling Bell","Anchor","Kunai","FossilizedHelix","MutagenicStrength","Tough Bandages","Gremlin Horn"],"potions_floor_usage":[18,24,31],"damage_taken":[{"damage":0.0,"enemies":"2 Louse","floor":1.0,"turns":1.0},{"damage":0.0,"enemies":"Cultist","floor":3.0,"turns":1.0},{"damage":0.0,"enemies":"Jaw Worm","floor":4.0,"turns":1.0},{"damage":29.0,"enemies":"Gremlin Nob","floor":7.0,"turns":4.0},{"damage":7.0,"enemies":"Exordium Wildlife","floor":11.0,"turns":4.0},{"damage":14.0,"enemies":"The Guardian","floor":16.0,"turns":8.0},{"damage":23,"enemies":"2 Thieves","floor":18,"turns":4},{"damage":0,"enemies":"3 Byrds","floor":24,"turns":4},{"damage":32,"enemies":"Gremlin Leader","floor":25,"turns":6},{"damage":33,"enemies":"Shelled Parasite and Fungi","floor":30,"turns":5},{"damage":5,"enemies":"Centurion and Healer","floor":31,"turns":4}],"seed_played":"-5258202630060596727","potions_obtained":[{"floor":3.0,"key":"GamblersBrew"},{"floor":4.0,"key":"Ancient Potion"},{"floor":25,"key":"EssenceOfSteel"}],"is_trial":false,"path_per_floor":["M","?","M","M","?","R","E","R","T","T","M","?","$","T","R","B",null,"M","$","?","$","?","R","M","E","T","$","?","?","M","M"],"character_chosen":"THE_SILENT","items_purchased":["Catalyst","Bouncing Flask","Discovery","Caltrops","Metamorphosis","AttackPotion","Poisoned Stab"],"campfire_rested":3,"item_purchase_floors":[13,13,13,13,13,19,27],"current_hp_per_floor":[63,63,63,63,63,63,34,55,55,55,50,50,50,50,71,57,68,45,45,45,45,45,66,66,36,36,36,36,36,5,0],"gold":24,"neow_bonus":"THREE_ENEMY_KILL","is_prod":false,"is_daily":false,"chose_seed":false,"campfire_upgraded":1,"win_rate":0,"timestamp":1561538938,"path_taken":["M","?","?","M","?","R","E","R","T","?","M","?","$","?","R","BOSS","M","$","?","$","?","R","M","E","T","$","?","?","M","?"],"build_version":"2019-01-23","purchased_purges":2,"victory":false,"max_hp_per_floor":[70,70,70,70,70,70,70,70,70,70,72,72,72,72,72,72,72,72,72,72,72,72,72,72,74,74,74,74,74,76,76],"card_choices":[{"not_picked":["Underhanded Strike","Slice"],"picked":"Poisoned Stab","floor":1.0},{"not_picked":["Terror","Blade Dance"],"picked":"Masterful Stab","floor":3.0},{"not_picked":["Quick Slash","Acrobatics"],"picked":"Poisoned Stab","floor":4.0},{"not_picked":["Finisher","Underhanded Strike"],"picked":"Escape Plan","floor":7.0},{"not_picked":["Dash","Acrobatics","Setup"],"picked":"Singing Bowl","floor":11.0},{"not_picked":["Unload","Malaise"],"picked":"Envenom","floor":16.0},{"not_picked":["Sucker Punch","Finisher+1"],"picked":"Backstab","floor":18},{"not_picked":["Underhanded Strike","Outmaneuver+1"],"picked":"Dagger Spray+1","floor":24},{"not_picked":["Flying Knee+1","Dodge and Roll","PiercingWail+1"],"picked":"Singing Bowl","floor":25},{"not_picked":["Dodge and Roll","Flechettes","Dash"],"picked":"Singing Bowl","floor":30}],"player_experience":1584395,"relics_obtained":[{"floor":7.0,"key":"Blue Candle"},{"floor":9.0,"key":"Singing Bowl"},{"floor":10.0,"key":"The Courier"},{"floor":14.0,"key":"Lantern"},{"floor":17.0,"key":"Anchor"},{"floor":17.0,"key":"Kunai"},{"floor":17.0,"key":"FossilizedHelix"},{"floor":25,"key":"Tough Bandages"},{"floor":26,"key":"Gremlin Horn"}],"event_choices":[{"damage_healed":0.0,"max_hp_gain":0.0,"max_hp_loss":0.0,"gold_gain":275.0,"event_name":"Golden Shrine","player_choice":"Desecrate","floor":2.0,"gold_loss":0.0,"damage_taken":0.0,"cards_obtained":["Regret"]},{"cards_removed":["Regret"],"damage_healed":0.0,"max_hp_gain":0.0,"max_hp_loss":0.0,"gold_gain":0.0,"event_name":"Living Wall","player_choice":"Forget","floor":5.0,"gold_loss":0.0,"damage_taken":0.0},{"damage_healed":0.0,"max_hp_gain":0.0,"max_hp_loss":0.0,"gold_gain":0.0,"event_name":"Big Fish","player_choice":"Box","floor":12.0,"gold_loss":0.0,"damage_taken":0.0,"relics_obtained":["PreservedInsect"],"cards_obtained":["Regret"]},{"damage_healed":0,"gold_gain":0,"player_choice":"Ignored","damage_taken":0,"max_hp_gain":0,"max_hp_loss":0,"event_name":"Beggar","floor":20,"gold_loss":0},{"damage_healed":0,"gold_gain":0,"player_choice":"Inject Mutagens","damage_taken":0,"relics_obtained":["MutagenicStrength"],"max_hp_gain":0,"max_hp_loss":0,"event_name":"Drug Dealer","floor":22,"gold_loss":0},{"damage_healed":0,"gold_gain":0,"player_choice":"Ignored","damage_taken":0,"max_hp_gain":0,"max_hp_loss":0,"event_name":"Ghosts","floor":28,"gold_loss":0},{"cards_removed":["Injury"],"damage_healed":0,"gold_gain":0,"player_choice":"Purged","damage_taken":0,"max_hp_gain":0,"max_hp_loss":0,"event_name":"Purifier","floor":29,"gold_loss":0}],"is_beta":false,"boss_relics":[{"not_picked":["Runic Pyramid","Coffee Dripper"],"picked":"Calling Bell"}],"items_purged_floors":[13,19],"is_endless":false,"potions_floor_spawned":[3,4,16,25,30],"killed_by":"Centurion and Healer","ascension_level":11}