{"gold_per_floor":[10,10,10,20,30,30,57,75,75,105,105,120,167,184,184,256,256,273,292,207,207,207,207,242,257,257,257,1,1,19,30,30,30],"floor_reached":33,"playtime":1763,"items_purged":[],"score":526,"play_id":"84f5d81a-a67c-4565-a15b-3b76d2e8fcad","local_time":"20190727153651","is_ascension_mode":true,"campfire_choices":[{"data":"Terror","floor":6.0,"key":"SMITH"},{"floor":11,"key":"REST"},{"data":"After Image","floor":15,"key":"SMITH"},{"floor":23,"key":"REST"},{"floor":27,"key":"REST"},{"floor":29,"key":"REST"},{"floor":32,"key":"REST"}],"neow_cost":"NO_GOLD","seed_source_timestamp":0,"circlet_count":0,"master_deck":["AscendersBane","Strike_G","Strike_G","Strike_G","Strike_G","Strike_G","Defend_G","Defend_G","Defend_G","Defend_G","Defend_G","Survivor","Neutralize","Prepared","Deadly Poison","Die Die Die","Flying Knee","Terror+1","After Image+1","Poisoned Stab","Dagger Throw","Prepared","Reflex","A Thousand Cuts","Deadly Poison+1","Underhanded Strike","Underhanded Strike","Tactician","Panache","Underhanded Strike","Dagger Throw","After Image"],"special_seed":0,"relics":["Ring of the Snake","Thread and Needle","Lantern","Mummified Hand","Calipers","Happy Flower","Fusion Hammer","StoneCalendar","Strawberry","Kunai"],"potions_floor_usage":[12,14,16,18,24,30,31,33],"damage_taken":[{"damage":0.0,"enemies":"Small Slimes","floor":1.0,"turns":5.0},{"damage":0.0,"enemies":"Cultist","floor":4.0,"turns":4.0},{"damage":0.0,"enemies":"2 Louse","floor":5.0,"turns":3.0},{"damage":13.0,"enemies":"Lagavulin","floor":7.0,"turns":5.0},{"damage":0,"enemies":"2 Fungi Beasts","floor":8,"turns":3},{"damage":3,"enemies":"3 Sentries","floor":10,"turns":6},{"damage":8,"enemies":"Exordium Thugs","floor":12,"turns":3},{"damage":0,"enemies":"3 Louse","floor":14,"turns":3},{"damage":37,"enemies":"Slime Boss","floor":16,"turns":13},{"damage":8,"enemies":"Spheric Guardian","floor":18,"turns":5},{"damage":0,"enemies":"Chosen","floor":19,"turns":4},{"damage":56,"enemies":"Book of Stabbing","floor":24,"turns":6},{"damage":15,"enemies":"Snake Plant","floor":25,"turns":4},{"damage":25,"enemies":"Cultist and Chosen","floor":30,"turns":7},{"damage":0,"enemies":"Centurion and Healer","floor":31,"turns":5},{"damage":61,"enemies":"Collector","floor":33,"turns":6}],"seed_played":"-2462088109888601604","potions_obtained":[{"floor":1.0,"key":"Fire Potion"},{"floor":4.0,"key":"Ancient Potion"},{"floor":10,"key":"SkillPotion"},{"floor":12,"key":"Regen Potion"},{"floor":14,"key":"Explosive Potion"},{"floor":18,"key":"Dexterity Potion"},{"floor":25,"key":"PowerPotion"},{"floor":30,"key":"Regen Potion"},{"floor":31,"key":"Explosive Potion"}],"is_trial":false,"path_per_floor":["M","?","$","M","M","R","E","M","T","E","R","M","T","M","R","B",null,"M","M","?","?","?","R","E","M","T","R","$","R","M","M","R","B"],"character_chosen":"THE_SILENT","items_purchased":["Panache","Underhanded Strike"],"campfire_rested":5,"item_purchase_floors":[28,28],"current_hp_per_floor":[59,59,59,59,59,59,46,46,46,43,62,54,54,66,66,29,57,49,49,49,49,49,66,17,2,2,23,23,44,19,34,55,0],"gold":30,"neow_bonus":"ONE_RARE_RELIC","is_prod":false,"is_daily":false,"chose_seed":false,"campfire_upgraded":2,"win_rate":0,"timestamp":1564231011,"path_taken":["M","?","?","M","M","R","E","M","T","E","R","?","?","M","R","BOSS","M","M","?","?","?","R","E","M","T","R","$","R","?","M","R","BOSS"],"build_version":"2019-07-17","purchased_purges":0,"victory":false,"max_hp_per_floor":[66,66,66,66,66,66,66,66,66,66,66,66,66,66,66,66,66,66,66,66,66,66,66,73,73,73,73,73,73,73,73,73,73],"card_choices":[{"not_picked":["Quick Slash","Dodge and Roll"],"picked":"Prepared","floor":1.0},{"not_picked":["Outmaneuver","Backflip"],"picked":"Flying Knee","floor":4.0},{"not_picked":["Backflip","Blur"],"picked":"Terror","floor":5.0},{"not_picked":["Prepared","Deadly Poison"],"picked":"After Image","floor":7.0},{"not_picked":["PiercingWail","Dodge and Roll"],"picked":"Poisoned Stab","floor":8},{"not_picked":["Deflect","Expertise"],"picked":"Dagger Throw","floor":10},{"not_picked":["Setup","Deadly Poison"],"picked":"Prepared","floor":12},{"not_picked":["Flechettes","Acrobatics"],"picked":"Reflex","floor":14},{"not_picked":["Phantasmal Killer","Doppelganger"],"picked":"A Thousand Cuts","floor":16},{"not_picked":["Cloak And Dagger","Dagger Spray"],"picked":"Deadly Poison+1","floor":18},{"not_picked":["Bane","Acrobatics"],"picked":"Underhanded Strike","floor":19},{"not_picked":["Poisoned Stab","Sucker Punch"],"picked":"Underhanded Strike","floor":24},{"not_picked":["Choke","Blur"],"picked":"Tactician","floor":25},{"not_picked":["Quick Slash+1","Flying Knee"],"picked":"Dagger Throw","floor":30},{"not_picked":["Deflect","Skewer"],"picked":"After Image","floor":31}],"player_experience":1665727,"relics_obtained":[{"floor":7.0,"key":"Lantern"},{"floor":9,"key":"Mummified Hand"},{"floor":10,"key":"Calipers"},{"floor":13,"key":"Happy Flower"},{"floor":24,"key":"Strawberry"},{"floor":26,"key":"Kunai"}],"event_choices":[{"damage_healed":0.0,"max_hp_gain":0.0,"max_hp_loss":0.0,"gold_gain":0.0,"event_name":"Match and Keep!","player_choice":"2 cards matched","floor":2.0,"gold_loss":0.0,"damage_taken":0.0,"cards_obtained":["Deadly Poison","Die Die Die"]},{"damage_healed":0,"gold_gain":0,"player_choice":"Obtained Relic","damage_taken":0,"relics_obtained":["StoneCalendar"],"max_hp_gain":0,"max_hp_loss":0,"event_name":"Addict","floor":20,"gold_loss":85},{"damage_healed":0,"gold_gain":0,"player_choice":"Ignored","damage_taken":0,"max_hp_gain":0,"max_hp_loss":0,"event_name":"Ghosts","floor":21,"gold_loss":0},{"damage_healed":0,"gold_gain":0,"player_choice":"Ignored","damage_taken":0,"max_hp_gain":0,"max_hp_loss":0,"event_name":"Vampires","floor":22,"gold_loss":0}],"is_beta":false,"boss_relics":[{"not_picked":["Runic Dome","Astrolabe"],"picked":"Fusion Hammer"}],"items_purged_floors":[],"is_endless":false,"potions_floor_spawned":[1,4,10,12,14,18,25,30,31],"killed_by":"Collector","ascension_level":18}