{"gold_per_floor":[119,194,101,118,118,118,161,186,186,211,211],"floor_reached":11,"playtime":356,"items_purged":[],"score":146,"play_id":"fdbeadcb-f35e-49f7-ac82-d0c545d34809","local_time":"20190724175134","is_ascension_mode":true,"campfire_choices":[{"data":"Loop","floor":6,"key":"SMITH"}],"neow_cost":"NONE","seed_source_timestamp":440800127401300,"circlet_count":0,"master_deck":["AscendersBane","Strike_B","Strike_B","Strike_B","Strike_B","Defend_B","Defend_B","Defend_B","Defend_B","Zap","Dualcast","Seek","Cold Snap","Loop+1","Capacitor","Consume","Static Discharge"],"relics":["Cracked Core","Darkstone Periapt","Golden Idol","Mercury Hourglass","Meat on the Bone"],"potions_floor_usage":[],"damage_taken":[{"damage":2,"enemies":"Jaw Worm","floor":1,"turns":3},{"damage":2,"enemies":"Small Slimes","floor":4,"turns":3},{"damage":34,"enemies":"3 Sentries","floor":7,"turns":21},{"damage":0,"enemies":"Cultist","floor":8,"turns":3},{"damage":11,"enemies":"Large Slime","floor":10,"turns":4},{"damage":23,"enemies":"Gremlin Nob","floor":11,"turns":3}],"seed_played":"-4451342353389512363","potions_obtained":[],"is_trial":false,"path_per_floor":["M","?","?","M","?","R","E","M","T","M","E"],"character_chosen":"DEFECT","items_purchased":[],"campfire_rested":0,"item_purchase_floors":[],"current_hp_per_floor":[62,51,51,49,49,49,15,15,15,16,0],"gold":211,"neow_bonus":"ONE_RANDOM_RARE_CARD","is_prod":false,"is_daily":false,"chose_seed":false,"campfire_upgraded":1,"win_rate":0,"timestamp":1563958294,"path_taken":["M","?","?","?","?","R","E","M","T","M","E"],"build_version":"2019-07-17","purchased_purges":0,"victory":false,"max_hp_per_floor":[71,71,71,71,64,64,64,64,64,64,64],"card_choices":[{"not_picked":["Redo","Compile Driver"],"picked":"Cold Snap","floor":1},{"not_picked":["Leap","Auto Shields"],"picked":"Loop","floor":4},{"not_picked":["Skim","Auto Shields"],"picked":"Capacitor","floor":7},{"not_picked":["Undo","Beam Cell"],"picked":"Consume","floor":8},{"not_picked":["Hologram","Leap"],"picked":"Static Discharge","floor":10}],"player_experience":1177802,"relics_obtained":[{"floor":7,"key":"Mercury Hourglass"},{"floor":9,"key":"Meat on the Bone"}],"event_choices":[{"damage_healed":0,"gold_gain":75,"player_choice":"Gather Gold","damage_taken":11,"max_hp_gain":0,"max_hp_loss":0,"event_name":"World of Goop","floor":2,"gold_loss":0},{"damage_healed":0,"gold_gain":0,"player_choice":"Paid Gold","damage_taken":0,"relics_obtained":["Darkstone Periapt"],"max_hp_gain":0,"max_hp_loss":0,"event_name":"WeMeetAgain","floor":3,"gold_loss":93},{"damage_healed":0,"gold_gain":0,"player_choice":"Lose Max HP","damage_taken":0,"relics_obtained":["Golden Idol"],"max_hp_gain":0,"max_hp_loss":7,"event_name":"Golden Idol","floor":5,"gold_loss":0}],"is_beta":false,"boss_relics":[],"items_purged_floors":[],"is_endless":false,"potions_floor_spawned":[],"killed_by":"Gremlin Nob","ascension_level":20}