{"gold_per_floor":[113,113,113,129,78,113,113,113,113,143,143,143,157,214,214,291,291,310,282,65,79,79],"floor_reached":22,"playtime":629,"items_purged":[],"score":434,"play_id":"ff6c7e02-88e7-4aa4-b6bc-41ff3b226152","local_time":"20190610202845","is_ascension_mode":true,"campfire_choices":[{"data":"Zap","floor":7,"key":"SMITH"},{"data":"Creative AI","floor":11,"key":"SMITH"},{"floor":15,"key":"REST"}],"neow_cost":"NONE","seed_source_timestamp":196518165713300,"circlet_count":0,"master_deck":["AscendersBane","Strike_B","Strike_B","Strike_B","Defend_B","Defend_B+1","Defend_B","Defend_B+1","Zap+1","Dualcast","Ball Lightning","Glacier","Creative AI+1","Core Surge+1","Turbo","Fission","Cold Snap"],"relics":["Cracked Core","NeowsBlessing","War Paint","Letter Opener","Bottled Flame","Oddly Smooth Stone","Nuclear Battery","PrismaticShard"],"potions_floor_usage":[14,16,18],"damage_taken":[{"damage":0,"enemies":"2 Louse","floor":1,"turns":1},{"damage":0,"enemies":"Cultist","floor":4,"turns":1},{"damage":0,"enemies":"Lagavulin","floor":6,"turns":1},{"damage":25,"enemies":"3 Sentries","floor":10,"turns":8},{"damage":3,"enemies":"Small Slimes","floor":13,"turns":2},{"damage":9,"enemies":"Lagavulin Event","floor":14,"turns":5},{"damage":10,"enemies":"The Guardian","floor":16,"turns":10},{"damage":21,"enemies":"3 Byrds","floor":18,"turns":4},{"damage":16,"enemies":"2 Thieves","floor":19,"turns":4},{"damage":20,"enemies":"Centurion and Healer","floor":21,"turns":12},{"damage":0,"enemies":"Colosseum Slavers","floor":22,"turns":1}],"seed_played":"4995390117443222030","potions_obtained":[{"floor":6,"key":"SteroidPotion"},{"floor":14,"key":"FearPotion"},{"floor":16,"key":"Poison Potion"}],"is_trial":false,"path_per_floor":["M","$","?","M","$","E","R","?","T","E","R","?","M","?","R","B",null,"M","M","$","M","?"],"character_chosen":"DEFECT","items_purchased":["Ball Lightning","PrismaticShard"],"campfire_rested":1,"item_purchase_floors":[5,20],"current_hp_per_floor":[64,64,64,64,64,64,64,64,64,39,39,39,36,27,48,38,63,42,26,26,6,6],"gold":79,"neow_bonus":"THREE_ENEMY_KILL","is_prod":false,"is_daily":false,"chose_seed":false,"campfire_upgraded":2,"win_rate":0,"timestamp":1560166125,"path_taken":["M","$","?","M","$","E","R","?","T","E","R","?","?","?","R","BOSS","M","M","$","M","?"],"build_version":"2019-01-23","purchased_purges":0,"victory":false,"max_hp_per_floor":[71,71,71,71,71,71,71,71,71,71,71,71,71,71,71,71,71,71,71,71,71,71],"card_choices":[{"not_picked":["Redo","Go for the Eyes","Gash"],"picked":"SKIP","floor":1},{"not_picked":["Steam","Steam Power","Conserve Battery"],"picked":"SKIP","floor":4},{"not_picked":["Coolheaded","Hologram"],"picked":"Glacier","floor":6},{"not_picked":["Go for the Eyes","Consume"],"picked":"Core Surge","floor":10},{"not_picked":["Barrage","Streamline","Aggregate"],"picked":"SKIP","floor":13},{"not_picked":["Leap","Sunder"],"picked":"Turbo","floor":14},{"not_picked":["Rainbow","Thunder Strike"],"picked":"Fission","floor":16},{"not_picked":["Redo","Beam Cell"],"picked":"Cold Snap","floor":18},{"not_picked":["Steam","Compile Driver+1","Sweeping Beam"],"picked":"SKIP","floor":19},{"not_picked":["Heavy Blade","Thunder Strike","Infinite Blades"],"picked":"SKIP","floor":21}],"player_experience":564353,"relics_obtained":[{"floor":6,"key":"War Paint"},{"floor":9,"key":"Letter Opener"},{"floor":10,"key":"Bottled Flame"},{"floor":14,"key":"Oddly Smooth Stone"}],"event_choices":[{"damage_healed":0,"gold_gain":0,"player_choice":"Leave","damage_taken":0,"max_hp_gain":0,"max_hp_loss":0,"event_name":"The Cleric","floor":3,"gold_loss":0},{"damage_healed":0,"gold_gain":0,"cards_transformed":["Strike_B"],"player_choice":"Change","damage_taken":0,"max_hp_gain":0,"max_hp_loss":0,"event_name":"Living Wall","floor":8,"gold_loss":0,"cards_obtained":["Creative AI"]},{"damage_healed":0,"gold_gain":0,"player_choice":"Upgraded","damage_taken":0,"max_hp_gain":0,"max_hp_loss":0,"event_name":"Upgrade Shrine","floor":12,"gold_loss":0,"cards_upgraded":["Core Surge"]},{"damage_healed":0,"gold_gain":0,"player_choice":"Searched \u00271\u0027 times","damage_taken":0,"max_hp_gain":0,"max_hp_loss":0,"event_name":"Dead Adventurer","floor":14,"gold_loss":0},{"damage_healed":0,"gold_gain":0,"player_choice":"Fight","damage_taken":0,"max_hp_gain":0,"max_hp_loss":0,"event_name":"Colosseum","floor":22,"gold_loss":0}],"is_beta":false,"boss_relics":[{"not_picked":["Tiny House","White Beast Statue"],"picked":"Nuclear Battery"}],"items_purged_floors":[],"is_endless":false,"potions_floor_spawned":[6,14,16],"killed_by":"Colosseum Slavers","ascension_level":20}