{"path_per_floor":["M","M","?","$","M","?","M","M","T","R","M","M","E","?","R","B",null,"M","M","?","?","$","R","E","R","T","R","?","M"],"character_chosen":"THE_SILENT","items_purchased":["Outmaneuver","Prepared","PiercingWail","Footwork"],"gold_per_floor":[118,130,130,53,64,64,78,90,90,90,107,118,149,149,149,246,246,257,197,197,197,70,70,105,105,105,105,105,124],"floor_reached":30,"campfire_rested":2,"playtime":3848,"current_hp_per_floor":[70,70,70,70,62,62,54,49,49,49,33,21,31,31,55,13,80,75,58,58,58,58,68,21,55,55,65,56,55],"items_purged":[],"gold":124,"play_id":"167f9800-10b3-48e6-9dd0-f4a59213bb98","is_prod":false,"is_daily":false,"is_ascension_mode":false,"campfire_upgraded":3,"path_taken":["M","M","?","$","M","?","M","M","T","R","M","M","E","?","R","BOSS","M","M","?","?","$","R","E","R","T","R","?","M","M"],"build_version":"2018-02-01-PROD3","purchased_purges":0,"victory":false,"master_deck":["Defend_G+1","Defend_G+1","Defend_G+1","Defend_G+1","Strike_G+1","Strike_G+1","Strike_G+1","Strike_G+1","Strike_G+1","Survivor","Neutralize","Outmaneuver","Choke","Outmaneuver+1","Prepared+1","Deflect","Caltrops","Backflip+1","Caltrops","Footwork","Backflip+1","Adrenaline+1","Outmaneuver+1","Well Laid Plans+1","PiercingWail","Footwork","Blur","Sucker Punch"],"max_hp_per_floor":[70,70,70,70,70,70,70,70,70,70,70,70,80,80,80,80,80,80,80,80,80,80,80,80,80,80,80,85,85],"relics":["Ring of the Snake","Sundial","Pear","Eternal Feather","War Paint","Girya"],"card_choices":[{"not_picked":["Well Laid Plans","Deflect"],"picked":"Outmaneuver"},{"not_picked":["Slice","Bane"],"picked":"Choke"},{"not_picked":["Riddle With Holes","Bane"],"picked":"Deflect"},{"not_picked":["Venomology","Noxious Fumes"],"picked":"Backflip"},{"not_picked":["Dagger Spray","Backflip"],"picked":"Caltrops"},{"not_picked":["Heel Hook","Dagger Spray"],"picked":"Footwork"},{"not_picked":["Leg Sweep","Flying Knee"],"picked":"Backflip"},{"not_picked":["Doppelganger","Bullet Time"],"picked":"Adrenaline"},{"not_picked":["Leg Sweep","Deflect"],"picked":"Outmaneuver"},{"not_picked":["Quick Slash","Flying Knee"],"picked":"Well Laid Plans"},{"not_picked":["Eviscerate","Flying Knee"],"picked":"Blur"},{"not_picked":["Heel Hook","PiercingWail"],"picked":"Sucker Punch"}],"player_experience":54452,"potions_floor_usage":[7,8,13,13,16],"damage_taken":[{"damage":0,"enemies":"Small Slimes","floor":1,"turns":4},{"damage":0,"enemies":"2 Louse","floor":2,"turns":3},{"damage":8,"enemies":"Blue Slaver","floor":5,"turns":6},{"damage":8,"enemies":"Looter","floor":7,"turns":4},{"damage":5,"enemies":"Large Slime","floor":8,"turns":6},{"damage":16,"enemies":"Gremlin Gang","floor":11,"turns":6},{"damage":12,"enemies":"Red Slaver","floor":12,"turns":4},{"damage":0,"enemies":"Lagavulin","floor":13,"turns":8},{"damage":42,"enemies":"The Guardian","floor":16,"turns":13},{"damage":5,"enemies":"Shell Parasite","floor":18,"turns":7},{"damage":17,"enemies":"2 Thieves","floor":19,"turns":4},{"damage":47,"enemies":"Slavers","floor":24,"turns":8},{"damage":1,"enemies":"Snake Plant","floor":29,"turns":6},{"damage":45,"enemies":"Cultist and Chosen","floor":30,"turns":7}],"event_choices":[{"event_name":"Liars Game","player_choice":"disagreed","floor":3,"damage_taken":0},{"event_name":"Transmorgrifier","player_choice":"Transform","floor":6,"damage_taken":0},{"event_name":"Dead Adventurer","player_choice":"Searched \u00270\u0027 times","floor":14,"damage_taken":0},{"event_name":"Vampires","player_choice":"Ignored","floor":20,"damage_taken":0},{"event_name":"Back to Basics","player_choice":"Simplicity","floor":21,"damage_taken":0},{"event_name":"Forgotten Altar","player_choice":"Shed Blood","floor":28,"damage_taken":0}],"boss_relics":[{"not_picked":["Calling Bell","Velvet Choker"],"picked":"Eternal Feather"}],"potions_floor_spawned":[1,5,11,12,13,29],"seed_played":"-2911462834036390058","killed_by":"Cultist and Chosen","ascension_level":0,"is_trial":false}