{"gold_per_floor":[119,269,194,194,119,119,146,146,170,189,189,202,220,255,255,332,332,344,344,269,286,76,76,92,42,68,68,99,99,113,126,126,205,205,224,244,244],"floor_reached":37,"playtime":1160,"items_purged":["Doubt","Defend_B"],"score":894,"play_id":"11dc219d-9b82-4321-996e-c667ec2bc363","local_time":"20190723230737","is_ascension_mode":true,"campfire_choices":[{"data":"Lockon","floor":6,"key":"SMITH"},{"data":"Tempest","floor":11,"key":"SMITH"},{"data":"Blizzard","floor":15,"key":"SMITH"},{"data":"Ghostly","floor":23,"key":"SMITH"},{"data":"Go for the Eyes","floor":27,"key":"SMITH"},{"data":"Defragment","floor":32,"key":"SMITH"}],"neow_cost":"NONE","seed_source_timestamp":372556927791500,"circlet_count":0,"master_deck":["AscendersBane","Defend_B","Defend_B","Defend_B","Zap","Dualcast","White Noise","Lockon+1","Tempest+1","Glacier","Go for the Eyes+1","Blizzard+1","Echo Form","Multi-Cast","Glacier","Ghostly+1","Ghostly","Ghostly","Storm","Static Discharge","Coolheaded+1","Capacitor","Defragment","Defragment+1","Biased Cognition","Self Repair+1","Capacitor"],"relics":["Cracked Core","NeowsBlessing","Question Card","Smiling Mask","Emotion Chip","Sozu","Runic Capacitor","Regal Pillow","Blood Vial","Cables","Runic Dome"],"potions_floor_usage":[16,28],"damage_taken":[{"damage":0,"enemies":"Small Slimes","floor":1,"turns":1},{"damage":0,"enemies":"3 Sentries","floor":7,"turns":1},{"damage":0,"enemies":"Jaw Worm","floor":10,"turns":1},{"damage":0,"enemies":"2 Louse","floor":12,"turns":3},{"damage":15,"enemies":"Exordium Thugs","floor":13,"turns":5},{"damage":0,"enemies":"Lagavulin","floor":14,"turns":6},{"damage":8,"enemies":"Hexaghost","floor":16,"turns":8},{"damage":12,"enemies":"Shell Parasite","floor":18,"turns":4},{"damage":0,"enemies":"Spheric Guardian","floor":21,"turns":8},{"damage":18,"enemies":"Snake Plant","floor":24,"turns":5},{"damage":8,"enemies":"Slavers","floor":28,"turns":8},{"damage":4,"enemies":"Shelled Parasite and Fungi","floor":30,"turns":7},{"damage":2,"enemies":"Chosen and Byrds","floor":31,"turns":6},{"damage":10,"enemies":"Automaton","floor":33,"turns":8},{"damage":0,"enemies":"3 Darklings","floor":35,"turns":4},{"damage":17,"enemies":"3 Shapes","floor":36,"turns":4},{"damage":28,"enemies":"Jaw Worm Horde","floor":37,"turns":3}],"seed_played":"4369724421865535324","potions_obtained":[{"floor":12,"key":"Swift Potion"},{"floor":14,"key":"Poison Potion"},{"floor":16,"key":"Dexterity Potion"}],"is_trial":false,"path_per_floor":["M","?","$","?","?","R","E","?","T","M","R","M","M","E","R","B",null,"M","?","?","M","$","R","M","$","T","R","E","?","M","M","R","B",null,"M","M","M"],"character_chosen":"DEFECT","items_purchased":["Runic Capacitor"],"campfire_rested":0,"item_purchase_floors":[22],"current_hp_per_floor":[64,64,64,64,64,64,64,69,69,69,69,69,54,54,54,46,69,57,38,38,38,38,38,20,20,20,20,12,12,10,10,10,2,29,31,26,0],"gold":244,"neow_bonus":"THREE_ENEMY_KILL","is_prod":false,"is_daily":false,"chose_seed":false,"campfire_upgraded":6,"win_rate":0,"timestamp":1563890857,"path_taken":["M","?","$","?","?","R","E","?","T","M","R","M","?","E","R","BOSS","M","?","?","M","$","R","?","$","T","R","E","?","?","M","R","BOSS","M","M","M"],"build_version":"2019-07-17","purchased_purges":2,"victory":false,"max_hp_per_floor":[71,71,71,71,71,71,71,76,76,76,76,76,76,76,76,76,76,76,38,38,38,38,38,38,38,38,38,38,38,38,38,38,38,38,38,38,38],"card_choices":[{"not_picked":["Gash","Blizzard"],"picked":"White Noise","floor":1},{"not_picked":["Sweeping Beam","Hologram"],"picked":"Tempest","floor":7},{"not_picked":["Barrage","Cold Snap","Ball Lightning"],"picked":"Glacier","floor":10},{"not_picked":["Leap","Compile Driver","Sweeping Beam","Go for the Eyes"],"picked":"SKIP","floor":12},{"not_picked":["Leap","Compile Driver","Sweeping Beam","Go for the Eyes"],"picked":"SKIP","floor":12},{"not_picked":["Leap","Compile Driver","Sweeping Beam"],"picked":"Go for the Eyes","floor":12},{"not_picked":["Go for the Eyes","Redo","Coolheaded"],"picked":"Blizzard","floor":13},{"not_picked":["Hologram","Chill","Hyperbeam"],"picked":"Echo Form","floor":14},{"not_picked":["Meteor Strike","Amplify","All For One"],"picked":"Multi-Cast","floor":16},{"not_picked":["Sunder","Chaos","Beam Cell"],"picked":"Glacier","floor":18},{"not_picked":["Redo","Beam Cell","Rebound+1","Compile Driver"],"picked":"SKIP","floor":21},{"not_picked":["Turbo","Amplify","Lockon"],"picked":"Coolheaded+1","floor":24},{"not_picked":["Ball Lightning+1","Steam","Reboot"],"picked":"Capacitor","floor":28},{"not_picked":["Hologram+1","Rip and Tear","Redo"],"picked":"Defragment","floor":30},{"not_picked":["Melter","Cold Snap","Glacier"],"picked":"Defragment","floor":31},{"not_picked":["Seek","Reboot","All For One"],"picked":"Biased Cognition","floor":33},{"not_picked":["Scrape","Redo+1","Conserve Battery"],"picked":"Self Repair+1","floor":35},{"not_picked":["Steam+1","Sweeping Beam","Beam Cell"],"picked":"Capacitor","floor":36}],"player_experience":1164673,"relics_obtained":[{"floor":7,"key":"Question Card"},{"floor":9,"key":"Smiling Mask"},{"floor":14,"key":"Emotion Chip"},{"floor":26,"key":"Regal Pillow"},{"floor":28,"key":"Blood Vial"}],"event_choices":[{"damage_healed":0,"gold_gain":150,"player_choice":"AGREE","damage_taken":0,"max_hp_gain":0,"max_hp_loss":0,"event_name":"Liars Game","floor":2,"gold_loss":0,"cards_obtained":["Doubt"]},{"damage_healed":0,"gold_gain":0,"cards_transformed":["Strike_B"],"player_choice":"Change","damage_taken":0,"max_hp_gain":0,"max_hp_loss":0,"event_name":"Living Wall","floor":4,"gold_loss":0,"cards_obtained":["Lockon"]},{"cards_removed":["Strike_B"],"damage_healed":0,"gold_gain":0,"player_choice":"Card Removal","damage_taken":0,"max_hp_gain":0,"max_hp_loss":0,"event_name":"The Cleric","floor":5,"gold_loss":75},{"damage_healed":0,"gold_gain":0,"player_choice":"Donut","damage_taken":0,"max_hp_gain":5,"max_hp_loss":0,"event_name":"Big Fish","floor":8,"gold_loss":0},{"damage_healed":0,"gold_gain":0,"player_choice":"Became a Ghost","damage_taken":0,"max_hp_gain":0,"max_hp_loss":38,"event_name":"Ghosts","floor":19,"gold_loss":0,"cards_obtained":["Ghostly","Ghostly","Ghostly"]},{"damage_healed":0,"gold_gain":0,"cards_transformed":["Strike_B","Strike_B"],"player_choice":"Transformed Cards","damage_taken":0,"max_hp_gain":0,"max_hp_loss":0,"event_name":"Designer","floor":20,"gold_loss":75,"cards_obtained":["Storm","Static Discharge"]},{"damage_healed":0,"gold_gain":0,"player_choice":"Gave Potion","damage_taken":0,"relics_obtained":["Cables"],"max_hp_gain":0,"max_hp_loss":0,"event_name":"WeMeetAgain","floor":29,"gold_loss":0}],"is_beta":false,"boss_relics":[{"not_picked":["Eternal Feather","Astrolabe"],"picked":"Sozu"},{"not_picked":["Orrery","Fusion Hammer"],"picked":"Runic Dome"}],"items_purged_floors":[3,25],"is_endless":false,"potions_floor_spawned":[12,14,16,21,28],"killed_by":"Jaw Worm Horde","ascension_level":20}