{"gold_per_floor":[361,324,399,399,424,424,460,484,484,525,24,24],"floor_reached":12,"playtime":320,"items_purged":["Strike_B"],"score":172,"play_id":"60cdb554-fff8-40f0-a18d-81363d573fe1","local_time":"20190612151648","is_ascension_mode":true,"campfire_choices":[{"data":"Defragment","floor":6,"key":"SMITH"}],"neow_cost":"PERCENT_DAMAGE","seed_source_timestamp":350914162954000,"circlet_count":0,"master_deck":["AscendersBane","Strike_B","Strike_B","Strike_B","Defend_B","Defend_B","Defend_B","Defend_B","Zap","Dualcast","Cold Snap","Defragment+1","Capacitor","Cold Snap","Ball Lightning+1","Blizzard+1"],"relics":["Cracked Core","Golden Idol","Turnip","Molten Egg 2","Juzu Bracelet","Blood Vial"],"potions_floor_usage":[10,10,12],"damage_taken":[{"damage":0,"enemies":"2 Louse","floor":1,"turns":2},{"damage":0,"enemies":"Jaw Worm","floor":5,"turns":4},{"damage":14,"enemies":"Lagavulin","floor":7,"turns":9},{"damage":0,"enemies":"Cultist","floor":8,"turns":3},{"damage":3,"enemies":"3 Sentries","floor":10,"turns":10},{"damage":20,"enemies":"Gremlin Nob","floor":12,"turns":3}],"seed_played":"-8954196216267809797","potions_obtained":[{"floor":7,"key":"LiquidBronze"},{"floor":8,"key":"GamblersBrew"}],"is_trial":false,"path_per_floor":["M","$","?","?","M","R","E","M","T","E","$","E"],"character_chosen":"DEFECT","items_purchased":["Defragment","Juzu Bracelet","Blood Vial","Blizzard+1","Block Potion"],"campfire_rested":0,"item_purchase_floors":[2,11,11,11,11],"current_hp_per_floor":[46,46,35,35,35,35,21,21,21,18,18,0],"gold":24,"neow_bonus":"TWO_FIFTY_GOLD","is_prod":false,"is_daily":false,"chose_seed":false,"campfire_upgraded":1,"win_rate":0,"timestamp":1560320208,"path_taken":["M","$","?","?","M","R","E","M","T","E","$","E"],"build_version":"2019-01-23","purchased_purges":1,"victory":false,"max_hp_per_floor":[71,71,71,64,64,64,64,64,64,64,64,64],"card_choices":[{"not_picked":["Go for the Eyes","Skim"],"picked":"Cold Snap","floor":1},{"not_picked":["BootSequence","Skim","Force Field"],"picked":"SKIP","floor":5},{"not_picked":["Beam Cell","Barrage"],"picked":"Capacitor","floor":7},{"not_picked":["Recycle","Compile Driver"],"picked":"Cold Snap","floor":8},{"not_picked":["Skim","Melter"],"picked":"Ball Lightning","floor":10}],"player_experience":609335,"relics_obtained":[{"floor":7,"key":"Turnip"},{"floor":10,"key":"Molten Egg 2"}],"event_choices":[{"damage_healed":0,"gold_gain":75,"player_choice":"Gather Gold","damage_taken":11,"max_hp_gain":0,"max_hp_loss":0,"event_name":"World of Goop","floor":3,"gold_loss":0},{"damage_healed":0,"gold_gain":0,"player_choice":"Lose Max HP","damage_taken":0,"relics_obtained":["Golden Idol"],"max_hp_gain":0,"max_hp_loss":7,"event_name":"Golden Idol","floor":4,"gold_loss":0}],"is_beta":false,"boss_relics":[],"items_purged_floors":[11],"is_endless":false,"potions_floor_spawned":[7,8],"killed_by":"Gremlin Nob","ascension_level":20}