{"gold_per_floor":[110,110,75,75,150,150,150,175,202,219,252,252,265,290,290,290],"floor_reached":16,"playtime":1271,"items_purged":[],"score":324,"play_id":"86e723b4-0f10-4880-8f1e-592452d36740","local_time":"20190520235549","is_ascension_mode":true,"campfire_choices":[{"data":"Neutralize","floor":6,"key":"SMITH"},{"data":"Footwork","floor":12,"key":"SMITH"},{"data":"Dash","floor":15,"key":"SMITH"}],"neow_cost":"NONE","seed_source_timestamp":123509234716054,"circlet_count":0,"master_deck":["AscendersBane","Defend_G","Defend_G","Defend_G+1","Defend_G+1","Defend_G","Strike_G","Strike_G","Strike_G","Strike_G","Strike_G","Survivor","Neutralize+1","Dagger Throw","Poisoned Stab","Terror+1","Footwork+1","Calculated Gamble+1","Dash+1"],"relics":["Ring of the Snake","NeowsBlessing","Toxic Egg 2","Oddly Smooth Stone","Art of War","Letter Opener"],"potions_floor_usage":[11,16],"damage_taken":[{"damage":0,"enemies":"Small Slimes","floor":1,"turns":1},{"damage":0,"enemies":"3 Sentries","floor":8,"turns":1},{"damage":0,"enemies":"Cultist","floor":10,"turns":1},{"damage":0,"enemies":"Gremlin Nob","floor":11,"turns":3},{"damage":0,"enemies":"2 Louse","floor":13,"turns":4},{"damage":23,"enemies":"3 Sentries","floor":14,"turns":13},{"damage":22,"enemies":"Hexaghost","floor":16,"turns":11}],"seed_played":"5868360924738892941","potions_obtained":[{"floor":8,"key":"Swift Potion"},{"floor":10,"key":"Dexterity Potion"}],"is_trial":false,"path_per_floor":["M","?","?","$","?","R","?","E","T","M","E","R","M","E","R","B"],"character_chosen":"THE_SILENT","items_purchased":[],"campfire_rested":0,"item_purchase_floors":[],"current_hp_per_floor":[59,39,55,55,44,44,44,44,44,44,44,44,44,21,21,0],"gold":290,"neow_bonus":"THREE_ENEMY_KILL","is_prod":false,"is_daily":false,"chose_seed":false,"campfire_upgraded":3,"win_rate":0,"timestamp":1558389349,"path_taken":["M","?","?","$","?","R","?","E","T","M","E","R","M","E","R","BOSS"],"build_version":"2019-01-23","purchased_purges":0,"victory":false,"max_hp_per_floor":[66,66,66,66,66,66,66,66,66,66,66,66,66,66,66,66],"card_choices":[{"not_picked":["Escape Plan","Quick Slash"],"picked":"Dagger Throw","floor":1},{"not_picked":["Catalyst","Sucker Punch"],"picked":"Poisoned Stab","floor":8},{"not_picked":["Quick Slash","Acrobatics+1"],"picked":"Terror+1","floor":10},{"not_picked":["Choke","Acrobatics+1"],"picked":"Footwork","floor":11},{"not_picked":["Deadly Poison+1","Poisoned Stab"],"picked":"Calculated Gamble+1","floor":13},{"not_picked":["Slice","Accuracy"],"picked":"Dash","floor":14}],"player_experience":940775,"relics_obtained":[{"floor":8,"key":"Toxic Egg 2"},{"floor":9,"key":"Oddly Smooth Stone"},{"floor":11,"key":"Art of War"},{"floor":14,"key":"Letter Opener"}],"event_choices":[{"damage_healed":0,"gold_gain":0,"player_choice":"Entered Light","damage_taken":20,"max_hp_gain":0,"max_hp_loss":0,"event_name":"Shining Light","floor":2,"gold_loss":0,"cards_upgraded":["Defend_G","Defend_G"]},{"damage_healed":16,"gold_gain":0,"player_choice":"Healed","damage_taken":0,"max_hp_gain":0,"max_hp_loss":0,"event_name":"The Cleric","floor":3,"gold_loss":35},{"damage_healed":0,"gold_gain":75,"player_choice":"Gather Gold","damage_taken":11,"max_hp_gain":0,"max_hp_loss":0,"event_name":"World of Goop","floor":5,"gold_loss":0},{"damage_healed":0,"gold_gain":0,"player_choice":"Ignored","damage_taken":0,"max_hp_gain":0,"max_hp_loss":0,"event_name":"Liars Game","floor":7,"gold_loss":0}],"is_beta":false,"boss_relics":[],"items_purged_floors":[],"is_endless":false,"potions_floor_spawned":[8,10],"killed_by":"Hexaghost","ascension_level":19}