{"gold_per_floor":[110,80,80,355,67,67,84,110,110,110,144,160,160,177,177,256,256,270,185,205,130,130,130,150,150,150,160,160,178,191,60,60,60],"floor_reached":33,"playtime":835,"items_purged":["Strike_R"],"score":510,"play_id":"7d3a6a0c-9bbf-4791-984b-93e7866933f8","local_time":"20190612205828","is_ascension_mode":true,"campfire_choices":[{"data":"Bludgeon","floor":6,"key":"SMITH"},{"data":"Bash","floor":10,"key":"SMITH"},{"data":"True Grit","floor":13,"key":"SMITH"},{"data":"Rampage","floor":15,"key":"SMITH"},{"floor":23,"key":"REST"},{"floor":25,"key":"REST"},{"floor":28,"key":"REST"},{"floor":32,"key":"REST"}],"neow_cost":"PERCENT_DAMAGE","seed_source_timestamp":370898250763800,"circlet_count":0,"master_deck":["AscendersBane","Strike_R","Defend_R","Defend_R","Defend_R","Defend_R","Bash+1","Bludgeon+1","Rampage+1","True Grit+1","Feel No Pain","Barricade","Shrug It Off","Dark Embrace","Double Tap+1","Perfected Strike+1","Immolate+1","Body Slam","Infernal Blade+1","Demon Form"],"relics":["Burning Blood","Mummified Hand","Du-Vu Doll","Incense Burner","Astrolabe","Gremlin Horn","Unceasing Top","Bottled Tornado"],"potions_floor_usage":[11,11,16,16,24,33],"damage_taken":[{"damage":8,"enemies":"2 Louse","floor":1,"turns":4},{"damage":0,"enemies":"Cultist","floor":7,"turns":2},{"damage":28,"enemies":"Lagavulin","floor":8,"turns":5},{"damage":27,"enemies":"3 Sentries","floor":11,"turns":9},{"damage":6,"enemies":"Small Slimes","floor":12,"turns":2},{"damage":13,"enemies":"Blue Slaver","floor":14,"turns":3},{"damage":40,"enemies":"Slime Boss","floor":16,"turns":13},{"damage":33,"enemies":"Shell Parasite","floor":18,"turns":3},{"damage":25,"enemies":"2 Thieves","floor":20,"turns":4},{"damage":33,"enemies":"Shelled Parasite and Fungi","floor":24,"turns":3},{"damage":27,"enemies":"Snake Plant","floor":27,"turns":3},{"damage":10,"enemies":"Snecko","floor":29,"turns":3},{"damage":28,"enemies":"Centurion and Healer","floor":30,"turns":6},{"damage":24,"enemies":"Champ","floor":33,"turns":7}],"seed_played":"-7722824479065630068","potions_obtained":[{"floor":1,"key":"Regen Potion"},{"floor":2,"key":"Regen Potion"},{"floor":11,"key":"Ancient Potion"},{"floor":14,"key":"SteroidPotion"},{"floor":20,"key":"Ancient Potion"}],"is_trial":false,"path_per_floor":["M","?","$","?","$","R","M","E","T","R","E","M","R","M","R","B",null,"M","?","M","?","T","R","M","R","T","M","R","M","M","$","R","B"],"character_chosen":"IRONCLAD","items_purchased":["Mummified Hand","PowerPotion"],"campfire_rested":4,"item_purchase_floors":[5,31],"current_hp_per_floor":[48,48,48,48,48,48,54,32,32,32,63,63,63,56,56,22,62,35,35,16,16,16,38,11,33,33,12,34,30,8,8,30,6],"gold":60,"neow_bonus":"THREE_RARE_CARDS","is_prod":false,"is_daily":false,"chose_seed":false,"campfire_upgraded":4,"win_rate":0,"timestamp":1560340708,"path_taken":["M","?","$","?","$","R","M","E","T","R","E","M","R","?","R","BOSS","M","?","M","?","?","R","M","R","T","M","R","?","M","$","R","BOSS"],"build_version":"2019-01-23","purchased_purges":1,"victory":false,"max_hp_per_floor":[75,75,75,75,75,75,75,75,75,75,75,75,75,75,75,75,75,75,75,75,75,75,75,75,75,75,75,75,75,75,75,75,75],"card_choices":[{"not_picked":["Limit Break","Double Tap"],"picked":"Bludgeon","floor":0},{"not_picked":["Bloodletting","Body Slam"],"picked":"Rampage","floor":1},{"not_picked":["Cleave","Anger"],"picked":"True Grit","floor":7},{"not_picked":["Anger","Clash"],"picked":"Feel No Pain","floor":8},{"not_picked":["Twin Strike","Heavy Blade"],"picked":"Barricade","floor":11},{"not_picked":["Havoc","Iron Wave","Pummel"],"picked":"SKIP","floor":12},{"not_picked":["Flex","Clothesline"],"picked":"Shrug It Off","floor":14},{"not_picked":["Reaper","Feed"],"picked":"Dark Embrace","floor":16},{"not_picked":["Uppercut","Pommel Strike"],"picked":"Body Slam","floor":18},{"not_picked":["Armaments","Dropkick"],"picked":"Infernal Blade+1","floor":20},{"not_picked":["Pommel Strike","Rampage","True Grit"],"picked":"SKIP","floor":24},{"not_picked":["Havoc","Wild Strike","Rage"],"picked":"SKIP","floor":27},{"not_picked":["Whirlwind","Rupture","Anger+1"],"picked":"SKIP","floor":29},{"not_picked":["Clash","Twin Strike"],"picked":"Demon Form","floor":30}],"player_experience":618668,"relics_obtained":[{"floor":8,"key":"Du-Vu Doll"},{"floor":11,"key":"Incense Burner"},{"floor":22,"key":"Unceasing Top"},{"floor":26,"key":"Bottled Tornado"}],"event_choices":[{"damage_healed":0,"gold_gain":0,"player_choice":"Bought 2 Potions","damage_taken":0,"max_hp_gain":0,"max_hp_loss":0,"event_name":"The Woman in Blue","floor":2,"gold_loss":0},{"damage_healed":0,"gold_gain":275,"player_choice":"Desecrate","damage_taken":0,"max_hp_gain":0,"max_hp_loss":0,"event_name":"Golden Shrine","floor":4,"gold_loss":0,"cards_obtained":["Regret"]},{"damage_healed":0,"gold_gain":0,"player_choice":"Obtained Relic","damage_taken":0,"relics_obtained":["Gremlin Horn"],"max_hp_gain":0,"max_hp_loss":0,"event_name":"Addict","floor":19,"gold_loss":85},{"cards_removed":["Regret"],"damage_healed":0,"gold_gain":0,"player_choice":"Gave Gold","damage_taken":0,"max_hp_gain":0,"max_hp_loss":0,"event_name":"Beggar","floor":21,"gold_loss":75}],"is_beta":false,"boss_relics":[{"not_picked":["Lizard Tail","Orrery"],"picked":"Astrolabe"}],"items_purged_floors":[31],"is_endless":false,"potions_floor_spawned":[1,8,11,14,20],"killed_by":"Champ","ascension_level":20}