{"gold_per_floor":[118,118,131,13,32,32,70,70,97,97,110,185,197,209,221,233],"floor_reached":16,"playtime":876,"items_purged":[],"score":98,"play_id":"f6eae83e-6238-46d5-9873-0f727d72ee65","local_time":"20190226164815","is_ascension_mode":false,"campfire_choices":[{"floor":6,"key":"REST"},{"floor":8,"key":"REST"},{"floor":10,"key":"RECALL"},{"floor":15,"key":"REST"}],"neow_cost":"NONE","seed_source_timestamp":614713371621098,"circlet_count":0,"master_deck":["Defend_G","Defend_G","Defend_G","Defend_G","Defend_G","Strike_G","Strike_G","Strike_G","Strike_G","Strike_G","Survivor","Neutralize","Slice","Footwork","Dramatic Entrance","Slice","Slice"],"relics":["Ring of the Snake","Happy Flower","Golden Idol","Blood Vial","MawBank"],"potions_floor_usage":[7,16],"damage_taken":[{"damage":0,"enemies":"2 Louse","floor":1,"turns":3},{"damage":1,"enemies":"Jaw Worm","floor":3,"turns":4},{"damage":0,"enemies":"Small Slimes","floor":5,"turns":3},{"damage":19,"enemies":"Lagavulin","floor":7,"turns":10},{"damage":0,"enemies":"2 Fungi Beasts","floor":11,"turns":3},{"damage":29,"enemies":"Lagavulin Event","floor":12,"turns":11},{"damage":78,"enemies":"Hexaghost","floor":16,"turns":14}],"seed_played":"-2117047232283924179","potions_obtained":[{"floor":1,"key":"Block Potion"},{"floor":12,"key":"SteroidPotion"}],"is_trial":false,"path_per_floor":["M","?","M","$","M","R","E","R","T","R","M","?","?","?","R","B"],"character_chosen":"THE_SILENT","items_purchased":["Dramatic Entrance","Slice"],"campfire_rested":3,"item_purchase_floors":[4,4],"current_hp_per_floor":[70,53,52,52,52,70,51,70,70,70,70,41,46,46,68,0],"gold":233,"neow_bonus":"RANDOM_COMMON_RELIC","is_prod":false,"is_daily":false,"chose_seed":false,"campfire_upgraded":0,"win_rate":0,"timestamp":1551192495,"path_taken":["M","?","M","$","M","R","E","R","T","R","M","?","?","?","R","BOSS"],"build_version":"2019-01-23","purchased_purges":0,"victory":false,"max_hp_per_floor":[70,70,70,70,70,70,70,70,70,70,70,70,75,75,75,75],"card_choices":[{"not_picked":["Crippling Poison","Dodge and Roll"],"picked":"Slice","floor":1},{"not_picked":["Underhanded Strike","Skewer"],"picked":"Footwork","floor":3},{"not_picked":["Deadly Poison","Skewer","Blade Dance"],"picked":"SKIP","floor":5},{"not_picked":["Bane","Setup","Burst"],"picked":"SKIP","floor":7},{"not_picked":["Dash","Expertise"],"picked":"Slice","floor":11}],"player_experience":984773,"relics_obtained":[{"floor":7,"key":"Blood Vial"},{"floor":12,"key":"MawBank"}],"event_choices":[{"damage_healed":0,"gold_gain":0,"player_choice":"Take Damage","damage_taken":17,"relics_obtained":["Golden Idol"],"max_hp_gain":0,"max_hp_loss":0,"event_name":"Golden Idol","floor":2,"gold_loss":0},{"damage_healed":0,"gold_gain":0,"player_choice":"Searched \u00272\u0027 times","damage_taken":0,"max_hp_gain":0,"max_hp_loss":0,"event_name":"Dead Adventurer","floor":12,"gold_loss":0},{"damage_healed":0,"gold_gain":0,"player_choice":"Donut","damage_taken":0,"max_hp_gain":5,"max_hp_loss":0,"event_name":"Big Fish","floor":13,"gold_loss":0},{"damage_healed":0,"gold_gain":0,"player_choice":"Ignored","damage_taken":0,"max_hp_gain":0,"max_hp_loss":0,"event_name":"Shining Light","floor":14,"gold_loss":0}],"is_beta":false,"boss_relics":[],"items_purged_floors":[],"is_endless":false,"potions_floor_spawned":[1,12],"killed_by":"Hexaghost","ascension_level":0}