{"gold_per_floor":[119,119,119,119,134,159,84,111,111,121,137,137,151,184,184,263,263,273,284,299,299,45,71,71,101,101,101,128,128,142,39,39,118,118,137,148,196,212,212,212,240,240,265,265,299,299,155,155,155,155,155],"floor_reached":51,"playtime":9623,"items_purged":["Regret","Shame"],"score":1583,"play_id":"ebc0b571-cefc-487c-ad22-7833316215d5","local_time":"20190718004326","is_ascension_mode":true,"campfire_choices":[{"data":"Cloak And Dagger","floor":12,"key":"SMITH"},{"data":"Noxious Fumes","floor":15,"key":"SMITH"},{"floor":24,"key":"REST"},{"data":"Apotheosis","floor":27,"key":"SMITH"},{"data":"1","floor":32,"key":"LIFT"},{"data":"Footwork","floor":40,"key":"SMITH"},{"floor":44,"key":"RECALL"},{"data":"Malaise","floor":46,"key":"SMITH"},{"floor":49,"key":"REST"}],"neow_cost":"NONE","seed_source_timestamp":584826168074004,"circlet_count":0,"master_deck":["AscendersBane","Strike_G","Strike_G","Strike_G","Strike_G","Defend_G","Defend_G","Defend_G","Defend_G","Defend_G","Survivor","Neutralize","Bouncing Flask+1","Masterful Stab","Cloak And Dagger+1","Flechettes","Crippling Poison","Noxious Fumes+1","Leg Sweep","A Thousand Cuts","Backflip","Deflect","Dagger Throw+1","Crippling Poison","Apotheosis+1","Footwork+1","Cloak And Dagger","Calculated Gamble","Flash of Steel","Malaise+1","Leg Sweep","Malaise","Burst","Backflip","Caltrops"],"relics":["Ring of the Snake","NeowsBlessing","Mango","Pen Nib","Gambling Chip","Sundial","Girya","Runic Dome","Meat on the Bone","Strawberry","Pear","Bag of Marbles","Singing Bowl","Cursed Key","Dead Branch","Tingsha","Question Card"],"potions_floor_usage":[8,13,16,23,25,30,33,33,37,41,50],"damage_taken":[{"damage":0,"enemies":"2 Louse","floor":1,"turns":1},{"damage":0,"enemies":"Small Slimes","floor":5,"turns":1},{"damage":0,"enemies":"3 Sentries","floor":6,"turns":1},{"damage":16,"enemies":"Lagavulin","floor":8,"turns":5},{"damage":0,"enemies":"Cultist","floor":10,"turns":2},{"damage":3,"enemies":"Looter","floor":11,"turns":3},{"damage":11,"enemies":"Exordium Thugs","floor":13,"turns":5},{"damage":17,"enemies":"3 Sentries","floor":14,"turns":8},{"damage":5,"enemies":"Slime Boss","floor":16,"turns":7},{"damage":0,"enemies":"3 Byrds","floor":18,"turns":4},{"damage":16,"enemies":"Shell Parasite","floor":19,"turns":5},{"damage":21,"enemies":"Snecko","floor":20,"turns":5},{"damage":24,"enemies":"Book of Stabbing","floor":23,"turns":5},{"damage":22,"enemies":"Gremlin Leader","floor":25,"turns":7},{"damage":8,"enemies":"Slavers","floor":28,"turns":5},{"damage":8,"enemies":"Snake Plant","floor":30,"turns":5},{"damage":26,"enemies":"Champ","floor":33,"turns":10},{"damage":16,"enemies":"3 Darklings","floor":35,"turns":6},{"damage":0,"enemies":"Orb Walker","floor":36,"turns":3},{"damage":55,"enemies":"2 Orb Walkers","floor":37,"turns":6},{"damage":0,"enemies":"3 Darklings","floor":38,"turns":5},{"damage":56,"enemies":"Giant Head","floor":41,"turns":8},{"damage":13,"enemies":"Nemesis","floor":45,"turns":9},{"damage":26,"enemies":"Donu and Deca","floor":50,"turns":7},{"damage":51,"enemies":"Awakened One","floor":51,"turns":14}],"seed_played":"1801124593773663920","potions_obtained":[{"floor":4,"key":"Ancient Potion"},{"floor":4,"key":"Strength Potion"},{"floor":5,"key":"PowerPotion"},{"floor":8,"key":"Swift Potion"},{"floor":16,"key":"LiquidBronze"},{"floor":23,"key":"Weak Potion"},{"floor":25,"key":"Strength Potion"},{"floor":28,"key":"Explosive Potion"},{"floor":30,"key":"Ancient Potion"},{"floor":33,"key":"FearPotion"},{"floor":37,"key":"FearPotion"},{"floor":41,"key":"SkillPotion"}],"is_trial":false,"path_per_floor":["M","?","?","?","M","E","$","E","T","M","M","R","M","E","R","B",null,"M","M","M","?","$","E","R","E","T","R","E","T","M","$","R","B",null,"M","M","?","M","?","R","E","$","T","R","E","R","$","?","R","B","B"],"character_chosen":"THE_SILENT","items_purchased":["Apotheosis","Footwork","Flash of Steel","Caltrops"],"campfire_rested":2,"item_purchase_floors":[22,22,31,47],"current_hp_per_floor":[59,59,73,73,73,73,73,57,57,57,54,54,43,26,26,21,65,65,49,28,28,28,4,28,25,35,35,39,39,45,45,45,31,82,68,68,25,37,83,83,39,39,39,39,38,38,38,38,62,48,0],"gold":155,"neow_bonus":"THREE_ENEMY_KILL","is_prod":false,"is_daily":false,"chose_seed":false,"campfire_upgraded":5,"win_rate":0,"timestamp":1563403406,"path_taken":["M","?","?","?","M","E","$","E","T","M","?","R","M","E","R","BOSS","M","M","M","?","$","E","R","E","T","R","E","?","M","$","R","BOSS","M","M","?","M","?","R","E","$","T","R","E","R","?","?","R","BOSS","BOSS"],"build_version":"2019-07-05","purchased_purges":2,"victory":false,"max_hp_per_floor":[66,66,80,80,80,80,80,80,80,80,80,80,80,80,80,80,80,80,80,80,80,80,80,80,87,97,97,97,97,99,99,99,99,99,101,101,101,101,83,83,83,83,83,83,83,83,83,83,83,83,83],"card_choices":[{"not_picked":["Sucker Punch","Escape Plan"],"picked":"Bouncing Flask","floor":1},{"not_picked":["Backflip","Acrobatics"],"picked":"Masterful Stab","floor":5},{"not_picked":["Choke","Backflip"],"picked":"Cloak And Dagger","floor":6},{"not_picked":["Outmaneuver","Backflip"],"picked":"Flechettes","floor":8},{"not_picked":["Slice","Endless Agony"],"picked":"Crippling Poison","floor":11},{"not_picked":["Quick Slash","Riddle With Holes"],"picked":"Noxious Fumes","floor":13},{"not_picked":["Deflect","Night Terror"],"picked":"Leg Sweep","floor":14},{"not_picked":["Phantasmal Killer","Malaise"],"picked":"A Thousand Cuts","floor":16},{"not_picked":["Poisoned Stab+1","Underhanded Strike"],"picked":"Backflip","floor":18},{"not_picked":["Dodge and Roll","Underhanded Strike"],"picked":"Deflect","floor":19},{"not_picked":["All Out Attack+1","Deadly Poison"],"picked":"Dagger Throw+1","floor":20},{"not_picked":["Dagger Throw","Acrobatics"],"picked":"Cloak And Dagger","floor":23},{"not_picked":["Glass Knife","Sucker Punch"],"picked":"Calculated Gamble","floor":25},{"not_picked":["Quick Slash","Bane","Dagger Throw"],"picked":"Singing Bowl","floor":30},{"not_picked":["Bullet Time","Corpse Explosion"],"picked":"Malaise","floor":33},{"not_picked":["Deflect","Outmaneuver+1","Dagger Throw+1"],"picked":"Singing Bowl","floor":35},{"not_picked":["All Out Attack","Bane"],"picked":"Leg Sweep","floor":36},{"not_picked":["Predator","Dagger Spray"],"picked":"Malaise","floor":38},{"not_picked":["Slice","Noxious Fumes"],"picked":"Burst","floor":41},{"not_picked":["All Out Attack+1","Quick Slash+1"],"picked":"Backflip","floor":45}],"player_experience":1280672,"relics_obtained":[{"floor":6,"key":"Pen Nib"},{"floor":8,"key":"Gambling Chip"},{"floor":9,"key":"Sundial"},{"floor":14,"key":"Girya"},{"floor":23,"key":"Meat on the Bone"},{"floor":25,"key":"Strawberry"},{"floor":26,"key":"Pear"},{"floor":28,"key":"Bag of Marbles"},{"floor":29,"key":"Singing Bowl"},{"floor":37,"key":"Dead Branch"},{"floor":41,"key":"Tingsha"},{"floor":45,"key":"Question Card"}],"event_choices":[{"damage_healed":0,"gold_gain":0,"player_choice":"Grow","damage_taken":0,"max_hp_gain":0,"max_hp_loss":0,"event_name":"Living Wall","floor":2,"gold_loss":0,"cards_upgraded":["Bouncing Flask"]},{"damage_healed":0,"gold_gain":0,"player_choice":"Box","damage_taken":0,"relics_obtained":["Mango"],"max_hp_gain":0,"max_hp_loss":0,"event_name":"Big Fish","floor":3,"gold_loss":0,"cards_obtained":["Regret"]},{"damage_healed":0,"gold_gain":0,"player_choice":"Got Potions","damage_taken":0,"max_hp_gain":0,"max_hp_loss":0,"event_name":"Lab","floor":4,"gold_loss":0},{"damage_healed":0,"gold_gain":0,"player_choice":"Read","damage_taken":0,"max_hp_gain":0,"max_hp_loss":0,"event_name":"The Library","floor":21,"gold_loss":0,"cards_obtained":["Crippling Poison"]},{"damage_healed":0,"gold_gain":0,"player_choice":"Fight","damage_taken":0,"max_hp_gain":0,"max_hp_loss":0,"event_name":"Mysterious Sphere","floor":37,"gold_loss":0},{"damage_healed":83,"gold_gain":0,"player_choice":"Heal","damage_taken":0,"max_hp_gain":0,"max_hp_loss":18,"event_name":"The Moai Head","floor":39,"gold_loss":0},{"cards_removed":["Strike_G"],"damage_healed":0,"gold_gain":0,"player_choice":"Purged","damage_taken":0,"max_hp_gain":0,"max_hp_loss":0,"event_name":"Purifier","floor":48,"gold_loss":0}],"is_beta":false,"boss_relics":[{"not_picked":["Velvet Choker","Astrolabe"],"picked":"Runic Dome"},{"not_picked":["White Beast Statue","Coffee Dripper"],"picked":"Cursed Key"}],"items_purged_floors":[7,47],"is_endless":false,"potions_floor_spawned":[5,8,10,16,23,25,28,30,33,37,41],"killed_by":"Awakened One","ascension_level":20}