{"gold_per_floor":[117,129,149,37,2,32,32,50,50,89,89,123,123,151,151,151],"floor_reached":16,"playtime":1343,"items_purged":[],"score":236,"play_id":"54fab87a-6e23-4f72-8564-1f8dde5526d8","local_time":"20190726021412","is_ascension_mode":true,"campfire_choices":[{"data":"Wraith Form v2","floor":11,"key":"SMITH"},{"data":"Well Laid Plans","floor":13,"key":"SMITH"},{"data":"Footwork","floor":15,"key":"SMITH"}],"neow_cost":"NONE","seed_source_timestamp":1298501537581163,"circlet_count":0,"master_deck":["AscendersBane","Strike_G","Strike_G","Strike_G","Strike_G","Strike_G","Defend_G","Defend_G","Defend_G","Defend_G","Defend_G","Survivor","Neutralize","Dagger Throw","Dash","Backflip","Well Laid Plans+1","Wraith Form v2+1","Acrobatics","Footwork+1","Backflip"],"relics":["Philosopher\u0027s Stone","Meat on the Bone","Golden Idol","Blue Candle","Sundial","Anchor","Odd Mushroom"],"potions_floor_usage":[10],"damage_taken":[{"damage":3,"enemies":"Jaw Worm","floor":1,"turns":6},{"damage":4,"enemies":"2 Louse","floor":2,"turns":2},{"damage":0,"enemies":"Cultist","floor":3,"turns":5},{"damage":25,"enemies":"3 Sentries","floor":6,"turns":14},{"damage":5,"enemies":"Red Slaver","floor":8,"turns":3},{"damage":12,"enemies":"Lagavulin","floor":10,"turns":10},{"damage":20,"enemies":"3 Sentries","floor":12,"turns":13},{"damage":1,"enemies":"The Mushroom Lair","floor":14,"turns":6},{"damage":30,"enemies":"Slime Boss","floor":16,"turns":13}],"seed_played":"8488618027684547460","potions_obtained":[{"floor":2,"key":"Energy Potion"},{"floor":6,"key":"Strength Potion"},{"floor":12,"key":"Ancient Potion"}],"is_trial":false,"path_per_floor":["M","M","M","$","?","E","?","M","T","E","R","E","R","?","R","B"],"character_chosen":"THE_SILENT","items_purchased":["Backflip","Well Laid Plans"],"campfire_rested":0,"item_purchase_floors":[4,4],"current_hp_per_floor":[56,52,52,52,66,41,41,36,36,36,36,28,28,39,39,9],"gold":151,"neow_bonus":"BOSS_RELIC","is_prod":false,"is_daily":false,"chose_seed":false,"campfire_upgraded":3,"win_rate":0,"timestamp":1564100052,"path_taken":["M","M","M","$","?","E","?","M","T","E","R","E","R","?","R","BOSS"],"build_version":"2019-07-17","purchased_purges":0,"victory":false,"max_hp_per_floor":[66,66,66,66,66,66,60,60,60,60,60,60,60,60,60,60],"card_choices":[{"not_picked":["Sucker Punch","Prepared"],"picked":"Dagger Throw","floor":1},{"not_picked":["Blade Dance","Deadly Poison"],"picked":"Dash","floor":3},{"not_picked":["Skewer","Infinite Blades"],"picked":"Wraith Form v2","floor":6},{"not_picked":["Deflect","Backstab"],"picked":"Acrobatics","floor":8},{"not_picked":["Riddle With Holes","Poisoned Stab"],"picked":"Footwork","floor":10},{"not_picked":["Burst","Outmaneuver"],"picked":"Backflip","floor":14}],"player_experience":1328641,"relics_obtained":[{"floor":6,"key":"Meat on the Bone"},{"floor":9,"key":"Blue Candle"},{"floor":10,"key":"Sundial"},{"floor":12,"key":"Anchor"},{"floor":14,"key":"Odd Mushroom"}],"event_choices":[{"damage_healed":16,"gold_gain":0,"player_choice":"Healed","damage_taken":0,"max_hp_gain":0,"max_hp_loss":0,"event_name":"The Cleric","floor":5,"gold_loss":35},{"damage_healed":0,"gold_gain":0,"player_choice":"Lose Max HP","damage_taken":0,"relics_obtained":["Golden Idol"],"max_hp_gain":0,"max_hp_loss":6,"event_name":"Golden Idol","floor":7,"gold_loss":0},{"damage_healed":0,"gold_gain":0,"player_choice":"Fought Mushrooms","damage_taken":0,"max_hp_gain":0,"max_hp_loss":0,"event_name":"Mushrooms","floor":14,"gold_loss":0}],"is_beta":false,"boss_relics":[],"items_purged_floors":[],"is_endless":false,"potions_floor_spawned":[2,6,12],"killed_by":"Slime Boss","ascension_level":20}