{"gold_per_floor":[362,322,338,78,103,103,137,155,155,155,39,69,69,99,99,175,175,128,148,148,148],"floor_reached":21,"playtime":835,"items_purged":["Strike_B"],"score":440,"play_id":"6b3b6745-cae1-4fac-97f8-163874fc06e3","local_time":"20190622190940","is_ascension_mode":true,"campfire_choices":[{"data":"Zap","floor":6.0,"key":"SMITH"},{"floor":10.0,"key":"REST"},{"data":"Capacitor","floor":13.0,"key":"SMITH"},{"data":"Melter","floor":15.0,"key":"SMITH"}],"neow_cost":"PERCENT_DAMAGE","seed_source_timestamp":19688537148400,"circlet_count":0,"master_deck":["AscendersBane","Strike_B","Strike_B","Strike_B","Defend_B","Defend_B","Defend_B","Defend_B","Zap+1","Dualcast","Capacitor+1","Ball Lightning","Chill","Coolheaded","Seek","Melter+1","Rainbow","Loop","Chill","Capacitor","Barrage","Turbo","Glacier","Defragment"],"special_seed":0,"relics":["Cracked Core","Centennial Puzzle","Potion Belt","Du-Vu Doll","Question Card","Ancient Tea Set","Smiling Mask","Orrery"],"potions_floor_usage":[16],"damage_taken":[{"damage":5.0,"enemies":"2 Louse","floor":1.0,"turns":2.0},{"damage":1.0,"enemies":"Cultist","floor":3.0,"turns":4.0},{"damage":25.0,"enemies":"Lagavulin","floor":7.0,"turns":6.0},{"damage":2.0,"enemies":"Jaw Worm","floor":8.0,"turns":3.0},{"damage":0.0,"enemies":"3 Sentries","floor":12.0,"turns":7.0},{"damage":1.0,"enemies":"Gremlin Nob","floor":14.0,"turns":3.0},{"damage":39,"enemies":"Slime Boss","floor":16,"turns":9},{"damage":18,"enemies":"2 Thieves","floor":18,"turns":5},{"damage":15,"enemies":"3 Byrds","floor":19,"turns":6},{"damage":28,"enemies":"Shelled Parasite and Fungi","floor":21,"turns":4}],"seed_played":"-4448176512353190885","potions_obtained":[{"floor":2.0,"key":"Energy Potion"},{"floor":2.0,"key":"FocusPotion"},{"floor":8.0,"key":"FocusPotion"},{"floor":14.0,"key":"Regen Potion"}],"is_trial":false,"path_per_floor":["M","?","M","$","T","R","E","M","T","R","$","E","R","E","R","B",null,"M","M","?","M"],"character_chosen":"DEFECT","items_purchased":["Centennial Puzzle","Ball Lightning","Coolheaded","Fire Potion"],"campfire_rested":1,"item_purchase_floors":[4,4,11,11],"current_hp_per_floor":[41,41,40,40,40,40,15,13,13,34,34,34,34,33,33,9,56,38,23,23,0],"gold":148,"neow_bonus":"TWO_FIFTY_GOLD","is_prod":false,"is_daily":false,"chose_seed":false,"campfire_upgraded":3,"win_rate":0,"timestamp":1561198180,"path_taken":["M","?","M","?","?","R","E","M","T","R","?","E","R","E","R","BOSS","M","M","?","?"],"build_version":"2019-01-23","purchased_purges":1,"victory":false,"max_hp_per_floor":[71,71,71,71,71,71,71,71,71,71,71,71,71,71,71,71,71,71,71,71,71],"card_choices":[{"not_picked":["Turbo","Go for the Eyes","Recycle"],"picked":"SKIP","floor":1.0},{"not_picked":["Turbo","Go for the Eyes","Recycle"],"picked":"SKIP","floor":1.0},{"not_picked":["Stack","Redo"],"picked":"Capacitor","floor":3.0},{"not_picked":["Go for the Eyes","Steam","Redo"],"picked":"SKIP","floor":7.0},{"not_picked":["FTL","Conserve Battery"],"picked":"Chill","floor":8.0},{"not_picked":["Cold Snap","Compile Driver","White Noise"],"picked":"Seek","floor":12.0},{"not_picked":["Lockon","Force Field","Hologram"],"picked":"Melter","floor":14.0},{"not_picked":["Multi-Cast","Fission","Amplify"],"picked":"Rainbow","floor":16},{"not_picked":["Stack","Compile Driver","BootSequence"],"picked":"Loop","floor":17},{"not_picked":["Turbo","Ball Lightning","Undo"],"picked":"Chill","floor":17},{"not_picked":["Auto Shields","Double Energy","Conserve Battery"],"picked":"Capacitor","floor":17},{"not_picked":["Leap","Sweeping Beam","Gash"],"picked":"Barrage","floor":17},{"not_picked":["Melter","Beam Cell","Hologram"],"picked":"Turbo","floor":17},{"not_picked":["Barrage","Coolheaded","Hello World"],"picked":"Glacier","floor":18},{"not_picked":["Go for the Eyes","Stack+1","Conserve Battery"],"picked":"Defragment","floor":19}],"player_experience":753857,"relics_obtained":[{"floor":5.0,"key":"Potion Belt"},{"floor":7.0,"key":"Du-Vu Doll"},{"floor":9.0,"key":"Question Card"},{"floor":12.0,"key":"Ancient Tea Set"},{"floor":14.0,"key":"Smiling Mask"}],"event_choices":[{"damage_healed":0.0,"max_hp_gain":0.0,"max_hp_loss":0.0,"gold_gain":0.0,"event_name":"The Woman in Blue","player_choice":"Bought 3 Potions","floor":2.0,"gold_loss":0.0,"damage_taken":0.0},{"damage_healed":0,"gold_gain":0,"player_choice":"0 cards matched","damage_taken":0,"max_hp_gain":0,"max_hp_loss":0,"event_name":"Match and Keep!","floor":20,"gold_loss":0,"cards_obtained":[]}],"is_beta":false,"boss_relics":[{"not_picked":["FrozenCore","Black Star"],"picked":"Orrery"}],"items_purged_floors":[4],"is_endless":false,"potions_floor_spawned":[3,8,14],"killed_by":"Shelled Parasite and Fungi","ascension_level":20}