{"gold_per_floor":[10,10,10,10,30,30,61,74,98,63,63,93,110,12,12,108,108,126,126,126,28,28,28,55,55,55,103,103,120,140,239,239,239],"floor_reached":33,"playtime":1695,"items_purged":[],"score":401,"play_id":"b0658024-3152-487e-b27a-75873bd6abcd","local_time":"20190626193345","is_ascension_mode":true,"campfire_choices":[{"data":"Trip","floor":6.0,"key":"SMITH"},{"data":"Bouncing Flask","floor":11.0,"key":"SMITH"},{"floor":15,"key":"REST"},{"floor":23,"key":"REST"},{"floor":25,"key":"REST"},{"data":"Jack Of All Trades","floor":28,"key":"SMITH"},{"floor":32,"key":"REST"}],"neow_cost":"NO_GOLD","seed_source_timestamp":1124808509347976,"circlet_count":0,"master_deck":["AscendersBane","Defend_G","Defend_G","Defend_G","Defend_G","Defend_G","Strike_G","Strike_G","Strike_G","Strike_G","Strike_G","Survivor","Neutralize","Trip+1","Magnetism+1","Bouncing Flask+1","Underhanded Strike","PiercingWail","Poisoned Stab","Poisoned Stab","Burst","Poisoned Stab+1","Jack Of All Trades+1","Bane","Quick Slash","Masterful Stab","Deadly Poison"],"special_seed":0,"relics":["Ring of the Snake","Bag of Marbles","Regal Pillow","Lizard Tail","Enchiridion","Dream Catcher","Bottled Lightning","Vajra"],"potions_floor_usage":[20,20,20,20,29],"damage_taken":[{"damage":0.0,"enemies":"Jaw Worm","floor":1.0,"turns":4.0},{"damage":0.0,"enemies":"Small Slimes","floor":5.0,"turns":3.0},{"damage":25.0,"enemies":"Lagavulin","floor":7.0,"turns":6.0},{"damage":0.0,"enemies":"Cultist","floor":8.0,"turns":3.0},{"damage":4,"enemies":"Large Slime","floor":13,"turns":7},{"damage":27,"enemies":"The Guardian","floor":16,"turns":9},{"damage":8,"enemies":"Chosen","floor":18,"turns":3},{"damage":10,"enemies":"Colosseum Slavers","floor":20,"turns":6},{"damage":67,"enemies":"Gremlin Leader","floor":24,"turns":9},{"damage":4,"enemies":"3 Byrds","floor":29,"turns":5},{"damage":10,"enemies":"Centurion and Healer","floor":30,"turns":4},{"damage":87,"enemies":"Champ","floor":33,"turns":9}],"seed_played":"-4068002309520835809","potions_obtained":[{"floor":5.0,"key":"Swift Potion"},{"floor":13,"key":"EssenceOfSteel"},{"floor":24,"key":"GhostInAJar"}],"is_trial":false,"path_per_floor":["M","?","?","$","M","R","E","M","T","?","R","?","M","$","R","B",null,"M","?","?","$","?","R","E","R","T","T","R","M","M","?","R","B"],"character_chosen":"THE_SILENT","items_purchased":["EntropicBrew","Jack Of All Trades"],"campfire_rested":4,"item_purchase_floors":[14,21],"current_hp_per_floor":[63,63,63,63,63,63,38,38,38,55,55,55,51,51,70,43,63,55,39,29,29,29,65,35,70,70,70,70,66,56,56,70,0],"gold":239,"neow_bonus":"RANDOM_COLORLESS_2","is_prod":false,"is_daily":false,"chose_seed":false,"campfire_upgraded":3,"win_rate":0,"timestamp":1561566825,"path_taken":["M","?","?","$","?","R","E","M","T","?","R","?","M","?","R","BOSS","M","?","?","$","?","R","E","R","T","?","R","?","M","?","R","BOSS"],"build_version":"2019-01-23","purchased_purges":0,"victory":false,"max_hp_per_floor":[70,70,70,70,70,70,70,70,70,70,70,70,70,70,70,70,70,70,70,70,70,70,70,70,70,70,70,70,70,70,70,70,70],"card_choices":[{"not_picked":["Concentrate","Blur"],"picked":"Bouncing Flask","floor":1.0},{"not_picked":["Flying Knee","Terror"],"picked":"Underhanded Strike","floor":5.0},{"not_picked":["Tools of the Trade","Predator"],"picked":"PiercingWail","floor":7.0},{"not_picked":["Backflip","Deflect"],"picked":"Poisoned Stab","floor":8.0},{"not_picked":["Dagger Spray","Backflip"],"picked":"Poisoned Stab","floor":13},{"not_picked":["Corpse Explosion","Malaise"],"picked":"Burst","floor":16},{"not_picked":["Calculated Gamble","PiercingWail+1"],"picked":"Poisoned Stab+1","floor":18},{"not_picked":["Outmaneuver","Grand Finale"],"picked":"Bane","floor":24},{"not_picked":["Finisher","Slice"],"picked":"Quick Slash","floor":25},{"not_picked":["Expertise","Blade Dance"],"picked":"Masterful Stab","floor":29},{"not_picked":["Outmaneuver","Dagger Spray","All Out Attack"],"picked":"SKIP","floor":30},{"not_picked":["Acrobatics","Night Terror"],"picked":"Deadly Poison","floor":32}],"player_experience":1588281,"relics_obtained":[{"floor":7.0,"key":"Bag of Marbles"},{"floor":9.0,"key":"Regal Pillow"},{"floor":19,"key":"Enchiridion"},{"floor":24,"key":"Dream Catcher"},{"floor":26,"key":"Bottled Lightning"},{"floor":27,"key":"Vajra"}],"event_choices":[{"damage_healed":0.0,"max_hp_gain":0.0,"max_hp_loss":0.0,"gold_gain":0.0,"event_name":"Living Wall","player_choice":"Grow","floor":2.0,"gold_loss":0.0,"damage_taken":0.0,"cards_upgraded":["Magnetism"]},{"damage_healed":0.0,"max_hp_gain":0.0,"max_hp_loss":0.0,"gold_gain":0.0,"event_name":"Purifier","player_choice":"Ignored","floor":3.0,"gold_loss":0.0,"damage_taken":0.0},{"damage_healed":17.0,"max_hp_gain":0.0,"max_hp_loss":0.0,"gold_gain":0.0,"event_name":"The Cleric","player_choice":"Healed","floor":10.0,"gold_loss":35.0,"damage_taken":0.0},{"damage_healed":0,"gold_gain":30,"player_choice":"Searched \u00272\u0027 times","damage_taken":0,"max_hp_gain":0,"max_hp_loss":0,"event_name":"Dead Adventurer","floor":12,"gold_loss":0},{"damage_healed":0,"gold_gain":0,"player_choice":"Obtained Book","damage_taken":16,"max_hp_gain":0,"max_hp_loss":0,"event_name":"Cursed Tome","floor":19,"gold_loss":0},{"damage_healed":0,"gold_gain":0,"player_choice":"Fight","damage_taken":0,"max_hp_gain":0,"max_hp_loss":0,"event_name":"Colosseum","floor":20,"gold_loss":0},{"damage_healed":0,"gold_gain":0,"player_choice":"Fled From Nobs","damage_taken":0,"max_hp_gain":0,"max_hp_loss":0,"event_name":"Colosseum","floor":20,"gold_loss":0},{"damage_healed":0,"gold_gain":0,"player_choice":"Ignored","damage_taken":0,"max_hp_gain":0,"max_hp_loss":0,"event_name":"Beggar","floor":22,"gold_loss":0},{"damage_healed":0,"gold_gain":99,"player_choice":"Stole From Cult","damage_taken":0,"max_hp_gain":0,"max_hp_loss":0,"event_name":"Nest","floor":31,"gold_loss":0}],"is_beta":false,"boss_relics":[{"not_picked":["Runic Dome","Ring of the Serpent"],"picked":"Lizard Tail"}],"items_purged_floors":[],"is_endless":false,"potions_floor_spawned":[5,13,16,24],"killed_by":"Champ","ascension_level":11}