{"gold_per_floor":[116,116,131,131,144,172,29,29,52,52,52,52,382,400,400,400],"floor_reached":16,"playtime":437,"items_purged":[],"score":142,"play_id":"007bc1b5-cc4a-416a-b487-74fd045e18ef","local_time":"20190611180104","is_ascension_mode":true,"campfire_choices":[{"floor":8,"key":"REST"},{"floor":10,"key":"REST"},{"floor":15,"key":"REST"}],"neow_cost":"NONE","seed_source_timestamp":1394852978119570,"circlet_count":0,"master_deck":["Defend_G","Defend_G","Defend_G","Defend_G","Defend_G","Strike_G","Strike_G","Strike_G","Strike_G","Strike_G","Survivor","Neutralize","Infinite Blades","Wraith Form v2+1","Concentrate","Dagger Throw","Prepared"],"relics":["Ring of the Snake","NeowsBlessing","Bag of Preparation","Lantern","Pen Nib","Old Coin"],"potions_floor_usage":[16],"damage_taken":[{"damage":0,"enemies":"Jaw Worm","floor":1,"turns":1},{"damage":0,"enemies":"Cultist","floor":3,"turns":1},{"damage":0,"enemies":"Small Slimes","floor":5,"turns":1},{"damage":45,"enemies":"Gremlin Nob","floor":6,"turns":7},{"damage":6,"enemies":"2 Fungi Beasts","floor":14,"turns":5},{"damage":6,"enemies":"Hexaghost","floor":16,"turns":5}],"seed_played":"-8834979226635019996","potions_obtained":[{"floor":1,"key":"Dexterity Potion"},{"floor":14,"key":"SteroidPotion"}],"is_trial":false,"path_per_floor":["M","$","M","?","M","E","$","R","T","R","?","?","?","M","R","B"],"character_chosen":"THE_SILENT","items_purchased":["Lantern"],"campfire_rested":3,"item_purchase_floors":[7],"current_hp_per_floor":[63,63,63,63,63,18,18,39,39,60,60,60,60,54,70,64],"gold":400,"neow_bonus":"THREE_ENEMY_KILL","is_prod":false,"is_daily":false,"chose_seed":false,"campfire_upgraded":0,"win_rate":0,"timestamp":1560265264,"path_taken":["M","$","M","?","?","E","$","R","T","R","?","?","?","M","R","BOSS"],"build_version":"2019-01-23","purchased_purges":0,"victory":false,"max_hp_per_floor":[70,70,70,70,70,70,70,70,70,70,70,70,70,70,70,70],"card_choices":[{"not_picked":["Terror","Deflect"],"picked":"Infinite Blades","floor":1},{"not_picked":["Backflip","Terror","Underhanded Strike"],"picked":"SKIP","floor":3},{"not_picked":["Deflect","Dodge and Roll"],"picked":"Concentrate","floor":5},{"not_picked":["Dodge and Roll","Flying Knee"],"picked":"Dagger Throw","floor":6},{"not_picked":["Endless Agony","Backflip"],"picked":"Prepared","floor":14}],"player_experience":1512222,"relics_obtained":[{"floor":6,"key":"Bag of Preparation"},{"floor":9,"key":"Pen Nib"}],"event_choices":[{"damage_healed":0,"gold_gain":0,"player_choice":"1 cards matched","damage_taken":0,"max_hp_gain":0,"max_hp_loss":0,"event_name":"Match and Keep!","floor":4,"gold_loss":0,"cards_obtained":["Wraith Form v2"]},{"damage_healed":0,"gold_gain":0,"player_choice":"Grow","damage_taken":0,"max_hp_gain":0,"max_hp_loss":0,"event_name":"Living Wall","floor":11,"gold_loss":0,"cards_upgraded":["Wraith Form v2"]},{"damage_healed":0,"gold_gain":0,"player_choice":"Ignored","damage_taken":0,"max_hp_gain":0,"max_hp_loss":0,"event_name":"Golden Idol","floor":12,"gold_loss":0},{"damage_healed":0,"gold_gain":30,"player_choice":"Searched \u00273\u0027 times","damage_taken":0,"relics_obtained":["Old Coin"],"max_hp_gain":0,"max_hp_loss":0,"event_name":"Dead Adventurer","floor":13,"gold_loss":0}],"is_beta":false,"boss_relics":[],"items_purged_floors":[],"is_endless":false,"potions_floor_spawned":[1,14],"killed_by":"Hexaghost","ascension_level":9}