{"gold_per_floor":[116,73,84,84,84,84,102,102,179,254,283,283,316,336,336,336],"floor_reached":16,"playtime":323,"items_purged":[],"score":216,"play_id":"7ffb37bf-7d47-4669-8dbb-ac0ff051553b","local_time":"20190719172349","is_ascension_mode":true,"campfire_choices":[{"data":"Melter","floor":6,"key":"SMITH"},{"data":"Seek","floor":8,"key":"SMITH"},{"data":"Go for the Eyes","floor":12,"key":"SMITH"},{"floor":15,"key":"REST"}],"neow_cost":"NONE","seed_source_timestamp":7171335105200,"circlet_count":0,"master_deck":["AscendersBane","Strike_B","Strike_B","Strike_B","Defend_B","Defend_B","Defend_B","Defend_B","Zap+1","Dualcast","Melter+1","Capacitor","Seek+1","Cold Snap","Go for the Eyes+1","Rainbow","Chill"],"relics":["Cracked Core","NeowsBlessing","Singing Bowl","Blood Vial"],"potions_floor_usage":[11,13,16],"damage_taken":[{"damage":0,"enemies":"Jaw Worm","floor":1,"turns":1},{"damage":0,"enemies":"2 Louse","floor":3,"turns":1},{"damage":0,"enemies":"Cultist","floor":7,"turns":1},{"damage":22,"enemies":"3 Sentries","floor":11,"turns":8},{"damage":11,"enemies":"Lagavulin","floor":13,"turns":7},{"damage":20,"enemies":"Exordium Wildlife","floor":14,"turns":5},{"damage":25,"enemies":"Hexaghost","floor":16,"turns":9}],"seed_played":"-4606008444503698202","potions_obtained":[{"floor":1,"key":"Poison Potion"},{"floor":7,"key":"SkillPotion"},{"floor":11,"key":"GamblersBrew"}],"is_trial":false,"path_per_floor":["M","$","M","?","?","R","M","R","T","?","E","R","E","M","R","B"],"character_chosen":"DEFECT","items_purchased":["Capacitor"],"campfire_rested":1,"item_purchase_floors":[2],"current_hp_per_floor":[64,64,64,64,64,64,64,64,64,53,31,31,20,2,23,0],"gold":336,"neow_bonus":"THREE_ENEMY_KILL","is_prod":false,"is_daily":false,"chose_seed":false,"campfire_upgraded":3,"win_rate":0,"timestamp":1563524629,"path_taken":["M","$","M","?","?","R","?","R","T","?","E","R","E","M","R","BOSS"],"build_version":"2019-07-17","purchased_purges":0,"victory":false,"max_hp_per_floor":[71,71,71,71,71,71,71,71,71,71,71,71,71,71,71,71],"card_choices":[{"not_picked":["Compile Driver","Reinforced Body"],"picked":"Melter","floor":1},{"not_picked":["Skim","Redo","Leap"],"picked":"SKIP","floor":3},{"not_picked":["Go for the Eyes","Hologram"],"picked":"Cold Snap","floor":7},{"not_picked":["Leap","Reinforced Body"],"picked":"Go for the Eyes","floor":11},{"not_picked":["Reinforced Body","Leap"],"picked":"Rainbow","floor":13},{"not_picked":["Stack","Doom and Gloom"],"picked":"Chill","floor":14}],"player_experience":1099415,"relics_obtained":[{"floor":11,"key":"Singing Bowl"},{"floor":13,"key":"Blood Vial"}],"event_choices":[{"damage_healed":0,"gold_gain":0,"cards_transformed":["Strike_B"],"player_choice":"Change","damage_taken":0,"max_hp_gain":0,"max_hp_loss":0,"event_name":"Living Wall","floor":4,"gold_loss":0,"cards_obtained":["Seek"]},{"damage_healed":0,"gold_gain":0,"player_choice":"Upgraded","damage_taken":0,"max_hp_gain":0,"max_hp_loss":0,"event_name":"Upgrade Shrine","floor":5,"gold_loss":0,"cards_upgraded":["Zap"]},{"damage_healed":0,"gold_gain":75,"player_choice":"Gather Gold","damage_taken":11,"max_hp_gain":0,"max_hp_loss":0,"event_name":"World of Goop","floor":10,"gold_loss":0}],"is_beta":false,"boss_relics":[],"items_purged_floors":[],"is_endless":false,"potions_floor_spawned":[1,7,11],"killed_by":"Hexaghost","ascension_level":20}