{"gold_per_floor":[117,117,136,146,163,163,193,204,231,231,157,168,168,193,193,193],"floor_reached":16,"playtime":550,"items_purged":[],"score":224,"play_id":"8a9fdb9f-c8c0-434c-b29c-c0efda3d17b8","local_time":"20190726170453","is_ascension_mode":true,"campfire_choices":[{"data":"Flex","floor":6,"key":"SMITH"},{"floor":10,"key":"REST"},{"data":"Bash","floor":13,"key":"SMITH"},{"data":"Rampage","floor":15,"key":"SMITH"}],"neow_cost":"NONE","seed_source_timestamp":610609168492000,"circlet_count":0,"master_deck":["AscendersBane","Strike_R","Strike_R","Strike_R","Strike_R","Defend_R","Defend_R","Defend_R","Defend_R","Bash+1","Flex+1","Rampage+1","Whirlwind","Dropkick","Feed"],"relics":["Runic Pyramid","Self Forming Clay","Bronze Scales","PreservedInsect"],"potions_floor_usage":[8,16],"damage_taken":[{"damage":7,"enemies":"Jaw Worm","floor":1,"turns":5},{"damage":1,"enemies":"Cultist","floor":3,"turns":4},{"damage":9,"enemies":"2 Louse","floor":4,"turns":3},{"damage":0,"enemies":"Large Slime","floor":5,"turns":4},{"damage":35,"enemies":"3 Sentries","floor":7,"turns":9},{"damage":3,"enemies":"Blue Slaver","floor":8,"turns":3},{"damage":0,"enemies":"3 Louse","floor":12,"turns":2},{"damage":5,"enemies":"Lagavulin","floor":14,"turns":5},{"damage":21,"enemies":"The Guardian","floor":16,"turns":5}],"seed_played":"-2179708523342427140","potions_obtained":[{"floor":3,"key":"Ancient Potion"},{"floor":5,"key":"FearPotion"}],"is_trial":false,"path_per_floor":["M","?","M","M","M","R","E","M","T","R","?","M","R","E","R","B"],"character_chosen":"IRONCLAD","items_purchased":[],"campfire_rested":1,"item_purchase_floors":[],"current_hp_per_floor":[61,61,60,51,51,51,16,13,13,35,35,35,35,30,30,9],"gold":193,"neow_bonus":"BOSS_RELIC","is_prod":false,"is_daily":false,"chose_seed":false,"campfire_upgraded":3,"win_rate":0,"timestamp":1564128293,"path_taken":["M","?","M","?","M","R","E","M","T","R","?","M","R","E","R","BOSS"],"build_version":"2019-07-17","purchased_purges":0,"victory":false,"max_hp_per_floor":[75,75,75,75,75,75,75,75,75,75,75,75,75,75,75,75],"card_choices":[{"not_picked":["Pommel Strike","Thunderclap"],"picked":"Flex","floor":1},{"not_picked":["Havoc","Wild Strike"],"picked":"Rampage","floor":3},{"not_picked":["Warcry","Bloodletting","Havoc"],"picked":"SKIP","floor":4},{"not_picked":["Perfected Strike","Headbutt","Wild Strike"],"picked":"SKIP","floor":5},{"not_picked":["Perfected Strike","Headbutt","Wild Strike"],"picked":"SKIP","floor":5},{"not_picked":["Perfected Strike","Headbutt","Wild Strike"],"picked":"SKIP","floor":5},{"not_picked":["Sentinel","Thunderclap"],"picked":"Whirlwind","floor":7},{"not_picked":["Seeing Red","Burning Pact"],"picked":"Dropkick","floor":8},{"not_picked":["Uppercut","Reckless Charge","Combust"],"picked":"SKIP","floor":12},{"not_picked":["Warcry","Rampage"],"picked":"Feed","floor":14}],"player_experience":1220798,"relics_obtained":[{"floor":7,"key":"Self Forming Clay"},{"floor":9,"key":"Bronze Scales"},{"floor":14,"key":"PreservedInsect"}],"event_choices":[{"cards_removed":["Strike_R"],"damage_healed":0,"gold_gain":0,"player_choice":"Purged","damage_taken":0,"max_hp_gain":0,"max_hp_loss":0,"event_name":"Purifier","floor":2,"gold_loss":0},{"damage_healed":0,"gold_gain":0,"player_choice":"Left Gold","damage_taken":0,"max_hp_gain":0,"max_hp_loss":0,"event_name":"World of Goop","floor":11,"gold_loss":74}],"is_beta":false,"boss_relics":[],"items_purged_floors":[],"is_endless":false,"potions_floor_spawned":[3,5],"killed_by":"The Guardian","ascension_level":20}