{"gold_per_floor":[10,10,30,30,55,55,86,86,86,86,51,70,88,109,109,203,203,219,233,233,233],"floor_reached":21,"playtime":1307,"items_purged":[],"score":353,"play_id":"5108445f-b3c3-452a-bfd9-3f9cc53b50e6","local_time":"20190524122017","is_ascension_mode":true,"campfire_choices":[{"data":"Neutralize","floor":6,"key":"SMITH"},{"floor":8,"key":"REST"},{"data":"Dagger Spray","floor":10,"key":"SMITH"},{"data":"Malaise","floor":15,"key":"SMITH"}],"neow_cost":"NO_GOLD","seed_source_timestamp":146659026729645,"circlet_count":0,"master_deck":["AscendersBane","Defend_G","Defend_G","Defend_G","Defend_G","Defend_G+1","Strike_G","Strike_G","Strike_G","Strike_G","Strike_G","Survivor","Neutralize+1","Flying Knee+1","Dagger Spray+1","Malaise+1","Deadly Poison","Dash","Wraith Form v2","Dodge and Roll","Caltrops+1"],"relics":["Ring of the Snake","Calipers","Golden Idol","Ninja Scroll","Happy Flower","Sozu","Nilry\u0027s Codex"],"potions_floor_usage":[7,16,18],"damage_taken":[{"damage":3,"enemies":"Jaw Worm","floor":1,"turns":5},{"damage":6,"enemies":"Small Slimes","floor":3,"turns":4},{"damage":0,"enemies":"2 Louse","floor":5,"turns":3},{"damage":28,"enemies":"3 Sentries","floor":7,"turns":9},{"damage":0,"enemies":"Looter","floor":12,"turns":2},{"damage":9,"enemies":"Red Slaver","floor":13,"turns":5},{"damage":2,"enemies":"Lots of Slimes","floor":14,"turns":3},{"damage":2,"enemies":"The Guardian","floor":16,"turns":14},{"damage":12,"enemies":"Chosen","floor":18,"turns":8},{"damage":2,"enemies":"3 Byrds","floor":19,"turns":6},{"damage":15,"enemies":"Centurion and Healer","floor":21,"turns":7}],"seed_played":"-6325380783648071834","potions_obtained":[{"floor":3,"key":"Block Potion"},{"floor":5,"key":"Ancient Potion"},{"floor":13,"key":"Block Potion"},{"floor":14,"key":"SkillPotion"}],"is_trial":false,"path_per_floor":["M","?","M","?","M","R","E","R","T","R","?","M","M","M","R","B",null,"M","M","?","M"],"character_chosen":"THE_SILENT","items_purchased":[],"campfire_rested":1,"item_purchase_floors":[],"current_hp_per_floor":[56,56,50,32,32,32,4,22,22,22,37,37,28,26,26,24,51,39,37,16,1],"gold":233,"neow_bonus":"ONE_RARE_RELIC","is_prod":false,"is_daily":false,"chose_seed":false,"campfire_upgraded":3,"win_rate":0,"timestamp":1558693217,"path_taken":["M","?","M","?","M","R","E","R","T","R","?","M","M","M","R","BOSS","M","M","?","M"],"build_version":"2019-01-23","purchased_purges":0,"victory":false,"max_hp_per_floor":[66,60,60,60,60,60,60,60,60,60,60,60,60,60,60,60,60,60,60,60,60],"card_choices":[{"not_picked":["Deadly Poison","Infinite Blades"],"picked":"Flying Knee","floor":1},{"not_picked":["Underhanded Strike","Poisoned Stab"],"picked":"Dagger Spray","floor":5},{"not_picked":["Dagger Throw","Glass Knife"],"picked":"Malaise","floor":7},{"not_picked":["Concentrate","Acrobatics"],"picked":"Deadly Poison","floor":13},{"not_picked":["Poisoned Stab","Eviscerate"],"picked":"Dash","floor":14},{"not_picked":["Glass Knife","After Image"],"picked":"Wraith Form v2","floor":16},{"not_picked":["Flechettes","Quick Slash"],"picked":"Dodge and Roll","floor":18},{"not_picked":["All Out Attack","Blade Dance"],"picked":"Caltrops+1","floor":19}],"player_experience":949515,"relics_obtained":[{"floor":7,"key":"Ninja Scroll"},{"floor":9,"key":"Happy Flower"},{"floor":20,"key":"Nilry\u0027s Codex"}],"event_choices":[{"damage_healed":0,"gold_gain":0,"player_choice":"Lose Max HP","damage_taken":0,"relics_obtained":["Golden Idol"],"max_hp_gain":0,"max_hp_loss":6,"event_name":"Golden Idol","floor":2,"gold_loss":0},{"damage_healed":0,"gold_gain":0,"player_choice":"Entered Light","damage_taken":18,"max_hp_gain":0,"max_hp_loss":0,"event_name":"Shining Light","floor":4,"gold_loss":0,"cards_upgraded":["Defend_G","Flying Knee"]},{"damage_healed":15,"gold_gain":0,"player_choice":"Healed","damage_taken":0,"max_hp_gain":0,"max_hp_loss":0,"event_name":"The Cleric","floor":11,"gold_loss":35},{"damage_healed":0,"gold_gain":0,"player_choice":"Obtained Book","damage_taken":21,"max_hp_gain":0,"max_hp_loss":0,"event_name":"Cursed Tome","floor":20,"gold_loss":0}],"is_beta":false,"boss_relics":[{"not_picked":["Velvet Choker","Orrery"],"picked":"Sozu"}],"items_purged_floors":[],"is_endless":false,"potions_floor_spawned":[3,5,13,14],"killed_by":"Centurion and Healer","ascension_level":19}