{"gold_per_floor":[109,8,8,158,168,197,122,156,156,156,76,6,18,18],"floor_reached":14,"playtime":215,"items_purged":["Strike_R","Parasite"],"score":242,"play_id":"a8074f3a-4fab-4f63-bd8e-72ebf5b21427","local_time":"20190612220829","is_ascension_mode":true,"campfire_choices":[],"neow_cost":"NONE","seed_source_timestamp":375720215869800,"circlet_count":0,"master_deck":["AscendersBane","Strike_R","Strike_R","Strike_R","Defend_R","Defend_R","Defend_R","Defend_R","Bash","Sword Boomerang","Havoc","Intimidate","Shockwave","Barricade"],"relics":["Burning Blood","NeowsBlessing","The Courier","Dead Branch"],"potions_floor_usage":[14],"damage_taken":[{"damage":0,"enemies":"Jaw Worm","floor":1,"turns":1},{"damage":0,"enemies":"2 Louse","floor":5,"turns":1},{"damage":0,"enemies":"Lagavulin","floor":6,"turns":1},{"damage":56,"enemies":"Gremlin Nob","floor":8,"turns":5},{"damage":1,"enemies":"Small Slimes","floor":13,"turns":4},{"damage":50,"enemies":"3 Sentries","floor":14,"turns":6}],"seed_played":"-8470230968302468397","potions_obtained":[{"floor":5,"key":"EssenceOfSteel"},{"floor":8,"key":"Dexterity Potion"}],"is_trial":false,"path_per_floor":["M","$","?","?","M","E","?","E","T","?","$","$","M","E"],"character_chosen":"IRONCLAD","items_purchased":["Sword Boomerang","Shockwave"],"campfire_rested":0,"item_purchase_floors":[2,12],"current_hp_per_floor":[74,74,74,74,75,75,75,25,25,43,43,43,48,0],"gold":18,"neow_bonus":"THREE_ENEMY_KILL","is_prod":false,"is_daily":false,"chose_seed":false,"campfire_upgraded":0,"win_rate":0,"timestamp":1560344909,"path_taken":["M","$","?","?","?","E","?","E","T","?","?","$","M","E"],"build_version":"2019-01-23","purchased_purges":2,"victory":false,"max_hp_per_floor":[75,75,75,75,75,75,75,75,75,75,72,72,72,72],"card_choices":[{"not_picked":["Cleave","Body Slam","Perfected Strike"],"picked":"SKIP","floor":1},{"not_picked":["Hemokinesis","Cleave","Uppercut"],"picked":"SKIP","floor":5},{"not_picked":["Dual Wield","Sword Boomerang","Cleave"],"picked":"SKIP","floor":6},{"not_picked":["Reckless Charge","Uppercut"],"picked":"Intimidate","floor":8},{"not_picked":["Flex","Bloodletting"],"picked":"Barricade","floor":13}],"player_experience":623342,"relics_obtained":[{"floor":6,"key":"The Courier"},{"floor":8,"key":"Dead Branch"}],"event_choices":[{"damage_healed":0,"gold_gain":0,"cards_transformed":["Strike_R"],"player_choice":"Change","damage_taken":0,"max_hp_gain":0,"max_hp_loss":0,"event_name":"Living Wall","floor":3,"gold_loss":0,"cards_obtained":["Havoc"]},{"damage_healed":0,"gold_gain":150,"player_choice":"AGREE","damage_taken":0,"max_hp_gain":0,"max_hp_loss":0,"event_name":"Liars Game","floor":4,"gold_loss":0,"cards_obtained":["Doubt"]},{"cards_removed":["Doubt"],"damage_healed":0,"gold_gain":0,"player_choice":"Card Removal","damage_taken":0,"max_hp_gain":0,"max_hp_loss":0,"event_name":"The Cleric","floor":7,"gold_loss":75},{"damage_healed":18,"gold_gain":0,"player_choice":"Healed and dodged fight","damage_taken":0,"max_hp_gain":0,"max_hp_loss":0,"event_name":"Mushrooms","floor":10,"gold_loss":0,"cards_obtained":["Parasite"]}],"is_beta":false,"boss_relics":[],"items_purged_floors":[2,11],"is_endless":false,"potions_floor_spawned":[5,8,13],"killed_by":"3 Sentries","ascension_level":20}