{"gold_per_floor":[144,26,26,37,37,37,71,89,139,139,166,441,68,99,99,173,173,190,201,220,220,60,60],"floor_reached":23,"playtime":737,"items_purged":["Regret"],"score":414,"play_id":"f1a9f88d-2606-40b0-a716-6cb18bc84a49","local_time":"20190728142742","is_ascension_mode":true,"campfire_choices":[{"data":"Consume","floor":6,"key":"SMITH"},{"floor":10,"key":"REST"},{"data":"Buffer","floor":15,"key":"SMITH"}],"neow_cost":"NONE","seed_source_timestamp":773790837606900,"circlet_count":0,"master_deck":["AscendersBane","Zap","Dualcast","Consume+1","Capacitor","Ball Lightning","Cold Snap","Buffer+1","Loop","Echo Form","Seek","Sweeping Beam","Undo","Echo Form","Doom and Gloom","Tempest","Gash","Recycle","Capacitor"],"relics":["Cracked Core","Tiny Chest","Potion Belt","Dead Branch","Oddly Smooth Stone","Strawberry","OrangePellets","Whetstone","Pandora\u0027s Box","Art of War"],"potions_floor_usage":[7,18,20],"damage_taken":[{"damage":14,"enemies":"Small Slimes","floor":1,"turns":4},{"damage":6,"enemies":"Cultist","floor":4,"turns":3},{"damage":27,"enemies":"Gremlin Nob","floor":7,"turns":4},{"damage":0,"enemies":"Jaw Worm","floor":8,"turns":3},{"damage":26,"enemies":"3 Sentries","floor":11,"turns":6},{"damage":9,"enemies":"Lagavulin","floor":14,"turns":7},{"damage":1,"enemies":"Hexaghost","floor":16,"turns":11},{"damage":0,"enemies":"Spheric Guardian","floor":18,"turns":5},{"damage":0,"enemies":"Chosen","floor":19,"turns":4},{"damage":35,"enemies":"3 Cultists","floor":20,"turns":6},{"damage":14,"enemies":"Slavers","floor":23,"turns":2}],"seed_played":"7569608912776068344","potions_obtained":[{"floor":3,"key":"PowerPotion"},{"floor":3,"key":"FairyPotion"},{"floor":11,"key":"Strength Potion"},{"floor":16,"key":"Poison Potion"},{"floor":18,"key":"Fruit Juice"}],"is_trial":false,"path_per_floor":["M","$","?","M","?","R","E","M","T","R","E","?","$","E","R","B",null,"M","M","M","?","$","E"],"character_chosen":"DEFECT","items_purchased":["Consume","Capacitor","OrangePellets","Loop","Art of War"],"campfire_rested":1,"item_purchase_floors":[2,2,13,13,22],"current_hp_per_floor":[50,50,50,44,33,33,6,6,6,27,8,8,8,7,7,6,60,65,65,30,30,30,16],"gold":60,"neow_bonus":"RANDOM_COMMON_RELIC","is_prod":false,"is_daily":false,"chose_seed":false,"campfire_upgraded":2,"win_rate":0,"timestamp":1564291662,"path_taken":["M","$","?","?","?","R","E","M","T","R","E","?","$","E","R","BOSS","M","M","?","?","$","E"],"build_version":"2019-07-17","purchased_purges":1,"victory":false,"max_hp_per_floor":[71,71,71,71,71,71,71,71,71,71,78,78,78,78,78,78,78,83,83,83,83,83,83],"card_choices":[{"not_picked":["Redo","Stack","Gash"],"picked":"SKIP","floor":1},{"not_picked":["Genetic Algorithm","Gash"],"picked":"Ball Lightning","floor":4},{"not_picked":["Go for the Eyes","Redo"],"picked":"Cold Snap","floor":7},{"not_picked":["Skim","Chaos","Ball Lightning"],"picked":"SKIP","floor":8},{"not_picked":["Leap","Conserve Battery"],"picked":"Buffer","floor":11},{"not_picked":["Rebound","Stack","Storm"],"picked":"SKIP","floor":14},{"not_picked":["Amplify","Reboot"],"picked":"Echo Form","floor":16},{"not_picked":["Hologram","Gash"],"picked":"Recycle","floor":18},{"not_picked":["Chaos","Aggregate"],"picked":"Capacitor","floor":19},{"not_picked":["Ball Lightning","Aggregate","Leap"],"picked":"SKIP","floor":20}],"player_experience":1256791,"relics_obtained":[{"floor":7,"key":"Dead Branch"},{"floor":9,"key":"Oddly Smooth Stone"},{"floor":11,"key":"Strawberry"},{"floor":14,"key":"Whetstone"}],"event_choices":[{"damage_healed":0,"gold_gain":0,"player_choice":"Got Potions","damage_taken":0,"max_hp_gain":0,"max_hp_loss":0,"event_name":"Lab","floor":3,"gold_loss":0},{"damage_healed":0,"gold_gain":0,"player_choice":"Success","damage_taken":11,"relics_obtained":["Potion Belt"],"max_hp_gain":0,"max_hp_loss":0,"event_name":"Scrap Ooze","floor":5,"gold_loss":0},{"damage_healed":0,"gold_gain":275,"player_choice":"Desecrate","damage_taken":0,"max_hp_gain":0,"max_hp_loss":0,"event_name":"Golden Shrine","floor":12,"gold_loss":0,"cards_obtained":["Regret"]},{"cards_removed":["Reprogram"],"damage_healed":0,"gold_gain":0,"player_choice":"Elegance","damage_taken":0,"max_hp_gain":0,"max_hp_loss":0,"event_name":"Back to Basics","floor":21,"gold_loss":0}],"is_beta":false,"boss_relics":[{"not_picked":["Orrery","Eternal Feather"],"picked":"Pandora\u0027s Box"}],"items_purged_floors":[13],"is_endless":false,"potions_floor_spawned":[11,16,18],"killed_by":"Slavers","ascension_level":20}