{"gold_per_floor":[111,121,141,141,154,182,182,182,182,209,67,81,116,116,116,212,212,235,235,256,26,26,26,42,60,60,104,104,104,104,104],"floor_reached":31,"playtime":3119,"items_purged":[],"score":546,"play_id":"f52b1176-f7dd-442e-9bea-73411a6e586a","local_time":"20190706002413","is_ascension_mode":true,"campfire_choices":[{"floor":7,"key":"REST"},{"data":"Venomology","floor":8,"key":"SMITH"},{"floor":15,"key":"REST"},{"floor":23,"key":"REST"},{"floor":28,"key":"REST"},{"data":"Malaise","floor":30,"key":"SMITH"}],"neow_cost":"NONE","seed_source_timestamp":24055139523635,"circlet_count":0,"master_deck":["AscendersBane","Defend_G","Defend_G","Defend_G","Defend_G","Defend_G","Survivor","Neutralize","Dash","Dagger Throw","Underhanded Strike","Venomology+1","Dodge and Roll","Poisoned Stab","Slice","Noxious Fumes","Dagger Spray","Footwork","Malaise+1","Glass Knife+1","Tactician+1","Expertise+1","Noxious Fumes","Infinite Blades+1","Concentrate","Deadly Poison"],"relics":["Ring of the Snake","WingedGreaves","Shuriken","Matryoshka","The Specimen","Golden Idol","Astrolabe","Strange Spoon","Pen Nib","Bronze Scales","Bottled Tornado","Orichalcum","Ornamental Fan"],"potions_floor_usage":[6,10,10,13,16,16,18,20,24,27,27],"damage_taken":[{"damage":2,"enemies":"Jaw Worm","floor":1,"turns":6},{"damage":1,"enemies":"Cultist","floor":2,"turns":5},{"damage":0,"enemies":"Small Slimes","floor":3,"turns":4},{"damage":10,"enemies":"Exordium Wildlife","floor":5,"turns":6},{"damage":49,"enemies":"Gremlin Nob","floor":6,"turns":5},{"damage":18,"enemies":"Lagavulin","floor":10,"turns":7},{"damage":1,"enemies":"3 Louse","floor":12,"turns":4},{"damage":2,"enemies":"Gremlin Nob","floor":13,"turns":4},{"damage":17,"enemies":"Slime Boss","floor":16,"turns":8},{"damage":0,"enemies":"Chosen","floor":18,"turns":2},{"damage":28,"enemies":"2 Thieves","floor":20,"turns":5},{"damage":14,"enemies":"Snake Plant","floor":24,"turns":3},{"damage":38,"enemies":"3 Cultists","floor":25,"turns":6},{"damage":5,"enemies":"Book of Stabbing","floor":27,"turns":5},{"damage":24,"enemies":"Gremlin Leader","floor":31,"turns":1}],"seed_played":"7572966106551521357","potions_obtained":[{"floor":1,"key":"Strength Potion"},{"floor":6,"key":"EssenceOfSteel"},{"floor":18,"key":"Dexterity Potion"},{"floor":27,"key":"Ancient Potion"}],"is_trial":false,"path_per_floor":["M","M","M","?","M","E","R","R","T","E","$","M","E","?","R","B",null,"M","?","M","$","?","R","M","M","T","E","R","T","R","E"],"character_chosen":"THE_SILENT","items_purchased":["PowerPotion","Noxious Fumes","Strange Spoon"],"campfire_rested":4,"item_purchase_floors":[11,11,21],"current_hp_per_floor":[63,62,62,62,52,3,24,24,24,6,6,5,3,3,22,5,50,50,50,22,22,22,41,27,6,6,1,20,20,20,0],"gold":104,"neow_bonus":"TEN_PERCENT_HP_BONUS","is_prod":false,"is_daily":false,"chose_seed":false,"campfire_upgraded":2,"win_rate":0,"timestamp":1562365453,"path_taken":["M","M","M","?","M","E","R","R","T","E","$","?","E","?","R","BOSS","M","?","M","$","?","R","M","?","T","E","R","?","R","E"],"build_version":"2019-07-01","purchased_purges":0,"victory":false,"max_hp_per_floor":[72,72,72,72,72,72,72,72,72,72,72,72,72,65,65,65,65,65,65,65,65,65,65,65,65,65,65,65,65,65,65],"card_choices":[{"not_picked":["Concentrate","Slice"],"picked":"Dash","floor":1},{"not_picked":["Finisher","Slice"],"picked":"Dagger Throw","floor":2},{"not_picked":["Dodge and Roll","Outmaneuver"],"picked":"Underhanded Strike","floor":3},{"not_picked":["Distraction","Bane"],"picked":"Dodge and Roll","floor":5},{"not_picked":["Riddle With Holes","Flechettes"],"picked":"Poisoned Stab","floor":6},{"not_picked":["Concentrate","Expertise"],"picked":"Slice","floor":10},{"not_picked":["Cloak And Dagger","PiercingWail"],"picked":"Dagger Spray","floor":12},{"not_picked":["Riddle With Holes","Blade Dance"],"picked":"Footwork","floor":13},{"not_picked":["Wraith Form v2","A Thousand Cuts"],"picked":"Malaise","floor":16},{"not_picked":["Backflip","Calculated Gamble"],"picked":"Noxious Fumes","floor":18},{"not_picked":["Dodge and Roll","Sucker Punch"],"picked":"Infinite Blades+1","floor":20},{"not_picked":["Infinite Blades+1","Deflect"],"picked":"Deadly Poison","floor":24}],"player_experience":1171180,"relics_obtained":[{"floor":6,"key":"WingedGreaves"},{"floor":9,"key":"Shuriken"},{"floor":10,"key":"Matryoshka"},{"floor":13,"key":"The Specimen"},{"floor":26,"key":"Pen Nib"},{"floor":26,"key":"Bronze Scales"},{"floor":27,"key":"Bottled Tornado"},{"floor":29,"key":"Orichalcum"},{"floor":29,"key":"Ornamental Fan"}],"event_choices":[{"damage_healed":0,"gold_gain":0,"cards_transformed":["Strike_G"],"player_choice":"Transformed","damage_taken":0,"max_hp_gain":0,"max_hp_loss":0,"event_name":"Transmorgrifier","floor":4,"gold_loss":0,"cards_obtained":["Venomology"]},{"damage_healed":0,"gold_gain":0,"player_choice":"Lose Max HP","damage_taken":0,"relics_obtained":["Golden Idol"],"max_hp_gain":0,"max_hp_loss":7,"event_name":"Golden Idol","floor":14,"gold_loss":0},{"damage_healed":0,"gold_gain":0,"player_choice":"Ignored","damage_taken":0,"max_hp_gain":0,"max_hp_loss":0,"event_name":"Ghosts","floor":19,"gold_loss":0},{"damage_healed":0,"gold_gain":0,"cards_transformed":["Strike_G"],"player_choice":"Transformed","damage_taken":0,"max_hp_gain":0,"max_hp_loss":0,"event_name":"Transmorgrifier","floor":22,"gold_loss":0,"cards_obtained":["Concentrate"]}],"is_beta":false,"boss_relics":[{"not_picked":["Eternal Feather","Ring of the Serpent"],"picked":"Astrolabe"}],"items_purged_floors":[],"is_endless":false,"potions_floor_spawned":[1,5,6,12,18,27],"killed_by":"Gremlin Leader","ascension_level":20}