{"gold_per_floor":[118,118,35,48,48,48,91,116,187,187,187,200,216,251,251,347,347,372,372],"floor_reached":19,"playtime":434,"items_purged":[],"score":404,"play_id":"e89e5d94-09a2-4b69-85cc-78f50012cfb9","local_time":"20190611141323","is_ascension_mode":true,"campfire_choices":[{"data":"Whirlwind","floor":6,"key":"SMITH"},{"data":"Rampage","floor":11,"key":"SMITH"},{"data":"True Grit","floor":15,"key":"SMITH"}],"neow_cost":"NONE","seed_source_timestamp":260592061202900,"circlet_count":0,"master_deck":["AscendersBane","Strike_R","Strike_R","Strike_R","Strike_R","Strike_R","Defend_R","Defend_R","Defend_R","Defend_R","Bash","Twin Strike","Whirlwind+1","Rampage+1","Evolve","Flame Barrier","True Grit+1","Feel No Pain","Juggernaut","Perfected Strike"],"relics":["Burning Blood","NeowsBlessing","Golden Idol","PreservedInsect","Pear","Paper Frog","Strawberry","Snecko Eye"],"potions_floor_usage":[8,16,16],"damage_taken":[{"damage":0,"enemies":"2 Louse","floor":1,"turns":2},{"damage":0,"enemies":"Cultist","floor":4,"turns":1},{"damage":0,"enemies":"3 Sentries","floor":7,"turns":1},{"damage":7,"enemies":"Jaw Worm","floor":8,"turns":3},{"damage":0,"enemies":"3 Louse","floor":12,"turns":2},{"damage":11,"enemies":"Looter","floor":13,"turns":3},{"damage":30,"enemies":"Lagavulin","floor":14,"turns":7},{"damage":32,"enemies":"The Guardian","floor":16,"turns":13},{"damage":10,"enemies":"Spheric Guardian","floor":18,"turns":4},{"damage":72,"enemies":"Masked Bandits","floor":19,"turns":3}],"seed_played":"5820913901152010949","potions_obtained":[{"floor":4,"key":"FearPotion"},{"floor":7,"key":"AttackPotion"},{"floor":12,"key":"Ancient Potion"},{"floor":14,"key":"AttackPotion"},{"floor":18,"key":"LiquidBronze"}],"is_trial":false,"path_per_floor":["M","?","$","M","?","R","E","M","T","?","R","M","M","E","R","B",null,"M","?"],"character_chosen":"IRONCLAD","items_purchased":["Whirlwind"],"campfire_rested":0,"item_purchase_floors":[3],"current_hp_per_floor":[74,75,75,75,49,49,55,54,64,53,53,59,54,37,37,11,72,68,0],"gold":372,"neow_bonus":"THREE_ENEMY_KILL","is_prod":false,"is_daily":false,"chose_seed":false,"campfire_upgraded":3,"win_rate":0,"timestamp":1560230003,"path_taken":["M","?","$","?","?","R","E","M","T","?","R","M","M","E","R","BOSS","M","?"],"build_version":"2019-01-23","purchased_purges":0,"victory":false,"max_hp_per_floor":[75,75,75,75,75,75,75,75,85,85,85,85,85,92,92,92,92,92,92],"card_choices":[{"not_picked":["Cleave","Perfected Strike"],"picked":"Twin Strike","floor":1},{"not_picked":["Blood for Blood","Headbutt"],"picked":"Rampage","floor":4},{"not_picked":["Whirlwind","Cleave"],"picked":"Evolve","floor":7},{"not_picked":["Armaments","Burning Pact"],"picked":"Flame Barrier","floor":8},{"not_picked":["Warcry","Iron Wave","Wild Strike"],"picked":"SKIP","floor":12},{"not_picked":["Perfected Strike","Fire Breathing"],"picked":"True Grit","floor":13},{"not_picked":["Fire Breathing","Metallicize"],"picked":"Feel No Pain","floor":14},{"not_picked":["Immolate","Exhume"],"picked":"Juggernaut","floor":16},{"not_picked":["Warcry","Clothesline"],"picked":"Perfected Strike","floor":18}],"player_experience":576783,"relics_obtained":[{"floor":7,"key":"PreservedInsect"},{"floor":9,"key":"Pear"},{"floor":14,"key":"Strawberry"}],"event_choices":[{"damage_healed":1,"gold_gain":0,"player_choice":"Full Heal","damage_taken":0,"max_hp_gain":0,"max_hp_loss":0,"event_name":"Wheel of Change","floor":2,"gold_loss":0},{"damage_healed":0,"gold_gain":0,"player_choice":"Take Damage","damage_taken":26,"relics_obtained":["Golden Idol"],"max_hp_gain":0,"max_hp_loss":0,"event_name":"Golden Idol","floor":5,"gold_loss":0},{"damage_healed":0,"gold_gain":0,"player_choice":"Success","damage_taken":11,"relics_obtained":["Paper Frog"],"max_hp_gain":0,"max_hp_loss":0,"event_name":"Scrap Ooze","floor":10,"gold_loss":0},{"damage_healed":0,"gold_gain":0,"player_choice":"Fought Bandits","damage_taken":0,"max_hp_gain":0,"max_hp_loss":0,"event_name":"Masked Bandits","floor":19,"gold_loss":0}],"is_beta":false,"boss_relics":[{"not_picked":["Calling Bell","Busted Crown"],"picked":"Snecko Eye"}],"items_purged_floors":[],"is_endless":false,"potions_floor_spawned":[4,7,12,14,18],"killed_by":"Masked Bandits","ascension_level":20}