{"gold_per_floor":[113,38,58,58,145,157,201,213,225,267,279,308,245,271,283,368,380,408,420,14,49,68,68,87,87],"floor_reached":25,"playtime":520,"items_purged":["Strike_R"],"score":568,"play_id":"c96ea8ad-cd42-4b9e-9c6a-13f2fba1d112","local_time":"20190612181637","is_ascension_mode":true,"campfire_choices":[{"data":"Bash","floor":6,"key":"SMITH"},{"data":"Combust","floor":8,"key":"SMITH"},{"data":"Battle Trance","floor":11,"key":"SMITH"},{"data":"Fiend Fire","floor":15,"key":"SMITH"},{"data":"Apotheosis","floor":23,"key":"SMITH"}],"neow_cost":"NONE","seed_source_timestamp":361502163936700,"circlet_count":0,"master_deck":["AscendersBane","Strike_R","Strike_R","Strike_R","Strike_R","Defend_R","Defend_R","Defend_R","Defend_R","Bash+1","Combust+1","Battle Trance+1","Fiend Fire+1","Shrug It Off","Demon Form","Inflame","Apotheosis+1","Corruption","Shrug It Off","Feed"],"relics":["Burning Blood","NeowsBlessing","MawBank","Orichalcum","Paper Frog","Omamori","Coffee Dripper","Membership Card","Lantern","Red Mask"],"potions_floor_usage":[14,18],"damage_taken":[{"damage":0,"enemies":"Cultist","floor":1,"turns":1},{"damage":0,"enemies":"2 Louse","floor":3,"turns":1},{"damage":0,"enemies":"Lagavulin","floor":7,"turns":1},{"damage":43,"enemies":"3 Sentries","floor":10,"turns":7},{"damage":5,"enemies":"Small Slimes","floor":12,"turns":2},{"damage":17,"enemies":"Exordium Thugs","floor":14,"turns":3},{"damage":3,"enemies":"Slime Boss","floor":16,"turns":3},{"damage":10,"enemies":"3 Byrds","floor":18,"turns":4},{"damage":30,"enemies":"Masked Bandits","floor":21,"turns":4},{"damage":23,"enemies":"Chosen","floor":22,"turns":5},{"damage":4,"enemies":"Snecko","floor":24,"turns":5},{"damage":0,"enemies":"Shelled Parasite and Fungi","floor":25,"turns":1}],"seed_played":"-2888398035404975629","potions_obtained":[{"floor":1,"key":"SkillPotion"},{"floor":10,"key":"FearPotion"},{"floor":12,"key":"Fire Potion"},{"floor":21,"key":"Energy Potion"}],"is_trial":false,"path_per_floor":["M","$","M","?","?","R","E","R","T","E","R","M","?","M","R","B",null,"M","$","$","?","M","R","M","M"],"character_chosen":"IRONCLAD","items_purchased":["Membership Card","Inflame","Lantern","Apotheosis"],"campfire_rested":0,"item_purchase_floors":[20,20,20,20],"current_hp_per_floor":[74,74,75,75,64,64,70,70,70,33,33,34,34,23,23,26,63,59,59,59,35,18,18,20,20],"gold":87,"neow_bonus":"THREE_ENEMY_KILL","is_prod":false,"is_daily":false,"chose_seed":false,"campfire_upgraded":5,"win_rate":0,"timestamp":1560330997,"path_taken":["M","$","?","?","?","R","E","R","T","E","R","M","?","?","R","BOSS","M","?","$","?","M","R","M","M"],"build_version":"2019-01-23","purchased_purges":1,"victory":false,"max_hp_per_floor":[75,75,75,75,75,75,75,75,75,75,75,75,75,75,75,75,75,75,75,75,75,75,75,75,75],"card_choices":[{"not_picked":["Dropkick","Wild Strike","Warcry"],"picked":"SKIP","floor":1},{"not_picked":["Armaments","Clothesline","Havoc"],"picked":"SKIP","floor":3},{"not_picked":["Infernal Blade","Iron Wave"],"picked":"Combust","floor":7},{"not_picked":["Body Slam","Ghostly Armor"],"picked":"Battle Trance","floor":10},{"not_picked":["Iron Wave","Fire Breathing"],"picked":"Fiend Fire","floor":12},{"not_picked":["Pommel Strike","Clothesline"],"picked":"Shrug It Off","floor":14},{"not_picked":["Limit Break","Juggernaut"],"picked":"Demon Form","floor":16},{"not_picked":["Heavy Blade","Hemokinesis","Armaments"],"picked":"SKIP","floor":18},{"not_picked":["Perfected Strike","Sentinel"],"picked":"Corruption","floor":21},{"not_picked":["Cleave+1","Clash"],"picked":"Shrug It Off","floor":22},{"not_picked":["Dropkick","Armaments"],"picked":"Feed","floor":24}],"player_experience":613651,"relics_obtained":[{"floor":7,"key":"Orichalcum"},{"floor":9,"key":"Paper Frog"},{"floor":10,"key":"Omamori"},{"floor":21,"key":"Red Mask"}],"event_choices":[{"damage_healed":0,"gold_gain":0,"player_choice":"Box","damage_taken":0,"relics_obtained":["MawBank"],"max_hp_gain":0,"max_hp_loss":0,"event_name":"Big Fish","floor":4,"gold_loss":0,"cards_obtained":["Regret"]},{"damage_healed":0,"gold_gain":75,"player_choice":"Gather Gold","damage_taken":11,"max_hp_gain":0,"max_hp_loss":0,"event_name":"World of Goop","floor":5,"gold_loss":0},{"cards_removed":["Regret"],"damage_healed":0,"gold_gain":0,"player_choice":"Card Removal","damage_taken":0,"max_hp_gain":0,"max_hp_loss":0,"event_name":"The Cleric","floor":13,"gold_loss":75},{"damage_healed":0,"gold_gain":0,"player_choice":"Fought Bandits","damage_taken":0,"max_hp_gain":0,"max_hp_loss":0,"event_name":"Masked Bandits","floor":21,"gold_loss":0}],"is_beta":false,"boss_relics":[{"not_picked":["Ectoplasm","Runic Pyramid"],"picked":"Coffee Dripper"}],"items_purged_floors":[2],"is_endless":false,"potions_floor_spawned":[1,10,12,21],"killed_by":"Shelled Parasite and Fungi","ascension_level":20}