{"gold_per_floor":[111,127,137,137,137,167,177,177,255,287,297,310,310,322,322,397,397,409,324,338,338,8,34,34,34,34,84,116,140,60,75,75,147,147,160,177,229,229,60,92,92,117,141,141,172,190,216,226,226,226,226,226,226,10,41,41],"floor_reached":57,"playtime":3408,"items_purged":["Strike_B"],"score":2961,"play_id":"fe51adee-627e-487f-831c-7fc0df3ab8a7","local_time":"20190721171917","is_ascension_mode":true,"campfire_choices":[{"data":"Creative AI","floor":8,"key":"SMITH"},{"data":"Buffer","floor":13,"key":"SMITH"},{"data":"Consume","floor":15,"key":"SMITH"},{"data":"Defragment","floor":25,"key":"SMITH"},{"data":"Capacitor","floor":32,"key":"SMITH"},{"floor":41,"key":"RECALL"},{"floor":44,"key":"REST"},{"floor":49,"key":"REST"},{"floor":53,"key":"REST"}],"neow_cost":"NONE","seed_source_timestamp":176603031575000,"circlet_count":0,"master_deck":["AscendersBane","Strike_B","Defend_B","Defend_B","Defend_B","Defend_B","Zap","Dualcast","Creative AI+1","Double Energy","Cold Snap","Sunder+1","Coolheaded","Darkness+1","White Noise","Consume+1","Buffer+1","Loop","Multi-Cast+1","Hologram","Genetic Algorithm","Thunder Strike","Defragment+1","BootSequence+1","Double Energy","Capacitor+1","Defragment","Buffer","Glacier","Glacier+1","Coolheaded","Capacitor","Hologram+1","Glacier"],"relics":["FrozenCore","Bird Faced Urn","Bottled Tornado","DataDisk","War Paint","Bronze Scales","Oddly Smooth Stone","Gremlin Horn","Mango","Happy Flower","Fusion Hammer","Potion Belt","Strawberry","Vajra","Ancient Tea Set","Orichalcum","Du-Vu Doll","Art of War","Sundial"],"potions_floor_usage":[14,23,28,28,45,50,56,56,56,56],"damage_taken":[{"damage":1,"enemies":"2 Louse","floor":1,"turns":3},{"damage":1,"enemies":"Cultist","floor":2,"turns":3},{"damage":5,"enemies":"Small Slimes","floor":3,"turns":3},{"damage":15,"enemies":"Lagavulin","floor":6,"turns":9},{"damage":0,"enemies":"3 Louse","floor":7,"turns":13},{"damage":51,"enemies":"Gremlin Nob","floor":10,"turns":5},{"damage":11,"enemies":"Looter","floor":11,"turns":2},{"damage":8,"enemies":"Large Slime","floor":12,"turns":14},{"damage":7,"enemies":"Gremlin Gang","floor":14,"turns":4},{"damage":14,"enemies":"Hexaghost","floor":16,"turns":8},{"damage":75,"enemies":"3 Byrds","floor":18,"turns":16},{"damage":0,"enemies":"Chosen","floor":20,"turns":9},{"damage":43,"enemies":"Book of Stabbing","floor":23,"turns":13},{"damage":34,"enemies":"Gremlin Leader","floor":28,"turns":12},{"damage":2,"enemies":"Snecko","floor":31,"turns":7},{"damage":14,"enemies":"Champ","floor":33,"turns":14},{"damage":9,"enemies":"3 Darklings","floor":35,"turns":7},{"damage":0,"enemies":"3 Shapes","floor":36,"turns":5},{"damage":36,"enemies":"Reptomancer","floor":40,"turns":13},{"damage":1,"enemies":"Nemesis","floor":42,"turns":10},{"damage":58,"enemies":"Reptomancer","floor":45,"turns":10},{"damage":0,"enemies":"Maw","floor":46,"turns":9},{"damage":0,"enemies":"Giant Head","floor":47,"turns":8},{"damage":23,"enemies":"Transient","floor":48,"turns":6},{"damage":41,"enemies":"Awakened One","floor":50,"turns":18},{"damage":5,"enemies":"Time Eater","floor":51,"turns":10},{"damage":17,"enemies":"Shield and Spear","floor":55,"turns":9},{"damage":0,"enemies":"The Heart","floor":56,"turns":12}],"seed_played":"6448938517383814132","potions_obtained":[{"floor":1,"key":"SmokeBomb"},{"floor":6,"key":"Strength Potion"},{"floor":10,"key":"Swift Potion"},{"floor":14,"key":"EntropicBrew"},{"floor":16,"key":"Block Potion"},{"floor":23,"key":"SmokeBomb"},{"floor":33,"key":"Weak Potion"},{"floor":40,"key":"Strength Potion"},{"floor":42,"key":"Explosive Potion"},{"floor":46,"key":"LiquidBronze"},{"floor":48,"key":"Ancient Potion"}],"is_trial":false,"path_per_floor":["M","M","M","?","?","E","M","R","T","E","M","M","R","M","R","B",null,"M","?","M","?","$","E","?","R","T","?","E","T","$","M","R","B",null,"M","M","T","?","$","E","R","E","T","R","E","M","E","M","R","B","B",null,"R","$","E","B",null],"character_chosen":"DEFECT","items_purchased":["Bronze Scales","Defragment","Capacitor","Potion Belt","Art of War","Dexterity Potion"],"campfire_rested":3,"item_purchase_floors":[22,22,30,39,54,54],"current_hp_per_floor":[63,62,57,57,57,42,71,71,71,24,13,45,45,42,42,52,66,71,71,71,71,71,63,42,42,42,42,60,60,60,78,78,85,85,85,85,85,81,81,88,88,88,88,88,58,88,88,83,88,88,88,88,88,88,86,88],"gold":41,"neow_bonus":"ONE_RANDOM_RARE_CARD","is_prod":false,"is_daily":false,"chose_seed":false,"campfire_upgraded":5,"win_rate":0,"timestamp":1563697157,"path_taken":["M","M","M","?","?","E","M","R","T","E","M","M","R","?","R","BOSS","M","?","M","?","$","E","?","R","T","?","E","?","?","M","R","BOSS","M","?","?","?","$","E","R","E","T","R","E","M","E","M","R","BOSS","BOSS","R","$","E","BOSS"],"build_version":"2019-07-17","purchased_purges":1,"victory":true,"max_hp_per_floor":[71,71,71,71,71,71,71,71,71,71,71,71,71,71,71,71,71,71,71,71,71,71,71,71,71,71,71,85,85,85,85,85,85,85,85,85,85,81,81,88,88,88,88,88,88,88,88,88,88,88,88,88,88,88,88,88],"card_choices":[{"not_picked":["FTL","Turbo"],"picked":"Double Energy","floor":1},{"not_picked":["Fusion","Turbo"],"picked":"Cold Snap","floor":2},{"not_picked":["Reprogram","Conserve Battery"],"picked":"Sunder","floor":3},{"not_picked":["Steam Power","Tempest"],"picked":"Coolheaded","floor":6},{"not_picked":["Hologram","Hello World"],"picked":"Darkness","floor":7},{"not_picked":["Stack","Lockon"],"picked":"White Noise","floor":10},{"not_picked":["Force Field","Compile Driver"],"picked":"Consume","floor":11},{"not_picked":["Chaos","Cold Snap"],"picked":"Buffer","floor":12},{"not_picked":["Cold Snap","Beam Cell"],"picked":"Loop","floor":14},{"not_picked":["All For One","Meteor Strike"],"picked":"Multi-Cast","floor":16},{"not_picked":["Beam Cell+1","Streamline","Hologram"],"picked":"SKIP","floor":18},{"not_picked":["Beam Cell+1","Streamline"],"picked":"Hologram","floor":18},{"not_picked":["Barrage","Sweeping Beam","Reprogram"],"picked":"SKIP","floor":20},{"not_picked":["Doom and Gloom","Auto Shields"],"picked":"BootSequence+1","floor":23},{"not_picked":["Cold Snap","Redo+1"],"picked":"Double Energy","floor":28},{"not_picked":["Hello World","Steam"],"picked":"Defragment","floor":31},{"not_picked":["All For One","Rainbow"],"picked":"Buffer","floor":33},{"not_picked":["Beam Cell+1","Cold Snap","Hologram"],"picked":"SKIP","floor":35},{"not_picked":["Ball Lightning","Fusion"],"picked":"Glacier","floor":36},{"not_picked":["Darkness+1","Recycle"],"picked":"Glacier+1","floor":40},{"not_picked":["Genetic Algorithm","Sweeping Beam","Cold Snap+1"],"picked":"SKIP","floor":42},{"not_picked":["Go for the Eyes","Steam Power","Beam Cell"],"picked":"SKIP","floor":45},{"not_picked":["Turbo","Streamline+1"],"picked":"Coolheaded","floor":46},{"not_picked":["Sunder","Self Repair"],"picked":"Capacitor","floor":47},{"not_picked":["Self Repair","Melter"],"picked":"Hologram+1","floor":48},{"not_picked":["Stack","Machine Learning"],"picked":"Glacier","floor":55}],"player_experience":1117024,"relics_obtained":[{"floor":6,"key":"Bird Faced Urn"},{"floor":9,"key":"Bottled Tornado"},{"floor":10,"key":"DataDisk"},{"floor":23,"key":"Oddly Smooth Stone"},{"floor":26,"key":"Gremlin Horn"},{"floor":28,"key":"Mango"},{"floor":29,"key":"Happy Flower"},{"floor":40,"key":"Strawberry"},{"floor":42,"key":"Vajra"},{"floor":43,"key":"Ancient Tea Set"},{"floor":45,"key":"Orichalcum"},{"floor":47,"key":"Du-Vu Doll"},{"floor":55,"key":"Sundial"}],"event_choices":[{"damage_healed":0,"gold_gain":0,"player_choice":"Ignored","damage_taken":0,"max_hp_gain":0,"max_hp_loss":0,"event_name":"Liars Game","floor":4,"gold_loss":0},{"damage_healed":0,"gold_gain":0,"player_choice":"Upgraded","damage_taken":0,"max_hp_gain":0,"max_hp_loss":0,"event_name":"Upgrade Shrine","floor":5,"gold_loss":0,"cards_upgraded":["Sunder"]},{"damage_healed":0,"gold_gain":0,"player_choice":"Obtained Relic","damage_taken":0,"relics_obtained":["War Paint"],"max_hp_gain":0,"max_hp_loss":0,"event_name":"Addict","floor":19,"gold_loss":85},{"damage_healed":0,"gold_gain":0,"cards_transformed":["Strike_B","Strike_B"],"player_choice":"Became Test Subject","damage_taken":0,"max_hp_gain":0,"max_hp_loss":0,"event_name":"Drug Dealer","floor":21,"gold_loss":0,"cards_obtained":["Genetic Algorithm","Thunder Strike"]},{"damage_healed":0,"gold_gain":0,"player_choice":"Obtained Book","damage_taken":21,"max_hp_gain":0,"max_hp_loss":0,"event_name":"Cursed Tome","floor":24,"gold_loss":0},{"damage_healed":0,"gold_gain":50,"player_choice":"Stole From Cult","damage_taken":0,"max_hp_gain":0,"max_hp_loss":0,"event_name":"Nest","floor":27,"gold_loss":0},{"damage_healed":0,"gold_gain":0,"player_choice":"Max HP","damage_taken":0,"max_hp_gain":0,"max_hp_loss":4,"event_name":"Winding Halls","floor":38,"gold_loss":0}],"is_beta":false,"boss_relics":[{"not_picked":["Cursed Key","White Beast Statue"],"picked":"FrozenCore"},{"not_picked":["Runic Dome","Tiny House"],"picked":"Fusion Hammer"}],"items_purged_floors":[22],"is_endless":false,"potions_floor_spawned":[1,6,10,14,16,18,23,33,40,42,46,48,55],"ascension_level":20}