{"gold_per_floor":[114,134,145,220,232,232,266,276,276,306,306,36,36,36,36,108,108,118,129,146,166,178,178,237,255,255,255,354,354,51,104,104,104],"floor_reached":33,"playtime":2864,"items_purged":["Strike_G","Normality"],"score":471,"play_id":"79397705-628b-401c-920b-e4d626646b86","local_time":"20190512135228","is_ascension_mode":true,"campfire_choices":[{"floor":6,"key":"REST"},{"floor":11,"key":"REST"},{"data":"Predator","floor":13,"key":"SMITH"},{"floor":15,"key":"REST"},{"data":"Predator","floor":23,"key":"SMITH"},{"floor":32,"key":"REST"}],"neow_cost":"NONE","seed_source_timestamp":8684003746686,"circlet_count":0,"master_deck":["AscendersBane","Defend_G","Defend_G","Defend_G","Defend_G","Defend_G","Strike_G","Survivor","Neutralize","Quick Slash","Underhanded Strike","Dagger Throw","PiercingWail","Predator+1","Mayhem","Leg Sweep","Predator+1","Bouncing Flask","Pain","Prepared","Deflect","Shame"],"relics":["Snecko Eye","Mercury Hourglass","Darkstone Periapt","Cursed Key","Tiny Chest","Meat on the Bone","Orichalcum","Oddly Smooth Stone","Ancient Tea Set"],"potions_floor_usage":[7,10,16,19,20,33,33],"damage_taken":[{"damage":10,"enemies":"Small Slimes","floor":1,"turns":10},{"damage":1,"enemies":"Cultist","floor":2,"turns":3},{"damage":2,"enemies":"Jaw Worm","floor":3,"turns":5},{"damage":7,"enemies":"2 Fungi Beasts","floor":5,"turns":4},{"damage":12,"enemies":"Gremlin Nob","floor":7,"turns":4},{"damage":3,"enemies":"Blue Slaver","floor":8,"turns":4},{"damage":22,"enemies":"3 Sentries","floor":10,"turns":7},{"damage":5,"enemies":"Slime Boss","floor":16,"turns":9},{"damage":13,"enemies":"3 Byrds","floor":18,"turns":5},{"damage":0,"enemies":"Shell Parasite","floor":19,"turns":6},{"damage":13,"enemies":"Shelled Parasite and Fungi","floor":20,"turns":7},{"damage":0,"enemies":"3 Cultists","floor":21,"turns":5},{"damage":1,"enemies":"Centurion and Healer","floor":22,"turns":5},{"damage":34,"enemies":"Book of Stabbing","floor":24,"turns":6},{"damage":15,"enemies":"Shelled Parasite and Fungi","floor":25,"turns":3},{"damage":54,"enemies":"Automaton","floor":33,"turns":8}],"seed_played":"5651264029063946093","potions_obtained":[{"floor":2,"key":"PowerPotion"},{"floor":7,"key":"FearPotion"},{"floor":8,"key":"SpeedPotion"},{"floor":16,"key":"Regen Potion"},{"floor":18,"key":"Regen Potion"},{"floor":22,"key":"EssenceOfSteel"},{"floor":24,"key":"PowerPotion"},{"floor":25,"key":"Energy Potion"}],"is_trial":false,"path_per_floor":["M","M","M","?","M","R","E","M","T","E","R","$","R","?","R","B",null,"M","M","M","M","M","R","E","M","T","T","?","?","$","T","R","B"],"character_chosen":"THE_SILENT","items_purchased":["Mayhem","Oddly Smooth Stone","PowerPotion"],"campfire_rested":4,"item_purchase_floors":[12,30,30],"current_hp_per_floor":[49,48,46,35,28,47,35,32,32,10,29,29,29,29,48,43,60,47,62,64,64,63,63,29,14,20,26,26,26,26,32,57,3],"gold":104,"neow_bonus":"BOSS_RELIC","is_prod":false,"is_daily":false,"chose_seed":false,"campfire_upgraded":2,"win_rate":0,"timestamp":1557661948,"path_taken":["M","M","M","?","M","R","E","M","T","E","R","$","R","?","R","BOSS","M","M","M","M","M","R","E","M","T","?","?","?","$","?","R","BOSS"],"build_version":"2019-01-23","purchased_purges":2,"victory":false,"max_hp_per_floor":[66,66,66,66,66,66,66,66,66,66,66,66,66,66,66,66,66,66,66,66,66,66,66,66,66,72,78,78,78,78,84,84,84],"card_choices":[{"not_picked":["Deflect","Catalyst"],"picked":"Quick Slash","floor":1},{"not_picked":["Flying Knee","Quick Slash"],"picked":"Underhanded Strike","floor":2},{"not_picked":["Blade Dance","Setup"],"picked":"Dagger Throw","floor":3},{"not_picked":["Noxious Fumes","Deflect"],"picked":"PiercingWail","floor":5},{"not_picked":["Dash","Blade Dance"],"picked":"Predator","floor":10},{"not_picked":["Quick Slash","Dagger Spray"],"picked":"Predator","floor":19},{"not_picked":["PiercingWail","Dodge and Roll"],"picked":"Bouncing Flask","floor":24}],"player_experience":837988,"relics_obtained":[{"floor":9,"key":"Mercury Hourglass"},{"floor":10,"key":"Darkstone Periapt"},{"floor":24,"key":"Tiny Chest"},{"floor":26,"key":"Meat on the Bone"},{"floor":27,"key":"Orichalcum"},{"floor":31,"key":"Ancient Tea Set"}],"event_choices":[{"damage_healed":0,"gold_gain":75,"player_choice":"Gather Gold","damage_taken":11,"max_hp_gain":0,"max_hp_loss":0,"event_name":"World of Goop","floor":4,"gold_loss":0},{"damage_healed":0,"gold_gain":0,"cards_transformed":["Strike_G"],"player_choice":"Transformed","damage_taken":0,"max_hp_gain":0,"max_hp_loss":0,"event_name":"Transmorgrifier","floor":14,"gold_loss":0,"cards_obtained":["Leg Sweep"]},{"damage_healed":0,"gold_gain":99,"player_choice":"Stole From Cult","damage_taken":0,"max_hp_gain":0,"max_hp_loss":0,"event_name":"Nest","floor":28,"gold_loss":0},{"damage_healed":0,"gold_gain":0,"cards_transformed":["Strike_G","Strike_G"],"player_choice":"Became Test Subject","damage_taken":0,"max_hp_gain":0,"max_hp_loss":0,"event_name":"Drug Dealer","floor":29,"gold_loss":0,"cards_obtained":["Prepared","Deflect"]}],"is_beta":false,"boss_relics":[{"not_picked":["Calling Bell","White Beast Statue"],"picked":"Cursed Key"}],"items_purged_floors":[12,30],"is_endless":false,"potions_floor_spawned":[2,7,8,16,18,22,24,25],"killed_by":"Automaton","ascension_level":14}