{"gold_per_floor":[118,118,42,55,130,130,147,147,147,165,200,200,219,219,219,321,321,335,335,370,370,354,354,383,167,191,191,207,239,8,23,23,23],"floor_reached":33,"playtime":2424,"items_purged":[],"score":447,"play_id":"c3029860-099f-434c-b13d-6886256036cc","local_time":"20190612185416","is_ascension_mode":true,"campfire_choices":[{"floor":6.0,"key":"REST"},{"data":"Prepared","floor":8.0,"key":"SMITH"},{"data":"Underhanded Strike","floor":12.0,"key":"SMITH"},{"data":"Reflex","floor":15.0,"key":"SMITH"},{"floor":23,"key":"REST"},{"floor":27,"key":"REST"},{"floor":32,"key":"REST"}],"neow_cost":"NONE","seed_source_timestamp":1482318746073649,"circlet_count":0,"master_deck":["Defend_G","Defend_G","Defend_G","Defend_G","Strike_G","Strike_G","Strike_G","Strike_G+1","Strike_G","Survivor","Neutralize","Underhanded Strike+1","Prepared+1","Dagger Throw+1","All Out Attack","Dash","Acrobatics","Reflex+1","Burst","Reflex","Tactician","Escape Plan","Underhanded Strike","Escape Plan","Backflip","Backflip+1","Discovery","Underhanded Strike","Doppelganger"],"special_seed":0,"relics":["Ring of the Snake","NeowsBlessing","Lantern","Matryoshka","FossilizedHelix","Sozu","Red Mask","Darkstone Periapt","Paper Crane","Bag of Preparation","Omamori","PreservedInsect","Dream Catcher","Whetstone"],"potions_floor_usage":[],"damage_taken":[{"damage":0.0,"enemies":"Jaw Worm","floor":1.0,"turns":1.0},{"damage":0.0,"enemies":"2 Louse","floor":4.0,"turns":1.0},{"damage":0.0,"enemies":"Small Slimes","floor":7.0,"turns":1.0},{"damage":0.0,"enemies":"Exordium Thugs","floor":10.0,"turns":3.0},{"damage":6.0,"enemies":"Lagavulin","floor":11.0,"turns":6.0},{"damage":0.0,"enemies":"Blue Slaver","floor":13.0,"turns":3.0},{"damage":50.0,"enemies":"The Guardian","floor":16.0,"turns":17.0},{"damage":0.0,"enemies":"Spheric Guardian","floor":18.0,"turns":3.0},{"damage":33,"enemies":"Masked Bandits","floor":20,"turns":5},{"damage":0,"enemies":"2 Thieves","floor":22,"turns":4},{"damage":25,"enemies":"Gremlin Leader","floor":24,"turns":10},{"damage":7,"enemies":"Cultist and Chosen","floor":28,"turns":7},{"damage":0,"enemies":"Slavers","floor":29,"turns":3},{"damage":0,"enemies":"Snecko","floor":31,"turns":4},{"damage":75,"enemies":"Champ","floor":33,"turns":9}],"seed_played":"-3332411923062404649","potions_obtained":[{"floor":1.0,"key":"SteroidPotion"},{"floor":7.0,"key":"Block Potion"},{"floor":11.0,"key":"Swift Potion"}],"is_trial":false,"path_per_floor":["M","?","$","M","?","R","M","R","T","M","E","R","M","?","R","B",null,"M","?","?","?","M","R","E","$","T","R","M","E","$","M","R","B"],"character_chosen":"THE_SILENT","items_purchased":["Prepared","Dagger Throw","Escape Plan","Bag of Preparation","Discovery","Whetstone"],"campfire_rested":4,"item_purchase_floors":[3,3,25,25,30,30],"current_hp_per_floor":[63,56,56,56,45,66,66,66,66,66,60,60,60,60,60,10,55,55,55,22,22,22,43,18,18,18,39,32,32,32,32,53,0],"gold":23,"neow_bonus":"THREE_ENEMY_KILL","is_prod":false,"is_daily":false,"chose_seed":false,"campfire_upgraded":3,"win_rate":0,"timestamp":1560354856,"path_taken":["M","?","$","M","?","R","M","R","T","M","E","R","M","?","R","BOSS","M","?","?","?","M","R","E","$","T","R","M","E","$","M","R","BOSS"],"build_version":"2019-01-23","purchased_purges":0,"victory":false,"max_hp_per_floor":[70,70,70,70,70,70,70,70,70,70,70,70,70,70,70,70,70,70,70,70,70,70,70,70,70,70,70,70,70,70,70,70,70],"card_choices":[{"not_picked":["Dodge and Roll","Blade Dance"],"picked":"Underhanded Strike","floor":1.0},{"not_picked":["Deflect","Outmaneuver","Bane"],"picked":"SKIP","floor":4.0},{"not_picked":["Dagger Spray","Bane"],"picked":"All Out Attack","floor":7.0},{"not_picked":["PiercingWail","Infinite Blades"],"picked":"Dash","floor":10.0},{"not_picked":["Envenom","Riddle With Holes","Deadly Poison"],"picked":"SKIP","floor":11.0},{"not_picked":["Backflip","Dash"],"picked":"Acrobatics","floor":13.0},{"not_picked":["Die Die Die","Malaise"],"picked":"Burst","floor":16.0},{"not_picked":["Backflip","Masterful Stab"],"picked":"Reflex","floor":18.0},{"not_picked":["Terror","Quick Slash"],"picked":"Escape Plan","floor":20},{"not_picked":["Calculated Gamble","Poisoned Stab+1"],"picked":"Underhanded Strike","floor":22},{"not_picked":["Dodge and Roll","Accuracy+1","Noxious Fumes"],"picked":"SKIP","floor":24},{"not_picked":["Quick Slash+1","Outmaneuver"],"picked":"Backflip","floor":28},{"not_picked":["Caltrops","Finisher"],"picked":"Backflip+1","floor":29},{"not_picked":["Blade Dance","Bouncing Flask"],"picked":"Underhanded Strike","floor":31},{"not_picked":["Dagger Spray","PiercingWail"],"picked":"Doppelganger","floor":32}],"player_experience":1516520,"relics_obtained":[{"floor":9.0,"key":"Matryoshka"},{"floor":11.0,"key":"FossilizedHelix"},{"floor":20,"key":"Red Mask"},{"floor":24,"key":"Paper Crane"},{"floor":26,"key":"Omamori"},{"floor":26,"key":"PreservedInsect"},{"floor":29,"key":"Dream Catcher"}],"event_choices":[{"damage_healed":0.0,"max_hp_gain":0.0,"max_hp_loss":0.0,"gold_gain":0.0,"event_name":"Scrap Ooze","player_choice":"Success","floor":2.0,"gold_loss":0.0,"damage_taken":7.0,"relics_obtained":["Lantern"]},{"damage_healed":0.0,"max_hp_gain":0.0,"max_hp_loss":0.0,"gold_gain":75.0,"event_name":"World of Goop","player_choice":"Gather Gold","floor":5.0,"gold_loss":0.0,"damage_taken":11.0},{"damage_healed":0.0,"max_hp_gain":0.0,"max_hp_loss":0.0,"gold_gain":0.0,"cards_transformed":["Defend_G"],"event_name":"Transmorgrifier","player_choice":"Transformed","floor":14.0,"gold_loss":0.0,"damage_taken":0.0,"cards_obtained":["Reflex"]},{"damage_healed":0.0,"max_hp_gain":0.0,"max_hp_loss":0.0,"gold_gain":0.0,"event_name":"The Library","player_choice":"Read","floor":19.0,"gold_loss":0.0,"damage_taken":0.0,"cards_obtained":["Tactician"]},{"damage_healed":0,"gold_gain":0,"player_choice":"Fought Bandits","damage_taken":0,"max_hp_gain":0,"max_hp_loss":0,"event_name":"Masked Bandits","floor":20,"gold_loss":0},{"damage_healed":0,"gold_gain":0,"player_choice":"Opened","damage_taken":0,"relics_obtained":["Darkstone Periapt"],"max_hp_gain":0,"max_hp_loss":0,"event_name":"The Mausoleum","floor":21,"gold_loss":0}],"is_beta":false,"boss_relics":[{"not_picked":["Velvet Choker","Black Star"],"picked":"Sozu"}],"items_purged_floors":[],"is_endless":false,"potions_floor_spawned":[1,7,11,20,22,28,29,31],"killed_by":"Champ","ascension_level":9}