{"path_per_floor":["M","M","M","M","M","E","R","M","T","R","$","?","M","E","R","B",null,"M","$","?","$","M","E","R","?","T","?","R","E","M","M","R"],"character_chosen":"THE_SILENT","items_purchased":[],"gold_per_floor":[20,38,58,72,90,118,118,136,136,136,136,214,224,254,254,350,350,365,365,365,365,383,712,712,712,766,766,766,792,811,829,829],"floor_reached":33,"campfire_rested":3,"playtime":4418,"current_hp_per_floor":[70,70,68,65,65,57,57,57,57,57,57,57,57,56,77,58,77,65,65,49,49,49,47,70,70,70,70,70,68,60,44,67],"items_purged":[],"gold":829,"score":297,"play_id":"83aa124e-9e31-4de0-af99-6ed5ced8aab8","is_prod":false,"is_daily":false,"is_ascension_mode":false,"campfire_upgraded":2,"path_taken":["M","M","M","M","M","E","R","M","T","R","$","?","M","E","R","BOSS","M","$","?","$","M","E","R","?","T","?","R","E","M","M","R","BOSS"],"build_version":"2018-02-22-PROD2","purchased_purges":0,"victory":false,"master_deck":["Defend_G","Defend_G","Defend_G","Defend_G","Defend_G","Strike_G","Strike_G","Strike_G","Strike_G","Strike_G","Survivor","Neutralize+1","Bullet Time","Terror+1","Predator","Venomology","Adrenaline","Prepared+1","Escape Plan"],"max_hp_per_floor":[70,70,70,70,70,70,70,70,70,70,70,70,70,77,77,77,77,77,77,77,77,77,77,77,77,77,77,77,77,77,77,77],"relics":["Ring of the Snake","Paper Crane","Omamori","Strawberry","Black Star","Nilry\u0027s Codex","Girya","Old Coin","Blood Vial","Juzu Bracelet","Vajra"],"card_choices":[{"not_picked":["A Thousand Cuts","Adrenaline"],"picked":"Bullet Time"},{"not_picked":["Outmaneuver","Dagger Throw"],"picked":"Terror"},{"not_picked":["Concentrate","Reflex"],"picked":"Predator"},{"not_picked":["Concentrate","Dodge and Roll"],"picked":"Venomology"},{"not_picked":["Night Terror","Venomology"],"picked":"Adrenaline"},{"not_picked":["Infinite Blades","Backstab"],"picked":"Prepared"}],"player_experience":173720,"potions_floor_usage":[33,33],"damage_taken":[{"damage":0.0,"enemies":"Cultist","floor":1.0,"turns":4.0},{"damage":0.0,"enemies":"Jaw Worm","floor":2.0,"turns":4.0},{"damage":2.0,"enemies":"2 Louse","floor":3.0,"turns":4.0},{"damage":3.0,"enemies":"Exordium Thugs","floor":4.0,"turns":4.0},{"damage":0.0,"enemies":"Large Slime","floor":5.0,"turns":4.0},{"damage":8.0,"enemies":"Lagavulin","floor":6.0,"turns":4.0},{"damage":0.0,"enemies":"Gremlin Gang","floor":8.0,"turns":3.0},{"damage":0.0,"enemies":"Blue Slaver","floor":13.0,"turns":3.0},{"damage":8.0,"enemies":"3 Sentries","floor":14.0,"turns":7.0},{"damage":19.0,"enemies":"The Guardian","floor":16.0,"turns":10.0},{"damage":12.0,"enemies":"Spheric Guardian","floor":18.0,"turns":7.0},{"damage":0.0,"enemies":"3 Byrds","floor":22.0,"turns":6.0},{"damage":2.0,"enemies":"Book of Stabbing","floor":23.0,"turns":8.0},{"damage":4.0,"enemies":"Gremlin Leader","floor":29.0,"turns":6.0},{"damage":19.0,"enemies":"Sentry and Sphere","floor":30.0,"turns":5.0},{"damage":18.0,"enemies":"Centurion and Healer","floor":31.0,"turns":5.0},{"damage":82,"enemies":"Automaton","floor":33,"turns":7}],"event_choices":[{"event_name":"Golden Wing","player_choice":"Gained Gold","floor":12.0,"damage_taken":0.0},{"event_name":"Cursed Tome","player_choice":"Obtained Book","floor":20.0,"damage_taken":0.0},{"event_name":"The Library","player_choice":"Read","floor":25.0,"damage_taken":0.0},{"event_name":"Beggar","player_choice":"Ignored","floor":27.0,"damage_taken":0.0}],"boss_relics":[],"potions_floor_spawned":[1,3,4,8,14,16,18,22,30],"seed_played":"-1974040457470708929","killed_by":"Automaton","ascension_level":0,"is_trial":false}