{"gold_per_floor":[119,119,135,135,44,44,74,74,74,103,103,114,114,142,142,216,216,228,228,228,248,263,112,139,139,139,139,139,172,183,193,193,193],"floor_reached":33,"playtime":927,"items_purged":["Strike_B+1"],"score":752,"play_id":"6a78913c-5eaf-4d0a-bd4b-1462f94ade09","local_time":"20190725181531","is_ascension_mode":true,"campfire_choices":[{"data":"Self Repair","floor":6,"key":"SMITH"},{"data":"Darkness","floor":8,"key":"SMITH"},{"data":"Dualcast","floor":13,"key":"SMITH"},{"data":"Zap","floor":15,"key":"SMITH"},{"data":"Blizzard","floor":25,"key":"SMITH"},{"data":"Coolheaded","floor":28,"key":"SMITH"},{"data":"Multi-Cast","floor":32,"key":"SMITH"}],"neow_cost":"NONE","seed_source_timestamp":528067644797600,"circlet_count":0,"master_deck":["AscendersBane","Strike_B+1","Strike_B+1","Strike_B+1","Defend_B+1","Defend_B+1","Defend_B+1","Defend_B+1","Zap+1","Dualcast+1","Self Repair+1","Chill","Ball Lightning","Darkness+1","Chill","Multi-Cast+1","Coolheaded+1","Core Surge","Blizzard+1","Defragment+1","Cold Snap","Lockon","Loop+1"],"relics":["Cracked Core","NeowsBlessing","FossilizedHelix","Frozen Egg 2","Dodecahedron","Meat on the Bone","Letter Opener","Coffee Dripper","Strawberry","Pen Nib","Bag of Marbles","The Courier"],"potions_floor_usage":[14,21,24,29,33],"damage_taken":[{"damage":0,"enemies":"2 Louse","floor":1,"turns":1},{"damage":0,"enemies":"Cultist","floor":3,"turns":1},{"damage":0,"enemies":"Lagavulin","floor":7,"turns":1},{"damage":11,"enemies":"3 Sentries","floor":10,"turns":8},{"damage":0,"enemies":"Jaw Worm","floor":12,"turns":4},{"damage":33,"enemies":"Gremlin Nob","floor":14,"turns":4},{"damage":0,"enemies":"Slime Boss","floor":16,"turns":6},{"damage":13,"enemies":"Shell Parasite","floor":18,"turns":5},{"damage":3,"enemies":"3 Byrds","floor":21,"turns":3},{"damage":0,"enemies":"Centurion and Healer","floor":22,"turns":6},{"damage":21,"enemies":"Book of Stabbing","floor":24,"turns":5},{"damage":33,"enemies":"Gremlin Leader","floor":29,"turns":6},{"damage":0,"enemies":"Shelled Parasite and Fungi","floor":30,"turns":5},{"damage":16,"enemies":"Snake Plant","floor":31,"turns":2},{"damage":54,"enemies":"Collector","floor":33,"turns":8}],"seed_played":"14163117149159469","potions_obtained":[{"floor":1,"key":"GamblersBrew"},{"floor":12,"key":"GamblersBrew"},{"floor":16,"key":"Block Potion"},{"floor":18,"key":"Explosive Potion"},{"floor":21,"key":"Poison Potion"},{"floor":30,"key":"GamblersBrew"}],"is_trial":false,"path_per_floor":["M","?","M","?","$","R","E","R","T","E","T","M","R","E","R","B",null,"M","?","?","M","M","$","E","R","T","T","R","E","M","M","R","B"],"character_chosen":"DEFECT","items_purchased":["Chill","Ball Lightning","Defragment+1"],"campfire_rested":0,"item_purchase_floors":[5,5,23],"current_hp_per_floor":[64,64,64,57,57,57,67,67,67,66,66,71,71,48,48,58,68,65,65,65,62,71,71,67,67,67,67,67,56,66,50,50,0],"gold":193,"neow_bonus":"THREE_ENEMY_KILL","is_prod":false,"is_daily":false,"chose_seed":false,"campfire_upgraded":7,"win_rate":0,"timestamp":1564046131,"path_taken":["M","?","?","?","$","R","E","R","T","E","?","M","R","E","R","BOSS","M","?","?","M","M","?","E","R","T","?","R","E","?","M","R","BOSS"],"build_version":"2019-07-17","purchased_purges":1,"victory":false,"max_hp_per_floor":[71,71,71,71,71,71,71,71,71,71,71,71,71,71,71,71,71,71,71,71,71,71,71,78,78,78,78,78,78,78,78,78,78],"card_choices":[{"not_picked":["Chaos","Hologram"],"picked":"Self Repair","floor":1},{"not_picked":["Redo","Heatsinks","Streamline"],"picked":"SKIP","floor":3},{"not_picked":["Redo","Storm"],"picked":"Darkness","floor":7},{"not_picked":["Stack","Reprogram"],"picked":"Chill","floor":10},{"not_picked":["Turbo","Chaos","Compile Driver"],"picked":"SKIP","floor":12},{"not_picked":["Darkness","Rebound","Go for the Eyes"],"picked":"SKIP","floor":14},{"not_picked":["Meteor Strike","All For One"],"picked":"Multi-Cast","floor":16},{"not_picked":["Redo","Streamline"],"picked":"Coolheaded","floor":18},{"not_picked":["Doom and Gloom","Amplify","Barrage"],"picked":"SKIP","floor":21},{"not_picked":["Redo","Ball Lightning"],"picked":"Blizzard","floor":22},{"not_picked":["Gash","Storm+1"],"picked":"Cold Snap","floor":24},{"not_picked":["Streamline","Hello World+1"],"picked":"Lockon","floor":29},{"not_picked":["Undo","Gash","Darkness"],"picked":"SKIP","floor":30},{"not_picked":["Buffer+1","Stack"],"picked":"Loop+1","floor":31}],"player_experience":1207081,"relics_obtained":[{"floor":7,"key":"FossilizedHelix"},{"floor":9,"key":"Frozen Egg 2"},{"floor":10,"key":"Dodecahedron"},{"floor":11,"key":"Meat on the Bone"},{"floor":14,"key":"Letter Opener"},{"floor":24,"key":"Strawberry"},{"floor":26,"key":"Pen Nib"},{"floor":27,"key":"Bag of Marbles"},{"floor":29,"key":"The Courier"}],"event_choices":[{"damage_healed":0,"gold_gain":0,"player_choice":"Cursed","damage_taken":0,"max_hp_gain":0,"max_hp_loss":0,"event_name":"Wheel of Change","floor":2,"gold_loss":0,"cards_obtained":["Decay"]},{"cards_removed":["Decay"],"damage_healed":0,"gold_gain":0,"player_choice":"Card Removal","damage_taken":7,"max_hp_gain":0,"max_hp_loss":0,"event_name":"Golden Wing","floor":4,"gold_loss":0},{"damage_healed":0,"gold_gain":0,"player_choice":"Read","damage_taken":0,"max_hp_gain":0,"max_hp_loss":0,"event_name":"The Library","floor":19,"gold_loss":0,"cards_obtained":["Core Surge"]},{"damage_healed":0,"gold_gain":0,"player_choice":"Simplicity","damage_taken":0,"max_hp_gain":0,"max_hp_loss":0,"event_name":"Back to Basics","floor":20,"gold_loss":0,"cards_upgraded":["Strike_B","Strike_B","Strike_B","Strike_B","Defend_B","Defend_B","Defend_B","Defend_B"]}],"is_beta":false,"boss_relics":[{"not_picked":["Velvet Choker","Lizard Tail"],"picked":"Coffee Dripper"}],"items_purged_floors":[23],"is_endless":false,"potions_floor_spawned":[1,12,16,18,21,30],"killed_by":"Collector","ascension_level":20}