{"gold_per_floor":[113,38,38,55,70,395,395,425,495,495,511,511,527,552,552,646,709,730,745,745,247,247],"floor_reached":22,"playtime":802,"items_purged":["Strike_B"],"score":392,"play_id":"035bf0d6-85b0-4981-8fb3-e491b1d0fe89","local_time":"20190729173053","is_ascension_mode":true,"campfire_choices":[{"data":"Static Discharge","floor":7,"key":"SMITH"},{"floor":10,"key":"REST"},{"data":"Consume","floor":15,"key":"SMITH"}],"neow_cost":"NONE","seed_source_timestamp":871118359567800,"circlet_count":0,"master_deck":["AscendersBane","Strike_B","Strike_B","Defend_B+1","Defend_B","Defend_B","Defend_B","Zap","Dualcast","FTL","Consume+1","Static Discharge+1","Coolheaded","Fission","Skim","Chill","Loop","Core Surge"],"relics":["Lizard Tail","Old Coin","Regal Pillow","Sundial","Golden Idol","Tiny House","Incense Burner"],"potions_floor_usage":[6,16,18,22],"damage_taken":[{"damage":3,"enemies":"2 Louse","floor":1,"turns":2},{"damage":2,"enemies":"Cultist","floor":4,"turns":4},{"damage":12,"enemies":"Jaw Worm","floor":5,"turns":3},{"damage":53,"enemies":"Lagavulin","floor":6,"turns":9},{"damage":30,"enemies":"3 Sentries","floor":8,"turns":5},{"damage":17,"enemies":"2 Fungi Beasts","floor":11,"turns":3},{"damage":8,"enemies":"Exordium Wildlife","floor":13,"turns":4},{"damage":13,"enemies":"Red Slaver","floor":14,"turns":3},{"damage":10,"enemies":"Hexaghost","floor":16,"turns":9},{"damage":5,"enemies":"Chosen","floor":18,"turns":4},{"damage":30,"enemies":"2 Thieves","floor":19,"turns":4},{"damage":17,"enemies":"Centurion and Healer","floor":22,"turns":5}],"seed_played":"375654024988366002","potions_obtained":[{"floor":1,"key":"Regen Potion"},{"floor":8,"key":"SpeedPotion"},{"floor":11,"key":"Strength Potion"},{"floor":17,"key":"Poison Potion"},{"floor":18,"key":"FocusPotion"}],"is_trial":false,"path_per_floor":["M","?","?","M","M","E","R","E","T","R","M","?","M","M","R","B",null,"M","M","?","$","M"],"character_chosen":"DEFECT","items_purchased":["Incense Burner","Core Surge"],"campfire_rested":1,"item_purchase_floors":[21,21],"current_hp_per_floor":[61,61,61,59,47,9,9,15,15,51,34,34,26,13,13,3,54,49,19,19,19,2],"gold":247,"neow_bonus":"BOSS_RELIC","is_prod":false,"is_daily":false,"chose_seed":false,"campfire_upgraded":2,"win_rate":0,"timestamp":1564389053,"path_taken":["M","?","?","?","M","E","R","E","T","R","M","?","M","M","R","BOSS","M","M","?","$","M"],"build_version":"2019-07-17","purchased_purges":1,"victory":false,"max_hp_per_floor":[71,71,71,71,71,71,71,71,71,71,71,64,64,64,64,64,69,69,69,69,69,69],"card_choices":[{"not_picked":["Steam Power","Double Energy"],"picked":"FTL","floor":1},{"not_picked":["Rebound","Conserve Battery"],"picked":"Consume","floor":4},{"not_picked":["Steam","Hologram","Leap"],"picked":"SKIP","floor":5},{"not_picked":["Go for the Eyes","Leap"],"picked":"Static Discharge","floor":6},{"not_picked":["FTL","Rebound","Redo"],"picked":"SKIP","floor":8},{"not_picked":["Sweeping Beam","Melter","Steam Power"],"picked":"SKIP","floor":11},{"not_picked":["Cold Snap","Go for the Eyes"],"picked":"Coolheaded","floor":13},{"not_picked":["Storm","Redo","Rebound"],"picked":"SKIP","floor":14},{"not_picked":["Creative AI","Biased Cognition"],"picked":"Fission","floor":16},{"not_picked":["Leap","Rebound"],"picked":"Skim","floor":17},{"not_picked":["Skim","Beam Cell"],"picked":"Chill","floor":18},{"not_picked":["Heatsinks","Static Discharge"],"picked":"Loop","floor":19}],"player_experience":1284202,"relics_obtained":[{"floor":6,"key":"Old Coin"},{"floor":8,"key":"Regal Pillow"},{"floor":9,"key":"Sundial"}],"event_choices":[{"cards_removed":["Strike_B"],"damage_healed":0,"gold_gain":0,"player_choice":"Card Removal","damage_taken":0,"max_hp_gain":0,"max_hp_loss":0,"event_name":"The Cleric","floor":2,"gold_loss":75},{"damage_healed":0,"gold_gain":0,"player_choice":"0 cards matched","damage_taken":0,"max_hp_gain":0,"max_hp_loss":0,"event_name":"Match and Keep!","floor":3,"gold_loss":0,"cards_obtained":[]},{"damage_healed":0,"gold_gain":0,"player_choice":"Lose Max HP","damage_taken":0,"relics_obtained":["Golden Idol"],"max_hp_gain":0,"max_hp_loss":7,"event_name":"Golden Idol","floor":12,"gold_loss":0},{"damage_healed":0,"gold_gain":0,"player_choice":"Ignored","damage_taken":0,"max_hp_gain":0,"max_hp_loss":0,"event_name":"The Mausoleum","floor":20,"gold_loss":0}],"is_beta":false,"boss_relics":[{"not_picked":["Black Star","Ectoplasm"],"picked":"Tiny House"}],"items_purged_floors":[21],"is_endless":false,"potions_floor_spawned":[1,8,11,13,14,18],"killed_by":"Centurion and Healer","ascension_level":20}