{"gold_per_floor":[110,124,143,293,308,308,18,50,77,112,112],"floor_reached":11,"playtime":316,"items_purged":["Doubt"],"score":166,"play_id":"94b5ac95-a6cb-4dfc-991d-43d205feac88","local_time":"20190612130636","is_ascension_mode":true,"campfire_choices":[{"data":"Defragment","floor":6,"key":"SMITH"}],"neow_cost":"NONE","seed_source_timestamp":343105808685900,"circlet_count":0,"master_deck":["AscendersBane","Strike_B","Strike_B","Strike_B","Strike_B","Defend_B","Defend_B","Defend_B","Defend_B","Zap","Dualcast","Chill","Ball Lightning","White Noise","Defragment+1","White Noise","Defragment"],"relics":["Coffee Dripper","Medical Kit","Bronze Scales","Bag of Marbles","PreservedInsect"],"potions_floor_usage":[8,8],"damage_taken":[{"damage":1,"enemies":"Cultist","floor":1,"turns":4},{"damage":2,"enemies":"2 Louse","floor":2,"turns":4},{"damage":0,"enemies":"Small Slimes","floor":3,"turns":4},{"damage":4,"enemies":"Blue Slaver","floor":5,"turns":3},{"damage":41,"enemies":"Gremlin Nob","floor":8,"turns":5},{"damage":3,"enemies":"3 Sentries","floor":10,"turns":7},{"damage":5,"enemies":"3 Sentries","floor":11,"turns":2}],"seed_played":"-123644973923043497","potions_obtained":[{"floor":1,"key":"Weak Potion"},{"floor":2,"key":"LiquidBronze"},{"floor":5,"key":"FocusPotion"}],"is_trial":false,"path_per_floor":["M","M","M","?","M","R","$","E","T","E","?"],"character_chosen":"DEFECT","items_purchased":["Medical Kit"],"campfire_rested":0,"item_purchase_floors":[7],"current_hp_per_floor":[63,61,61,61,57,57,57,16,16,13,8],"gold":112,"neow_bonus":"BOSS_RELIC","is_prod":false,"is_daily":false,"chose_seed":false,"campfire_upgraded":1,"win_rate":0,"timestamp":1560312396,"path_taken":["M","?","M","?","M","R","$","E","T","E","?"],"build_version":"2019-01-23","purchased_purges":1,"victory":false,"max_hp_per_floor":[71,71,71,71,71,71,71,71,71,71,71],"card_choices":[{"not_picked":["Stack","Conserve Battery"],"picked":"Chill","floor":1},{"not_picked":["Compile Driver","Coolheaded"],"picked":"Ball Lightning","floor":2},{"not_picked":["Barrage","Lockon"],"picked":"White Noise","floor":3},{"not_picked":["Steam Power","Ball Lightning"],"picked":"Defragment","floor":5},{"not_picked":["Reinforced Body","Beam Cell"],"picked":"White Noise","floor":8},{"not_picked":["Core Surge","Lockon"],"picked":"Defragment","floor":10}],"player_experience":601720,"relics_obtained":[{"floor":8,"key":"Bronze Scales"},{"floor":9,"key":"Bag of Marbles"},{"floor":10,"key":"PreservedInsect"}],"event_choices":[{"damage_healed":0,"gold_gain":150,"player_choice":"AGREE","damage_taken":0,"max_hp_gain":0,"max_hp_loss":0,"event_name":"Liars Game","floor":4,"gold_loss":0,"cards_obtained":["Doubt"]},{"damage_healed":0,"gold_gain":0,"player_choice":"Searched \u00272\u0027 times","damage_taken":0,"max_hp_gain":0,"max_hp_loss":0,"event_name":"Dead Adventurer","floor":11,"gold_loss":0}],"is_beta":false,"boss_relics":[],"items_purged_floors":[7],"is_endless":false,"potions_floor_spawned":[1,2,5],"killed_by":"3 Sentries","ascension_level":20}