{"gold_per_floor":[111,111,111,111,134,134,155,196,263,310,346,358,370,401,413,520,532,560,616,753,779,791,803,865,916,1001,1028,1040,1076,1088,13,13,107,107,127,460,484,535,555,585,311,311,311,337,349,349,349,384,384,384,384,384,384,6,33,33],"floor_reached":57,"playtime":2339,"items_purged":["Strike_R","Strike_R+1"],"score":2803,"play_id":"22f63712-4017-48ca-bcab-7fb900358d46","local_time":"20190611213737","is_ascension_mode":true,"campfire_choices":[{"data":"Bash","floor":6,"key":"SMITH"},{"data":"Whirlwind","floor":12,"key":"SMITH"},{"floor":15,"key":"REST"},{"floor":23,"key":"REST"},{"floor":28,"key":"REST"},{"data":"Bludgeon","floor":30,"key":"SMITH"},{"floor":32,"key":"REST"},{"data":"Apotheosis","floor":42,"key":"SMITH"},{"data":"Feel No Pain","floor":46,"key":"SMITH"},{"floor":49,"key":"RECALL"},{"data":"Offering","floor":53,"key":"SMITH"}],"neow_cost":"NONE","seed_source_timestamp":285333036015800,"circlet_count":0,"master_deck":["AscendersBane","Defend_R","Defend_R","Defend_R","Defend_R","Bash+1","Spot Weakness","Carnage","Whirlwind+1","Bludgeon+1","Offering+1","Twin Strike+1","Metallicize+1","Shrug It Off","Anger+1","Sword Boomerang+1","Battle Trance","Feed","Apotheosis+1","Offering","Shrug It Off","Reaper","Feel No Pain+1","Second Wind","Flame Barrier+1","Corruption","Disarm","True Grit","Exhume","Entrench","Flame Barrier+1","Feel No Pain","Entrench","Chrysalis","Body Slam+1"],"relics":["Burning Blood","NeowsBlessing","Centennial Puzzle","MawBank","Pen Nib","Ancient Tea Set","Astrolabe","Red Mask","FossilizedHelix","Bottled Lightning","Nilry\u0027s Codex","Strawberry","Mummified Hand","Meat on the Bone","Du-Vu Doll","Coffee Dripper","PreservedInsect","Unceasing Top","Shuriken","Bag of Marbles","Potion Belt","War Paint"],"potions_floor_usage":[8,10,16,19,20,33,44,50,56,56],"damage_taken":[{"damage":0,"enemies":"Jaw Worm","floor":1,"turns":1},{"damage":0,"enemies":"Small Slimes","floor":5,"turns":1},{"damage":0,"enemies":"Cultist","floor":7,"turns":1},{"damage":34,"enemies":"Lagavulin","floor":8,"turns":5},{"damage":20,"enemies":"3 Sentries","floor":10,"turns":4},{"damage":8,"enemies":"Lots of Slimes","floor":11,"turns":2},{"damage":0,"enemies":"2 Fungi Beasts","floor":14,"turns":2},{"damage":38,"enemies":"Slime Boss","floor":16,"turns":6},{"damage":6,"enemies":"Chosen","floor":18,"turns":1},{"damage":0,"enemies":"Masked Bandits","floor":19,"turns":1},{"damage":28,"enemies":"Colosseum Slavers","floor":20,"turns":4},{"damage":14,"enemies":"Colosseum Nobs","floor":20,"turns":3},{"damage":11,"enemies":"2 Thieves","floor":21,"turns":3},{"damage":21,"enemies":"Slavers","floor":25,"turns":3},{"damage":0,"enemies":"3 Cultists","floor":27,"turns":3},{"damage":12,"enemies":"Shelled Parasite and Fungi","floor":29,"turns":3},{"damage":37,"enemies":"Automaton","floor":33,"turns":11},{"damage":5,"enemies":"Orb Walker","floor":35,"turns":3},{"damage":69,"enemies":"2 Orb Walkers","floor":38,"turns":5},{"damage":12,"enemies":"3 Darklings","floor":39,"turns":3},{"damage":29,"enemies":"Reptomancer","floor":40,"turns":7},{"damage":8,"enemies":"Giant Head","floor":44,"turns":6},{"damage":22,"enemies":"Writhing Mass","floor":45,"turns":5},{"damage":41,"enemies":"Reptomancer","floor":48,"turns":5},{"damage":20,"enemies":"Awakened One","floor":50,"turns":9},{"damage":44,"enemies":"Time Eater","floor":51,"turns":9},{"damage":54,"enemies":"Shield and Spear","floor":55,"turns":4},{"damage":74,"enemies":"The Heart","floor":56,"turns":8}],"seed_played":"416186416351200901","potions_obtained":[{"floor":5,"key":"Explosive Potion"},{"floor":7,"key":"Poison Potion"},{"floor":11,"key":"Poison Potion"},{"floor":16,"key":"Energy Potion"},{"floor":18,"key":"Regen Potion"},{"floor":20,"key":"Poison Potion"},{"floor":35,"key":"Regen Potion"},{"floor":39,"key":"BloodPotion"},{"floor":48,"key":"SkillPotion"},{"floor":55,"key":"Block Potion"}],"is_trial":false,"path_per_floor":["M","?","?","?","M","R","M","E","T","E","M","R","$","M","R","B",null,"M","?","?","M","?","R","?","E","T","M","R","M","R","$","R","B",null,"M","?","T","?","M","E","$","R","T","E","M","R","?","E","R","B","B",null,"R","$","E","B",null],"character_chosen":"IRONCLAD","items_purchased":["Meat on the Bone","Du-Vu Doll","Apotheosis","Offering","Shrug It Off","Corruption","Disarm","True Grit","Feel No Pain","Entrench","Chrysalis","Dexterity Potion"],"campfire_rested":4,"item_purchase_floors":[31,31,31,31,31,41,41,41,54,54,54,54],"current_hp_per_floor":[74,48,43,43,49,49,55,27,27,13,11,11,11,17,39,7,58,58,64,43,38,17,39,39,31,31,37,61,55,55,55,79,48,74,86,86,86,42,55,57,57,57,57,64,85,85,85,98,98,98,60,89,89,89,63,36],"gold":33,"neow_bonus":"THREE_ENEMY_KILL","is_prod":false,"is_daily":false,"chose_seed":false,"campfire_upgraded":6,"win_rate":0,"timestamp":1560256657,"path_taken":["M","?","?","?","?","R","?","E","T","E","M","R","$","?","R","BOSS","M","?","?","M","?","R","?","E","T","M","R","M","R","$","R","BOSS","M","?","?","?","M","E","$","R","T","E","M","R","?","E","R","BOSS","BOSS","R","$","E","BOSS"],"build_version":"2019-01-23","purchased_purges":2,"victory":true,"max_hp_per_floor":[75,75,75,75,75,75,75,75,75,75,75,75,75,75,75,75,75,75,75,75,75,75,75,75,82,82,82,82,82,82,82,82,82,82,86,86,86,86,90,94,94,94,94,94,94,94,94,98,98,98,98,98,98,98,98,98],"card_choices":[{"not_picked":["Iron Wave","Perfected Strike","Clothesline"],"picked":"SKIP","floor":1},{"not_picked":["Twin Strike","Pummel"],"picked":"Spot Weakness","floor":5},{"not_picked":["Reckless Charge","Shockwave"],"picked":"Carnage","floor":7},{"not_picked":["Shrug It Off","Wild Strike"],"picked":"Whirlwind","floor":8},{"not_picked":["Dual Wield","Anger"],"picked":"Bludgeon","floor":10},{"not_picked":["Havoc","Blood for Blood","Warcry"],"picked":"SKIP","floor":11},{"not_picked":["Wild Strike","Cleave","Twin Strike"],"picked":"SKIP","floor":14},{"not_picked":["Feed","Immolate"],"picked":"Offering","floor":16},{"not_picked":["Thunderclap+1","Searing Blow"],"picked":"Shrug It Off","floor":18},{"not_picked":["Heavy Blade","Hemokinesis"],"picked":"Anger+1","floor":19},{"not_picked":["Shrug It Off","Anger+1"],"picked":"Sword Boomerang+1","floor":20},{"not_picked":["Armaments","Bloodletting","Thunderclap"],"picked":"SKIP","floor":21},{"not_picked":["Blood for Blood","Hemokinesis+1"],"picked":"Battle Trance","floor":25},{"not_picked":["Ghostly Armor","Rupture","Searing Blow"],"picked":"SKIP","floor":27},{"not_picked":["Wild Strike","Body Slam"],"picked":"Feed","floor":29},{"not_picked":["Feed","Exhume"],"picked":"Reaper","floor":33},{"not_picked":["Thunderclap+1","Pommel Strike","Sword Boomerang"],"picked":"SKIP","floor":35},{"not_picked":["Combust","Havoc"],"picked":"Feel No Pain","floor":38},{"not_picked":["Combust","Cleave+1"],"picked":"Second Wind","floor":39},{"not_picked":["Cleave","Havoc"],"picked":"Flame Barrier","floor":40},{"not_picked":["Inflame","Perfected Strike+1"],"picked":"Exhume","floor":44},{"not_picked":["Shrug It Off","Clash+1"],"picked":"Entrench","floor":45},{"not_picked":["Wild Strike+1","Twin Strike+1"],"picked":"Flame Barrier","floor":48},{"not_picked":["Sever Soul","Perfected Strike"],"picked":"Body Slam+1","floor":55}],"player_experience":585321,"relics_obtained":[{"floor":8,"key":"MawBank"},{"floor":9,"key":"Pen Nib"},{"floor":10,"key":"Ancient Tea Set"},{"floor":19,"key":"Red Mask"},{"floor":20,"key":"FossilizedHelix"},{"floor":20,"key":"Bottled Lightning"},{"floor":22,"key":"Nilry\u0027s Codex"},{"floor":25,"key":"Strawberry"},{"floor":26,"key":"Mummified Hand"},{"floor":37,"key":"PreservedInsect"},{"floor":38,"key":"Unceasing Top"},{"floor":40,"key":"Shuriken"},{"floor":44,"key":"Bag of Marbles"},{"floor":48,"key":"Potion Belt"},{"floor":55,"key":"War Paint"}],"event_choices":[{"damage_healed":0,"gold_gain":0,"player_choice":"Take Damage","damage_taken":26,"relics_obtained":["Golden Idol"],"max_hp_gain":0,"max_hp_loss":0,"event_name":"Golden Idol","floor":2,"gold_loss":0},{"damage_healed":0,"gold_gain":0,"player_choice":"Success","damage_taken":5,"relics_obtained":["Centennial Puzzle"],"max_hp_gain":0,"max_hp_loss":0,"event_name":"Scrap Ooze","floor":3,"gold_loss":0},{"damage_healed":0,"gold_gain":0,"player_choice":"Upgraded","damage_taken":0,"max_hp_gain":0,"max_hp_loss":0,"event_name":"Upgrade Shrine","floor":4,"gold_loss":0,"cards_upgraded":["Strike_R"]},{"damage_healed":0,"gold_gain":0,"player_choice":"Fought Bandits","damage_taken":0,"max_hp_gain":0,"max_hp_loss":0,"event_name":"Masked Bandits","floor":19,"gold_loss":0},{"damage_healed":0,"gold_gain":0,"player_choice":"Fight","damage_taken":0,"max_hp_gain":0,"max_hp_loss":0,"event_name":"Colosseum","floor":20,"gold_loss":0},{"damage_healed":0,"gold_gain":0,"player_choice":"Fought Nobs","damage_taken":0,"max_hp_gain":0,"max_hp_loss":0,"event_name":"Colosseum","floor":20,"gold_loss":0},{"damage_healed":0,"gold_gain":0,"player_choice":"Obtained Book","damage_taken":21,"max_hp_gain":0,"max_hp_loss":0,"event_name":"Cursed Tome","floor":22,"gold_loss":0},{"damage_healed":0,"gold_gain":50,"player_choice":"Pray","damage_taken":0,"max_hp_gain":0,"max_hp_loss":0,"event_name":"Golden Shrine","floor":24,"gold_loss":0},{"damage_healed":0,"gold_gain":333,"player_choice":"Gave Idol","damage_taken":0,"max_hp_gain":0,"max_hp_loss":0,"event_name":"The Moai Head","floor":36,"relics_lost":["Golden Idol"],"gold_loss":0},{"damage_healed":0,"gold_gain":0,"player_choice":"Fight","damage_taken":0,"max_hp_gain":0,"max_hp_loss":0,"event_name":"Mysterious Sphere","floor":38,"gold_loss":0},{"cards_removed":["Ghostly Armor"],"damage_healed":0,"gold_gain":0,"player_choice":"Removed Skill","damage_taken":0,"max_hp_gain":0,"max_hp_loss":0,"event_name":"Falling","floor":47,"gold_loss":0}],"is_beta":false,"boss_relics":[{"not_picked":["White Beast Statue","Black Star"],"picked":"Astrolabe"},{"not_picked":["Black Blood","Runic Cube"],"picked":"Coffee Dripper"}],"items_purged_floors":[31,41],"is_endless":false,"potions_floor_spawned":[5,7,11,16,18,20,20,35,39,48,55],"ascension_level":20}