{"gold_per_floor":[111,57,71,146,146,178,178,205,205,205,219,219,219,550,550,627,627,643,655,655,29,29,29,59,75,101,35,35,19,39,59,59,131,131,141,57,67,67,85,118,118,118,118,137,137,171,2,2,2,2],"floor_reached":51,"playtime":3289,"items_purged":["Writhe"],"score":1524,"play_id":"4d48b4ec-ff07-4a0e-9417-724b8b3f37f1","local_time":"20190519175528","is_ascension_mode":true,"campfire_choices":[{"data":"Neutralize","floor":7,"key":"SMITH"},{"floor":10,"key":"REST"},{"floor":12,"key":"REST"},{"floor":15,"key":"REST"},{"data":"Wraith Form v2","floor":23,"key":"SMITH"},{"data":"Malaise","floor":28,"key":"SMITH"},{"data":"Catalyst","floor":32,"key":"SMITH"},{"floor":41,"key":"REST"},{"data":"Noxious Fumes","floor":45,"key":"SMITH"},{"floor":49,"key":"REST"}],"neow_cost":"NONE","seed_source_timestamp":13454861387756,"circlet_count":0,"master_deck":["AscendersBane","Defend_G","Defend_G","Defend_G","Defend_G","Defend_G","Strike_G","Strike_G","Strike_G","Strike_G","Strike_G","Survivor","Neutralize+1","Flying Knee","PiercingWail","Noxious Fumes+1","Malaise+1","Wraith Form v2+1","Prepared","Dash","Tactician","Cloak And Dagger","Noxious Fumes+1","Dagger Throw","Caltrops+1","Catalyst+1","Wraith Form v2+1","Crippling Poison","Dagger Throw","Caltrops+1","Wraith Form v2+1","Corpse Explosion"],"relics":["Ring of the Snake","NeowsBlessing","Tough Bandages","Bronze Scales","The Courier","Old Coin","Orrery","Pen Nib","Membership Card","Omamori","Paper Crane","PreservedInsect","Frozen Egg 2","Centennial Puzzle","Potion Belt","Bag of Marbles","Lantern","Velvet Choker","Strange Spoon","Pantograph","Gremlin Horn","Singing Bowl","DollysMirror"],"potions_floor_usage":[8,16,25,25,33,46,46,50,50,50],"damage_taken":[{"damage":0,"enemies":"Cultist","floor":1,"turns":1},{"damage":0,"enemies":"2 Louse","floor":3,"turns":1},{"damage":0,"enemies":"Gremlin Nob","floor":6,"turns":1},{"damage":38,"enemies":"3 Sentries","floor":8,"turns":15},{"damage":1,"enemies":"Small Slimes","floor":11,"turns":4},{"damage":39,"enemies":"Gremlin Nob","floor":14,"turns":6},{"damage":14,"enemies":"Hexaghost","floor":16,"turns":14},{"damage":6,"enemies":"3 Byrds","floor":18,"turns":3},{"damage":10,"enemies":"Spheric Guardian","floor":19,"turns":8},{"damage":0,"enemies":"Book of Stabbing","floor":24,"turns":6},{"damage":5,"enemies":"Centurion and Healer","floor":25,"turns":6},{"damage":3,"enemies":"Snake Plant","floor":30,"turns":4},{"damage":1,"enemies":"Chosen and Byrds","floor":31,"turns":4},{"damage":13,"enemies":"Collector","floor":33,"turns":10},{"damage":0,"enemies":"Orb Walker","floor":35,"turns":5},{"damage":5,"enemies":"3 Shapes","floor":37,"turns":7},{"damage":24,"enemies":"Spire Growth","floor":39,"turns":7},{"damage":25,"enemies":"Nemesis","floor":40,"turns":9},{"damage":2,"enemies":"Sphere and 2 Shapes","floor":44,"turns":5},{"damage":0,"enemies":"Giant Head","floor":46,"turns":8},{"damage":24,"enemies":"Donu and Deca","floor":50,"turns":8}],"seed_played":"479252770203824292","potions_obtained":[{"floor":3,"key":"Block Potion"},{"floor":14,"key":"EssenceOfSteel"},{"floor":16,"key":"SpeedPotion"},{"floor":24,"key":"Weak Potion"},{"floor":30,"key":"EssenceOfSteel"},{"floor":37,"key":"EssenceOfSteel"},{"floor":44,"key":"Strength Potion"},{"floor":48,"key":"GhostInAJar"},{"floor":48,"key":"Strength Potion"}],"is_trial":false,"path_per_floor":["M","$","M","?","?","E","R","E","T","R","M","R","?","E","R","B",null,"M","M","?","$","?","R","E","M","T","$","R","$","M","M","R","B",null,"M","$","M","?","M","E","R","$","T","M","R","E","$","?","R","B",null],"character_chosen":"THE_SILENT","items_purchased":["SteroidPotion","Membership Card","Omamori","Paper Crane","PreservedInsect","Frozen Egg 2","Noxious Fumes+1","Centennial Puzzle","Lantern","Caltrops+1","Strange Spoon","DollysMirror","Corpse Explosion","Energy Potion"],"campfire_rested":5,"item_purchase_floors":[2,21,21,21,21,21,21,21,27,29,36,47,47,47],"current_hp_per_floor":[59,59,59,48,48,48,48,10,10,29,28,47,47,8,27,13,53,47,37,37,37,76,76,76,71,71,71,71,71,68,67,67,54,71,71,71,66,62,38,13,35,35,35,33,33,35,35,35,58,54],"gold":2,"neow_bonus":"THREE_ENEMY_KILL","is_prod":false,"is_daily":false,"chose_seed":false,"campfire_upgraded":5,"win_rate":0,"timestamp":1558281328,"path_taken":["M","$","?","?","?","E","R","E","T","R","M","R","?","E","R","BOSS","M","M","?","$","?","R","E","?","T","$","R","?","M","M","R","BOSS","M","$","M","?","M","E","R","$","T","?","R","E","$","?","R","BOSS"],"build_version":"2019-01-23","purchased_purges":1,"victory":true,"max_hp_per_floor":[66,66,66,66,66,66,66,66,66,66,66,66,66,66,66,66,66,66,66,66,66,76,76,76,76,76,76,76,76,76,76,76,76,76,76,76,76,76,76,76,76,76,76,76,76,78,78,78,78,78],"card_choices":[{"not_picked":["Prepared","Poisoned Stab"],"picked":"Flying Knee","floor":3},{"not_picked":["Quick Slash","Poisoned Stab"],"picked":"PiercingWail","floor":6},{"not_picked":["Flechettes","Bouncing Flask"],"picked":"Noxious Fumes","floor":8},{"not_picked":["Quick Slash","Poisoned Stab"],"picked":"Malaise","floor":11},{"not_picked":["Storm of Steel","Grand Finale"],"picked":"Wraith Form v2","floor":16},{"not_picked":["Slice","Underhanded Strike"],"picked":"Prepared","floor":17},{"not_picked":["Skewer","Backflip"],"picked":"Dash","floor":17},{"not_picked":["Blade Dance","Endless Agony"],"picked":"Tactician","floor":17},{"not_picked":["Accuracy","Dash"],"picked":"Cloak And Dagger","floor":17},{"not_picked":["Sucker Punch","Underhanded Strike"],"picked":"Bullet Time","floor":19},{"not_picked":["Sucker Punch","Cloak And Dagger"],"picked":"Dagger Throw","floor":24},{"not_picked":["Outmaneuver","Dagger Spray","Finisher+1"],"picked":"SKIP","floor":25},{"not_picked":["Poisoned Stab","Bane"],"picked":"Catalyst","floor":30},{"not_picked":["Phantasmal Killer","A Thousand Cuts+1"],"picked":"Wraith Form v2+1","floor":33},{"not_picked":["Bane","Backflip+1"],"picked":"Crippling Poison","floor":35},{"not_picked":["Dodge and Roll","Backstab"],"picked":"Dagger Throw","floor":37},{"not_picked":["Choke","Sucker Punch+1","Bane"],"picked":"SKIP","floor":39},{"not_picked":["Backflip","Predator+1"],"picked":"Caltrops+1","floor":44},{"not_picked":["Blade Dance","Deflect+1","Reflex"],"picked":"Singing Bowl","floor":46}],"player_experience":919105,"relics_obtained":[{"floor":6,"key":"Tough Bandages"},{"floor":8,"key":"Bronze Scales"},{"floor":9,"key":"The Courier"},{"floor":14,"key":"Old Coin"},{"floor":24,"key":"Potion Belt"},{"floor":26,"key":"Bag of Marbles"},{"floor":40,"key":"Pantograph"},{"floor":43,"key":"Gremlin Horn"},{"floor":46,"key":"Singing Bowl"}],"event_choices":[{"damage_healed":0,"gold_gain":75,"player_choice":"Gather Gold","damage_taken":11,"max_hp_gain":0,"max_hp_loss":0,"event_name":"World of Goop","floor":4,"gold_loss":0},{"damage_healed":0,"gold_gain":0,"player_choice":"Ignored","damage_taken":0,"max_hp_gain":0,"max_hp_loss":0,"event_name":"Golden Wing","floor":5,"gold_loss":0},{"damage_healed":0,"gold_gain":0,"player_choice":"Searched \u00271\u0027 times","damage_taken":0,"max_hp_gain":0,"max_hp_loss":0,"event_name":"Dead Adventurer","floor":13,"gold_loss":0},{"damage_healed":0,"gold_gain":0,"player_choice":"Opened","damage_taken":0,"relics_obtained":["Pen Nib"],"max_hp_gain":0,"max_hp_loss":0,"event_name":"The Mausoleum","floor":20,"gold_loss":0,"cards_obtained":["Writhe"]},{"cards_removed":["Bullet Time"],"damage_healed":29,"gold_gain":0,"player_choice":"Offered Rare","damage_taken":0,"max_hp_gain":10,"max_hp_loss":0,"event_name":"Bonfire Elementals","floor":22,"gold_loss":0},{"damage_healed":0,"gold_gain":0,"player_choice":"Bought 0 Potions","damage_taken":0,"max_hp_gain":0,"max_hp_loss":0,"event_name":"The Woman in Blue","floor":38,"gold_loss":0},{"damage_healed":0,"gold_gain":0,"player_choice":"Got Potions","damage_taken":0,"max_hp_gain":0,"max_hp_loss":0,"event_name":"Lab","floor":48,"gold_loss":0}],"is_beta":false,"boss_relics":[{"not_picked":["WristBlade","Fusion Hammer"],"picked":"Orrery"},{"not_picked":["Calling Bell","Philosopher\u0027s Stone"],"picked":"Velvet Choker"}],"items_purged_floors":[21],"is_endless":false,"potions_floor_spawned":[3,6,14,16,19,24,30,37,44],"ascension_level":18}