{"gold_per_floor":[218,218,0,0,15,49,49,76,99,99,99,134,134,167,167,244,244,255,6,6,6,106,132,132,132,179,208,40,70,5,5,5,79,79,96,96,119,130,180,180,196,229,229,229,229,241,155,184,184,184,184,184,184,48,74,74],"floor_reached":57,"playtime":3741,"items_purged":["Strike_B"],"score":3193,"play_id":"55b22478-6495-4c5d-a5d8-28fa9e1d01bf","local_time":"20190621122328","is_ascension_mode":true,"campfire_choices":[{"floor":7,"key":"REST"},{"data":"Sunder","floor":10,"key":"SMITH"},{"floor":13,"key":"REST"},{"data":"Buffer","floor":15,"key":"SMITH"},{"data":"Loop","floor":24,"key":"SMITH"},{"data":"Discovery","floor":32,"key":"SMITH"},{"data":"Defragment","floor":40,"key":"SMITH"},{"data":"Fission","floor":44,"key":"SMITH"},{"floor":49,"key":"RECALL"},{"data":"Heatsinks","floor":53,"key":"SMITH"}],"neow_cost":"NONE","seed_source_timestamp":1124798099500,"circlet_count":0,"master_deck":["AscendersBane","Strike_B","Defend_B","Defend_B","Defend_B","Zap","Dualcast","Buffer+1","Barrage+1","Sunder+1","Glacier","Coolheaded","Machine Learning","Discovery+1","Static Discharge","Ghostly","Ghostly","Ghostly","Ghostly","FTL","Loop+1","Glacier","Defragment+1","Fission+1","Chill","Loop","Heatsinks+1","Defragment","Defragment"],"relics":["Cracked Core","OrangePellets","Bag of Marbles","Juzu Bracelet","Torii","Whetstone","Philosopher\u0027s Stone","Gambling Chip","Mummified Hand","Ancient Tea Set","Strawberry","Pen Nib","Lantern","Letter Opener","DataDisk","Runic Pyramid","Centennial Puzzle","Omamori","Molten Egg 2","Symbiotic Virus","Blood Vial","Dodecahedron"],"potions_floor_usage":[6,8,14,18,33,56,56],"damage_taken":[{"damage":0,"enemies":"Small Slimes","floor":1,"turns":3},{"damage":0,"enemies":"2 Louse","floor":5,"turns":2},{"damage":48,"enemies":"Gremlin Nob","floor":6,"turns":5},{"damage":15,"enemies":"Lagavulin","floor":8,"turns":7},{"damage":8,"enemies":"Gremlin Nob","floor":12,"turns":3},{"damage":2,"enemies":"3 Sentries","floor":14,"turns":8},{"damage":3,"enemies":"The Guardian","floor":16,"turns":16},{"damage":47,"enemies":"3 Byrds","floor":18,"turns":6},{"damage":0,"enemies":"Colosseum Slavers","floor":22,"turns":8},{"damage":6,"enemies":"Colosseum Nobs","floor":22,"turns":4},{"damage":0,"enemies":"Book of Stabbing","floor":23,"turns":6},{"damage":17,"enemies":"Slavers","floor":27,"turns":6},{"damage":5,"enemies":"Gremlin Leader","floor":29,"turns":5},{"damage":0,"enemies":"Collector","floor":33,"turns":16},{"damage":0,"enemies":"3 Darklings","floor":35,"turns":6},{"damage":0,"enemies":"Orb Walker","floor":38,"turns":5},{"damage":1,"enemies":"3 Darklings","floor":41,"turns":4},{"damage":0,"enemies":"Giant Head","floor":42,"turns":10},{"damage":0,"enemies":"Sphere and 2 Shapes","floor":46,"turns":5},{"damage":0,"enemies":"Reptomancer","floor":48,"turns":9},{"damage":14,"enemies":"Awakened One","floor":50,"turns":20},{"damage":0,"enemies":"Donu and Deca","floor":51,"turns":11},{"damage":0,"enemies":"Shield and Spear","floor":55,"turns":11},{"damage":21,"enemies":"The Heart","floor":56,"turns":13}],"seed_played":"-3666400997295892591","potions_obtained":[{"floor":1,"key":"Explosive Potion"},{"floor":6,"key":"Weak Potion"},{"floor":12,"key":"Block Potion"},{"floor":14,"key":"Regen Potion"},{"floor":23,"key":"Energy Potion"},{"floor":27,"key":"FocusPotion"},{"floor":33,"key":"Weak Potion"},{"floor":41,"key":"Strength Potion"}],"is_trial":false,"path_per_floor":["M","?","$","?","M","E","R","E","T","R","?","E","R","E","R","B",null,"M","$","?","?","?","E","R","?","T","E","$","E","?","?","R","B",null,"M","?","T","M","?","R","M","E","T","R","T","M","$","E","R","B","B",null,"R","$","E","B",null],"character_chosen":"DEFECT","items_purchased":["OrangePellets","Discovery","Static Discharge","Lantern","Heatsinks","PowerPotion","Defragment"],"campfire_rested":2,"item_purchase_floors":[3,19,19,28,47,54,54],"current_hp_per_floor":[64,64,64,64,64,16,37,22,22,22,22,14,35,33,33,30,61,28,28,28,28,22,22,22,22,29,12,12,7,7,7,7,7,33,33,33,33,33,29,29,28,28,28,28,28,28,28,28,28,16,18,36,36,36,38,19],"gold":74,"neow_bonus":"HUNDRED_GOLD","is_prod":false,"is_daily":false,"chose_seed":false,"campfire_upgraded":7,"win_rate":0,"timestamp":1561087408,"path_taken":["M","?","$","?","?","E","R","E","T","R","?","E","R","E","R","BOSS","M","$","?","?","?","E","R","?","T","E","$","E","?","?","R","BOSS","M","?","?","M","?","R","M","E","T","R","?","M","$","E","R","BOSS","BOSS","R","$","E","BOSS"],"build_version":"2019-01-23","purchased_purges":1,"victory":true,"max_hp_per_floor":[71,71,71,71,71,71,71,71,71,71,71,71,71,71,71,71,71,71,71,35,35,35,35,35,35,42,42,42,42,42,42,42,42,42,42,42,42,42,42,42,42,42,42,42,42,42,42,42,42,42,42,42,42,42,42,42],"card_choices":[{"not_picked":["Fusion","Sweeping Beam","Rebound"],"picked":"SKIP","floor":1},{"not_picked":["FTL","Rebound"],"picked":"Barrage","floor":5},{"not_picked":["Genetic Algorithm","Thunder Strike","Go for the Eyes"],"picked":"SKIP","floor":6},{"not_picked":["Steam","Coolheaded"],"picked":"Sunder","floor":8},{"not_picked":["Compile Driver","Melter"],"picked":"Glacier","floor":12},{"not_picked":["Hologram","Core Surge"],"picked":"Coolheaded","floor":14},{"not_picked":["Hyperbeam","Multi-Cast"],"picked":"Machine Learning","floor":16},{"not_picked":["Rebound","Compile Driver","Streamline"],"picked":"SKIP","floor":18},{"not_picked":["Streamline","Beam Cell"],"picked":"FTL","floor":22},{"not_picked":["Turbo","Redo"],"picked":"Loop","floor":23},{"not_picked":["Aggregate","Streamline","Hologram"],"picked":"SKIP","floor":27},{"not_picked":["Storm","Go for the Eyes"],"picked":"Glacier","floor":29},{"not_picked":["Hyperbeam","Rainbow"],"picked":"Fission","floor":33},{"not_picked":["Turbo","Rip and Tear+1"],"picked":"Chill","floor":35},{"not_picked":["Beam Cell","Leap"],"picked":"Loop","floor":38},{"not_picked":["Steam Power","Go for the Eyes","Barrage"],"picked":"SKIP","floor":41},{"not_picked":["Barrage","Meteor Strike","Thunder Strike"],"picked":"SKIP","floor":42},{"not_picked":["Conserve Battery","FTL+1","Doom and Gloom+1"],"picked":"SKIP","floor":46},{"not_picked":["Scrape+1","Gash+1","Barrage+1"],"picked":"SKIP","floor":48},{"not_picked":["Consume+1","Stack"],"picked":"Defragment","floor":55}],"player_experience":722061,"relics_obtained":[{"floor":6,"key":"Bag of Marbles"},{"floor":8,"key":"Juzu Bracelet"},{"floor":12,"key":"Torii"},{"floor":14,"key":"Whetstone"},{"floor":22,"key":"Gambling Chip"},{"floor":22,"key":"Mummified Hand"},{"floor":23,"key":"Ancient Tea Set"},{"floor":26,"key":"Strawberry"},{"floor":27,"key":"Pen Nib"},{"floor":29,"key":"Letter Opener"},{"floor":37,"key":"Centennial Puzzle"},{"floor":42,"key":"Omamori"},{"floor":43,"key":"Molten Egg 2"},{"floor":45,"key":"Symbiotic Virus"},{"floor":48,"key":"Blood Vial"},{"floor":55,"key":"Dodecahedron"}],"event_choices":[{"damage_healed":0,"gold_gain":0,"player_choice":"Leave","damage_taken":0,"max_hp_gain":0,"max_hp_loss":0,"event_name":"The Cleric","floor":2,"gold_loss":0},{"damage_healed":0,"gold_gain":0,"cards_transformed":["Strike_B"],"player_choice":"Transformed","damage_taken":0,"max_hp_gain":0,"max_hp_loss":0,"event_name":"Transmorgrifier","floor":4,"gold_loss":0,"cards_obtained":["Buffer"]},{"damage_healed":0,"gold_gain":0,"player_choice":"Ignored","damage_taken":0,"max_hp_gain":0,"max_hp_loss":0,"event_name":"Liars Game","floor":11,"gold_loss":0},{"damage_healed":0,"gold_gain":0,"player_choice":"Became a Ghost","damage_taken":0,"max_hp_gain":0,"max_hp_loss":36,"event_name":"Ghosts","floor":20,"gold_loss":0,"cards_obtained":["Ghostly","Ghostly","Ghostly"]},{"damage_healed":0,"gold_gain":0,"player_choice":"Copied","damage_taken":0,"max_hp_gain":0,"max_hp_loss":0,"event_name":"Duplicator","floor":21,"gold_loss":0,"cards_obtained":["Ghostly"]},{"damage_healed":0,"gold_gain":0,"player_choice":"Fight","damage_taken":0,"max_hp_gain":0,"max_hp_loss":0,"event_name":"Colosseum","floor":22,"gold_loss":0},{"damage_healed":0,"gold_gain":0,"player_choice":"Fought Nobs","damage_taken":0,"max_hp_gain":0,"max_hp_loss":0,"event_name":"Colosseum","floor":22,"gold_loss":0},{"cards_removed":["Defend_B"],"damage_healed":0,"gold_gain":0,"player_choice":"Elegance","damage_taken":0,"max_hp_gain":0,"max_hp_loss":0,"event_name":"Back to Basics","floor":25,"gold_loss":0},{"damage_healed":0,"gold_gain":0,"player_choice":"Paid Gold","damage_taken":0,"relics_obtained":["DataDisk"],"max_hp_gain":0,"max_hp_loss":0,"event_name":"WeMeetAgain","floor":30,"gold_loss":65},{"damage_healed":0,"gold_gain":0,"player_choice":"Read","damage_taken":0,"max_hp_gain":0,"max_hp_loss":0,"event_name":"The Library","floor":31,"gold_loss":0,"cards_obtained":["Defragment"]},{"cards_removed":["Strike_B"],"damage_healed":0,"gold_gain":0,"player_choice":"Removed Attack","damage_taken":0,"max_hp_gain":0,"max_hp_loss":0,"event_name":"Falling","floor":36,"gold_loss":0},{"damage_healed":0,"gold_gain":50,"player_choice":"Touch","damage_taken":4,"max_hp_gain":0,"max_hp_loss":0,"event_name":"FaceTrader","floor":39,"gold_loss":0}],"is_beta":false,"boss_relics":[{"not_picked":["Fusion Hammer","Astrolabe"],"picked":"Philosopher\u0027s Stone"},{"not_picked":["Velvet Choker","FrozenCore"],"picked":"Runic Pyramid"}],"items_purged_floors":[19],"is_endless":false,"potions_floor_spawned":[1,6,12,14,23,27,29,33,41,42],"ascension_level":20}