{"gold_per_floor":[119,129,142,142,31,64,64,239,239,259,275,275,327,352,352,352],"floor_reached":16,"playtime":1255,"items_purged":["Injury"],"score":102,"play_id":"3e852143-d25c-4586-8350-106b3468d13b","local_time":"20181225150856","is_ascension_mode":false,"campfire_choices":[{"floor":7.0,"key":"REST"},{"floor":15.0,"key":"REST"}],"neow_cost":"NONE","seed_source_timestamp":252492157638586,"circlet_count":0,"master_deck":["Defend_G","Defend_G","Defend_G","Defend_G","Defend_G","Strike_G","Strike_G","Strike_G","Strike_G","Strike_G","Survivor","Neutralize","Predator","Accuracy","Backstab","Doubt","Deflect","Accuracy"],"special_seed":0,"relics":["Ring of the Snake","NeowsBlessing","Golden Idol","Ninja Scroll","Pear"],"potions_floor_usage":[16],"damage_taken":[{"damage":0.0,"enemies":"Small Slimes","floor":1.0,"turns":1.0},{"damage":0.0,"enemies":"2 Louse","floor":2.0,"turns":1.0},{"damage":0.0,"enemies":"Jaw Worm","floor":3.0,"turns":1.0},{"damage":24.0,"enemies":"Gremlin Nob","floor":6.0,"turns":4.0},{"damage":2.0,"enemies":"Large Slime","floor":10.0,"turns":4.0},{"damage":0.0,"enemies":"Exordium Wildlife","floor":11.0,"turns":2.0},{"damage":1.0,"enemies":"Looter","floor":14.0,"turns":2.0},{"damage":73,"enemies":"Slime Boss","floor":16,"turns":11}],"seed_played":"4316523482198656661","potions_obtained":[{"floor":2.0,"key":"PowerPotion"},{"floor":6.0,"key":"FearPotion"},{"floor":11.0,"key":"EssenceOfSteel"},{"floor":14.0,"key":"Ancient Potion"}],"is_trial":false,"path_per_floor":["M","M","M","?","$","E","R","?","T","M","M","?","?","M","R","B"],"character_chosen":"THE_SILENT","items_purchased":["Accuracy"],"campfire_rested":2,"item_purchase_floors":[5],"current_hp_per_floor":[70,70,70,70,70,46,67,67,67,65,65,50,50,49,73,0],"gold":352,"neow_bonus":"THREE_ENEMY_KILL","is_prod":false,"is_daily":false,"chose_seed":false,"campfire_upgraded":0,"win_rate":0,"timestamp":1545743336,"path_taken":["M","M","M","?","$","E","R","?","T","M","M","?","?","M","R","BOSS"],"build_version":"2018-12-20","purchased_purges":1,"victory":false,"max_hp_per_floor":[70,70,70,70,70,70,70,70,70,70,70,80,80,80,80,80],"card_choices":[{"not_picked":["Quick Slash","Leg Sweep","Poisoned Stab"],"picked":"SKIP","floor":1.0},{"not_picked":["PiercingWail","Dodge and Roll","Dagger Throw"],"picked":"SKIP","floor":2.0},{"not_picked":["Catalyst","Outmaneuver"],"picked":"Predator","floor":3.0},{"not_picked":["Dash","Deadly Poison"],"picked":"Backstab","floor":6.0},{"not_picked":["Grand Finale","Leg Sweep"],"picked":"Deflect","floor":10.0},{"not_picked":["Skewer","Cloak And Dagger"],"picked":"Accuracy","floor":11.0},{"not_picked":["Dodge and Roll","Reflex","Tactician"],"picked":"SKIP","floor":14.0}],"player_experience":878654,"relics_obtained":[{"floor":6.0,"key":"Ninja Scroll"}],"event_choices":[{"damage_healed":0.0,"max_hp_gain":0.0,"max_hp_loss":0.0,"gold_gain":0.0,"event_name":"Golden Idol","player_choice":"Take Wound","floor":4.0,"gold_loss":0.0,"damage_taken":0.0,"relics_obtained":["Golden Idol"],"cards_obtained":["Injury"]},{"damage_healed":0.0,"max_hp_gain":0.0,"max_hp_loss":0.0,"gold_gain":175.0,"event_name":"Liars Game","player_choice":"AGREE","floor":8.0,"gold_loss":0.0,"damage_taken":0.0,"cards_obtained":["Doubt"]},{"damage_healed":0.0,"max_hp_gain":0.0,"max_hp_loss":0.0,"gold_gain":0.0,"event_name":"Scrap Ooze","player_choice":"Success","floor":12.0,"gold_loss":0.0,"damage_taken":25.0,"relics_obtained":["Pear"]},{"damage_healed":0.0,"max_hp_gain":0.0,"max_hp_loss":0.0,"gold_gain":52.0,"event_name":"Golden Wing","player_choice":"Gained Gold","floor":13.0,"gold_loss":0.0,"damage_taken":0.0}],"is_beta":false,"boss_relics":[],"items_purged_floors":[5],"is_endless":false,"potions_floor_spawned":[2,6,11,14],"killed_by":"Slime Boss","ascension_level":0}