{"gold_per_floor":[116,41,41,51,70,97,97,97],"floor_reached":8,"playtime":201,"items_purged":[],"score":112,"play_id":"28032480-97de-4504-a90d-c8bb3b58f2f4","local_time":"20190723185612","is_ascension_mode":true,"campfire_choices":[{"data":"Shockwave","floor":7,"key":"SMITH"}],"neow_cost":"CURSE","seed_source_timestamp":358431517716500,"circlet_count":0,"master_deck":["AscendersBane","Strike_R","Strike_R","Strike_R","Strike_R","Defend_R","Defend_R","Defend_R","Defend_R","Bash","Limit Break","Pommel Strike","Burning Pact","Shockwave+1","Second Wind"],"relics":["Burning Blood","Calipers"],"potions_floor_usage":[6],"damage_taken":[{"damage":9,"enemies":"2 Louse","floor":1,"turns":5},{"damage":12,"enemies":"Cultist","floor":4,"turns":4},{"damage":7,"enemies":"Small Slimes","floor":5,"turns":3},{"damage":20,"enemies":"Lagavulin","floor":6,"turns":6},{"damage":35,"enemies":"3 Sentries","floor":8,"turns":6}],"seed_played":"-2293161203556874930","potions_obtained":[{"floor":5,"key":"SteroidPotion"}],"is_trial":false,"path_per_floor":["M","?","?","M","M","E","R","E"],"character_chosen":"IRONCLAD","items_purchased":[],"campfire_rested":0,"item_purchase_floors":[],"current_hp_per_floor":[65,65,65,59,58,44,44,9],"gold":97,"neow_bonus":"THREE_RARE_CARDS","is_prod":false,"is_daily":false,"chose_seed":false,"campfire_upgraded":1,"win_rate":0,"timestamp":1563875772,"path_taken":["M","?","?","M","?","E","R","E"],"build_version":"2019-07-17","purchased_purges":0,"victory":false,"max_hp_per_floor":[75,75,75,75,75,75,75,75],"card_choices":[{"not_picked":["Impervious","Brutality"],"picked":"Limit Break","floor":0},{"not_picked":["Warcry","Twin Strike"],"picked":"Pommel Strike","floor":1},{"not_picked":["Body Slam","Sever Soul","Clothesline"],"picked":"SKIP","floor":4},{"not_picked":["Hemokinesis","Twin Strike"],"picked":"Shockwave","floor":5},{"not_picked":["Bloodletting","True Grit"],"picked":"Second Wind","floor":6}],"player_experience":1150815,"relics_obtained":[{"floor":6,"key":"Calipers"}],"event_choices":[{"cards_removed":["Doubt"],"damage_healed":0,"gold_gain":0,"player_choice":"Card Removal","damage_taken":0,"max_hp_gain":0,"max_hp_loss":0,"event_name":"The Cleric","floor":2,"gold_loss":75},{"damage_healed":0,"gold_gain":0,"cards_transformed":["Strike_R"],"player_choice":"Transformed","damage_taken":0,"max_hp_gain":0,"max_hp_loss":0,"event_name":"Transmorgrifier","floor":3,"gold_loss":0,"cards_obtained":["Burning Pact"]}],"is_beta":false,"boss_relics":[],"items_purged_floors":[],"is_endless":false,"potions_floor_spawned":[5],"killed_by":"3 Sentries","ascension_level":20}