{"gold_per_floor":[109,109,109,8,23,23,64,79,79,118,136,155,155,196,196,289,289,313,313,336,251,112,112,152,170,170,191,230,230,58,83,83,176,176,192,192,206,206,231,231,231,106,184,222,222,245,245,260,260,260,260,260,260,110,146,146],"floor_reached":57,"playtime":3695,"items_purged":["Strike_R","Strike_R","Strike_R","Strike_R"],"score":2780,"play_id":"bac1d77d-2c01-4ab0-b1e1-3a07b02b20a8","local_time":"20190714135212","is_ascension_mode":true,"campfire_choices":[{"data":"Bash","floor":6,"key":"SMITH"},{"data":"Disarm","floor":13,"key":"SMITH"},{"data":"Pommel Strike","floor":15,"key":"SMITH"},{"data":"Entrench","floor":23,"key":"SMITH"},{"data":"Barricade","floor":29,"key":"SMITH"},{"data":"Shrug It Off","floor":32,"key":"SMITH"},{"data":"Evolve","floor":40,"key":"SMITH"},{"data":"Battle Trance","floor":45,"key":"SMITH"},{"data":"Spot Weakness","floor":47,"key":"SMITH"},{"floor":49,"key":"RECALL"},{"data":"Inflame","floor":53,"key":"SMITH"}],"neow_cost":"NONE","seed_source_timestamp":126897048485700,"circlet_count":0,"master_deck":["AscendersBane","Defend_R","Defend_R","Defend_R","Defend_R","Bash+1","Pommel Strike+1","Evolve+1","Disarm+1","Spot Weakness+1","Battle Trance+1","Inflame+1","Barricade+1","Cleave","Entrench+1","Entrench+1","Shrug It Off+1","Feed","Feed","Bloodletting+1","Power Through+1","True Grit+1","Reaper","Burning Pact+1"],"relics":["Burning Blood","NeowsBlessing","Golden Idol","Meat on the Bone","Pear","Orichalcum","Bag of Preparation","Sozu","Potion Belt","Blood Vial","Happy Flower","Oddly Smooth Stone","Philosopher\u0027s Stone","Toxic Egg 2","Dream Catcher"],"potions_floor_usage":[16,56],"damage_taken":[{"damage":0,"enemies":"2 Louse","floor":1,"turns":1},{"damage":0,"enemies":"Jaw Worm","floor":5,"turns":1},{"damage":0,"enemies":"Lagavulin","floor":7,"turns":1},{"damage":6,"enemies":"Cultist","floor":8,"turns":4},{"damage":32,"enemies":"Gremlin Nob","floor":10,"turns":4},{"damage":18,"enemies":"Lots of Slimes","floor":11,"turns":7},{"damage":5,"enemies":"Blue Slaver","floor":12,"turns":4},{"damage":22,"enemies":"3 Sentries","floor":14,"turns":8},{"damage":23,"enemies":"The Guardian","floor":16,"turns":9},{"damage":5,"enemies":"Chosen","floor":18,"turns":4},{"damage":19,"enemies":"Spheric Guardian","floor":20,"turns":5},{"damage":60,"enemies":"Gremlin Leader","floor":24,"turns":8},{"damage":16,"enemies":"Snecko","floor":25,"turns":6},{"damage":9,"enemies":"Centurion and Healer","floor":27,"turns":5},{"damage":34,"enemies":"Book of Stabbing","floor":28,"turns":7},{"damage":23,"enemies":"Shelled Parasite and Fungi","floor":31,"turns":6},{"damage":4,"enemies":"Automaton","floor":33,"turns":12},{"damage":14,"enemies":"3 Darklings","floor":35,"turns":10},{"damage":3,"enemies":"Orb Walker","floor":37,"turns":4},{"damage":64,"enemies":"3 Darklings","floor":39,"turns":7},{"damage":3,"enemies":"Giant Head","floor":44,"turns":9},{"damage":3,"enemies":"4 Shapes","floor":46,"turns":5},{"damage":28,"enemies":"Sphere and 2 Shapes","floor":48,"turns":10},{"damage":67,"enemies":"Awakened One","floor":50,"turns":21},{"damage":22,"enemies":"Time Eater","floor":51,"turns":18},{"damage":57,"enemies":"Shield and Spear","floor":55,"turns":21},{"damage":57,"enemies":"The Heart","floor":56,"turns":13}],"seed_played":"-7664038476950075510","potions_obtained":[{"floor":5,"key":"PowerPotion"},{"floor":11,"key":"Fire Potion"}],"is_trial":false,"path_per_floor":["M","?","?","$","M","R","E","M","T","E","M","M","R","E","R","B",null,"M","?","M","?","$","R","E","M","T","M","E","R","$","M","R","B",null,"M","?","M","?","M","R","?","$","T","E","R","M","R","M","R","B","B",null,"R","$","E","B",null],"character_chosen":"IRONCLAD","items_purchased":["Pommel Strike","Entrench","Oddly Smooth Stone"],"campfire_rested":0,"item_purchase_floors":[4,22,30],"current_hp_per_floor":[74,48,48,48,54,54,60,60,70,56,56,57,57,53,53,48,76,77,77,64,64,64,64,22,26,26,37,23,23,23,23,23,42,79,76,76,84,84,43,43,43,43,43,63,63,74,74,72,72,116,119,119,119,119,90,71],"gold":146,"neow_bonus":"THREE_ENEMY_KILL","is_prod":false,"is_daily":false,"chose_seed":false,"campfire_upgraded":10,"win_rate":0,"timestamp":1563079932,"path_taken":["M","?","?","$","M","R","E","M","T","E","M","M","R","E","R","BOSS","M","?","?","?","$","R","E","M","T","M","E","R","?","M","R","BOSS","M","?","M","?","M","R","?","?","T","E","R","M","R","M","R","BOSS","BOSS","R","$","E","BOSS"],"build_version":"2019-07-05","purchased_purges":4,"victory":true,"max_hp_per_floor":[75,75,75,75,75,75,75,75,85,85,85,85,85,85,85,85,85,85,85,85,85,85,85,85,85,85,85,85,85,85,88,88,91,91,94,94,97,92,95,95,95,95,95,98,98,104,104,110,110,116,119,119,119,119,125,128],"card_choices":[{"not_picked":["Sword Boomerang","Dual Wield","Heavy Blade"],"picked":"SKIP","floor":1},{"not_picked":["Rupture","Ghostly Armor","Flex"],"picked":"SKIP","floor":5},{"not_picked":["Blood for Blood","Perfected Strike","Intimidate"],"picked":"SKIP","floor":7},{"not_picked":["Uppercut","Clothesline"],"picked":"Evolve","floor":8},{"not_picked":["Wild Strike","Pommel Strike"],"picked":"Disarm","floor":10},{"not_picked":["Burning Pact","Uppercut"],"picked":"Spot Weakness","floor":11},{"not_picked":["Wild Strike","Anger"],"picked":"Battle Trance","floor":12},{"not_picked":["Spot Weakness","Clash"],"picked":"Inflame","floor":14},{"not_picked":["Double Tap","Brutality"],"picked":"Barricade","floor":16},{"not_picked":["Anger","Havoc"],"picked":"Cleave","floor":18},{"not_picked":["Sentinel","Cleave","Iron Wave"],"picked":"SKIP","floor":20},{"not_picked":["Pummel","Havoc","Warcry"],"picked":"SKIP","floor":24},{"not_picked":["Bloodletting","Barricade"],"picked":"Entrench+1","floor":25},{"not_picked":["Armaments","Flex"],"picked":"Shrug It Off","floor":27},{"not_picked":["Sword Boomerang","Clothesline"],"picked":"Feed","floor":28},{"not_picked":["Warcry","Blood for Blood","Whirlwind"],"picked":"SKIP","floor":31},{"not_picked":["Double Tap","Juggernaut"],"picked":"Feed","floor":33},{"not_picked":["Warcry","Infernal Blade"],"picked":"Bloodletting+1","floor":35},{"not_picked":["Sword Boomerang+1","Wild Strike+1"],"picked":"Power Through+1","floor":37},{"not_picked":["Power Through","Heavy Blade+1","Carnage+1"],"picked":"SKIP","floor":39},{"not_picked":["Inflame","Flex+1","Clothesline"],"picked":"SKIP","floor":44},{"not_picked":["Clothesline","Perfected Strike"],"picked":"True Grit+1","floor":46},{"not_picked":["Twin Strike","Intimidate+1"],"picked":"Reaper","floor":48},{"not_picked":["Feel No Pain","Havoc+1"],"picked":"Burning Pact+1","floor":55}],"player_experience":1021410,"relics_obtained":[{"floor":7,"key":"Meat on the Bone"},{"floor":9,"key":"Pear"},{"floor":10,"key":"Orichalcum"},{"floor":14,"key":"Bag of Preparation"},{"floor":24,"key":"Blood Vial"},{"floor":28,"key":"Happy Flower"},{"floor":43,"key":"Toxic Egg 2"},{"floor":44,"key":"Dream Catcher"}],"event_choices":[{"damage_healed":0,"gold_gain":0,"player_choice":"Take Damage","damage_taken":26,"relics_obtained":["Golden Idol"],"max_hp_gain":0,"max_hp_loss":0,"event_name":"Golden Idol","floor":2,"gold_loss":0},{"cards_removed":["Strike_R"],"damage_healed":0,"gold_gain":0,"player_choice":"Purged","damage_taken":0,"max_hp_gain":0,"max_hp_loss":0,"event_name":"Purifier","floor":3,"gold_loss":0},{"damage_healed":0,"gold_gain":0,"player_choice":"0 cards matched","damage_taken":0,"max_hp_gain":0,"max_hp_loss":0,"event_name":"Match and Keep!","floor":19,"gold_loss":0,"cards_obtained":[]},{"damage_healed":0,"gold_gain":0,"player_choice":"Obtained Relic","damage_taken":0,"relics_obtained":["Potion Belt"],"max_hp_gain":0,"max_hp_loss":0,"event_name":"Addict","floor":21,"gold_loss":85},{"damage_healed":0,"gold_gain":0,"player_choice":"Ignored","damage_taken":0,"max_hp_gain":0,"max_hp_loss":0,"event_name":"Tomb of Lord Red Mask","floor":36,"gold_loss":0},{"damage_healed":0,"gold_gain":0,"player_choice":"Max HP","damage_taken":0,"max_hp_gain":0,"max_hp_loss":5,"event_name":"Winding Halls","floor":38,"gold_loss":0},{"damage_healed":0,"gold_gain":0,"player_choice":"Ignored","damage_taken":0,"max_hp_gain":0,"max_hp_loss":0,"event_name":"Mysterious Sphere","floor":41,"gold_loss":0}],"is_beta":false,"boss_relics":[{"not_picked":["Cursed Key","Runic Cube"],"picked":"Sozu"},{"not_picked":["Black Star","Pandora\u0027s Box"],"picked":"Philosopher\u0027s Stone"}],"items_purged_floors":[4,22,42,54],"is_endless":false,"potions_floor_spawned":[5,11,12,14,20,27,28,31,46,48],"ascension_level":20}