{"gold_per_floor":[111,131,147,222,192,223,223,253,253,271,271,283,308,342,342,419,419,430,430],"floor_reached":19,"playtime":606,"items_purged":[],"score":374,"play_id":"7500e688-e300-48a4-8e43-94579e32fae9","local_time":"20190724165809","is_ascension_mode":true,"campfire_choices":[{"floor":7,"key":"REST"},{"floor":11,"key":"REST"},{"floor":15,"key":"REST"}],"neow_cost":"NONE","seed_source_timestamp":437344920563200,"circlet_count":0,"master_deck":["AscendersBane","Strike_B","Strike_B","Strike_B","Strike_B","Defend_B","Defend_B","Defend_B","Defend_B","Zap","Dualcast","Loop","Lockon","Reboot","Electrodynamics","Coolheaded","Capacitor","Coolheaded","Rainbow","Skim"],"relics":["Fusion Hammer","Art of War","Question Card","Potion Belt","Smiling Mask","Centennial Puzzle","Inserter"],"potions_floor_usage":[6,6,8,16],"damage_taken":[{"damage":2,"enemies":"2 Louse","floor":1,"turns":2},{"damage":1,"enemies":"Cultist","floor":2,"turns":4},{"damage":14,"enemies":"Jaw Worm","floor":3,"turns":4},{"damage":8,"enemies":"Gremlin Nob","floor":6,"turns":3},{"damage":10,"enemies":"3 Sentries","floor":8,"turns":6},{"damage":19,"enemies":"Exordium Thugs","floor":10,"turns":3},{"damage":11,"enemies":"Red Slaver","floor":12,"turns":3},{"damage":19,"enemies":"Lagavulin","floor":14,"turns":7},{"damage":19,"enemies":"The Guardian","floor":16,"turns":9},{"damage":43,"enemies":"2 Thieves","floor":18,"turns":4},{"damage":12,"enemies":"Spheric Guardian","floor":19,"turns":5}],"seed_played":"-821925030554157784","potions_obtained":[{"floor":1,"key":"SkillPotion"},{"floor":5,"key":"FearPotion"},{"floor":6,"key":"AttackPotion"},{"floor":14,"key":"FocusPotion"}],"is_trial":false,"path_per_floor":["M","M","M","?","?","E","R","E","T","M","R","M","T","E","R","B",null,"M","M"],"character_chosen":"DEFECT","items_purchased":[],"campfire_rested":3,"item_purchase_floors":[],"current_hp_per_floor":[62,61,47,36,36,28,49,39,39,20,41,30,30,11,32,13,57,14,2],"gold":430,"neow_bonus":"BOSS_RELIC","is_prod":false,"is_daily":false,"chose_seed":false,"campfire_upgraded":0,"win_rate":0,"timestamp":1563955089,"path_taken":["M","M","M","?","?","E","R","E","T","?","R","M","?","E","R","BOSS","M","M"],"build_version":"2019-07-17","purchased_purges":0,"victory":false,"max_hp_per_floor":[71,71,71,71,71,71,71,71,71,71,71,71,71,71,71,71,71,71,71],"card_choices":[{"not_picked":["Barrage","Redo"],"picked":"Loop","floor":1},{"not_picked":["Chaos","Beam Cell","Turbo"],"picked":"SKIP","floor":2},{"not_picked":["Leap","Steam"],"picked":"Lockon","floor":3},{"not_picked":["Double Energy","Thunder Strike"],"picked":"Reboot","floor":6},{"not_picked":["Force Field","Redo"],"picked":"Electrodynamics","floor":8},{"not_picked":["Hologram","Go for the Eyes","Sunder"],"picked":"Coolheaded","floor":10},{"not_picked":["BootSequence","Redo","Hologram"],"picked":"Capacitor","floor":12},{"not_picked":["Reprogram","Turbo","Go for the Eyes"],"picked":"Coolheaded","floor":14},{"not_picked":["Fission","Machine Learning","Amplify"],"picked":"Rainbow","floor":16},{"not_picked":["Steam Power","Stack","Barrage"],"picked":"Skim","floor":18}],"player_experience":1174413,"relics_obtained":[{"floor":6,"key":"Art of War"},{"floor":8,"key":"Question Card"},{"floor":9,"key":"Potion Belt"},{"floor":13,"key":"Smiling Mask"},{"floor":14,"key":"Centennial Puzzle"}],"event_choices":[{"damage_healed":0,"gold_gain":75,"player_choice":"Gather Gold","damage_taken":11,"max_hp_gain":0,"max_hp_loss":0,"event_name":"World of Goop","floor":4,"gold_loss":0},{"damage_healed":0,"gold_gain":0,"player_choice":"Bought 2 Potions","damage_taken":0,"max_hp_gain":0,"max_hp_loss":0,"event_name":"The Woman in Blue","floor":5,"gold_loss":0}],"is_beta":false,"boss_relics":[{"not_picked":["Runic Pyramid","Runic Dome"],"picked":"Inserter"}],"items_purged_floors":[],"is_endless":false,"potions_floor_spawned":[1,6,14],"killed_by":"Spheric Guardian","ascension_level":20}