{"gold_per_floor":[15,15,26,45,62,62,91,108,108,125,77,156,156,173,173,173],"floor_reached":16,"playtime":1455,"items_purged":[],"score":166,"play_id":"a52f5d8a-a999-424f-b326-6803b0a00b1f","local_time":"20190710133814","is_ascension_mode":true,"campfire_choices":[{"data":"Calculated Gamble","floor":6,"key":"SMITH"},{"floor":13,"key":"REST"},{"data":"Underhanded Strike","floor":15,"key":"SMITH"}],"neow_cost":"NO_GOLD","seed_source_timestamp":2313333986286303,"circlet_count":0,"master_deck":["AscendersBane","Strike_G","Strike_G","Strike_G","Strike_G","Strike_G","Defend_G","Defend_G","Defend_G","Defend_G","Defend_G","Survivor","Neutralize","Backflip","Calculated Gamble+1","Finisher","Leg Sweep","Underhanded Strike","Underhanded Strike","Underhanded Strike+1","Backstab"],"relics":["Ring of the Snake","Tough Bandages","Nunchaku","Paper Crane"],"potions_floor_usage":[7,8,14,16,16],"damage_taken":[{"damage":0,"enemies":"Cultist","floor":1,"turns":5},{"damage":0,"enemies":"Jaw Worm","floor":3,"turns":5},{"damage":0,"enemies":"2 Louse","floor":4,"turns":3},{"damage":3,"enemies":"Large Slime","floor":5,"turns":8},{"damage":5,"enemies":"3 Sentries","floor":7,"turns":19},{"damage":0,"enemies":"Looter","floor":8,"turns":4},{"damage":3,"enemies":"Exordium Thugs","floor":10,"turns":6},{"damage":0,"enemies":"Lots of Slimes","floor":14,"turns":4},{"damage":73,"enemies":"Hexaghost","floor":16,"turns":18}],"seed_played":"-4460689613103511971","potions_obtained":[{"floor":3,"key":"EssenceOfSteel"},{"floor":7,"key":"Strength Potion"},{"floor":8,"key":"Energy Potion"},{"floor":14,"key":"Block Potion"}],"is_trial":false,"path_per_floor":["M","$","M","M","M","R","E","M","T","M","$","?","R","M","R","B"],"character_chosen":"THE_SILENT","items_purchased":["Swift Potion"],"campfire_rested":1,"item_purchase_floors":[11],"current_hp_per_floor":[63,63,63,63,60,60,55,55,55,52,52,52,70,70,70,0],"gold":173,"neow_bonus":"ONE_RARE_RELIC","is_prod":false,"is_daily":false,"chose_seed":false,"campfire_upgraded":2,"win_rate":0,"timestamp":1562755094,"path_taken":["M","?","M","?","M","R","E","M","T","M","$","?","R","M","R","BOSS"],"build_version":"2019-07-05","purchased_purges":0,"victory":false,"max_hp_per_floor":[70,70,70,70,70,70,70,70,70,70,70,70,70,70,70,70],"card_choices":[{"not_picked":["Blade Dance","Poisoned Stab"],"picked":"Backflip","floor":1},{"not_picked":["Dash","PiercingWail"],"picked":"Calculated Gamble","floor":3},{"not_picked":["Dodge and Roll","Deflect"],"picked":"Finisher","floor":4},{"not_picked":["Terror","Blur"],"picked":"Leg Sweep","floor":5},{"not_picked":["Dash","Burst"],"picked":"Underhanded Strike","floor":7},{"not_picked":["Outmaneuver","Dodge and Roll"],"picked":"Underhanded Strike","floor":8},{"not_picked":["Distraction","Noxious Fumes"],"picked":"Underhanded Strike","floor":10},{"not_picked":["Dagger Spray","Deadly Poison"],"picked":"Backstab","floor":14}],"player_experience":1601485,"relics_obtained":[{"floor":7,"key":"Nunchaku"},{"floor":9,"key":"Paper Crane"}],"event_choices":[{"damage_healed":0,"gold_gain":79,"player_choice":"Gained Gold","damage_taken":0,"max_hp_gain":0,"max_hp_loss":0,"event_name":"Golden Wing","floor":12,"gold_loss":0}],"is_beta":false,"boss_relics":[],"items_purged_floors":[],"is_endless":false,"potions_floor_spawned":[3,7,8,14],"killed_by":"Hexaghost","ascension_level":12}