{"gold_per_floor":[117,77,2,12,24,56,56,56,81,81,81,114,114,114,114,186,186,206,206,206,223,233,233,259,259,282,308,308,308],"floor_reached":29,"playtime":818,"items_purged":["Normality"],"score":534,"play_id":"36f9f450-c9ad-4285-a96a-52523486a99e","local_time":"20190610221958","is_ascension_mode":true,"campfire_choices":[{"data":"Carnage","floor":7,"key":"SMITH"},{"data":"Bash","floor":10,"key":"SMITH"},{"data":"Juggernaut","floor":13,"key":"SMITH"},{"data":"True Grit","floor":15,"key":"SMITH"},{"floor":23,"key":"REST"},{"floor":25,"key":"REST"},{"floor":28,"key":"REST"}],"neow_cost":"CURSE","seed_source_timestamp":203001866392400,"circlet_count":0,"master_deck":["AscendersBane","Strike_R","Strike_R","Strike_R","Defend_R","Defend_R","Defend_R","Defend_R","Bash+1","Juggernaut+1","Flame Barrier","Seeing Red","Carnage+1","Shrug It Off","True Grit+1","Barricade","Evolve","Corruption","Armaments","Offering","Uppercut"],"relics":["Burning Blood","Bag of Preparation","Blood Vial","Shuriken","Mark of Pain","Enchiridion","Juzu Bracelet","The Courier"],"potions_floor_usage":[6,6,16,21,27,29,29],"damage_taken":[{"damage":7,"enemies":"Jaw Worm","floor":1,"turns":6},{"damage":0,"enemies":"Cultist","floor":4,"turns":4},{"damage":0,"enemies":"2 Louse","floor":5,"turns":3},{"damage":20,"enemies":"3 Sentries","floor":6,"turns":6},{"damage":8,"enemies":"Gremlin Nob","floor":12,"turns":3},{"damage":20,"enemies":"The Guardian","floor":16,"turns":14},{"damage":22,"enemies":"3 Byrds","floor":18,"turns":4},{"damage":12,"enemies":"Chosen","floor":21,"turns":5},{"damage":32,"enemies":"Snake Plant","floor":22,"turns":5},{"damage":20,"enemies":"Book of Stabbing","floor":24,"turns":5},{"damage":45,"enemies":"Slavers","floor":27,"turns":6},{"damage":39,"enemies":"Book of Stabbing","floor":29,"turns":4}],"seed_played":"-289932857156571414","potions_obtained":[{"floor":2,"key":"Explosive Potion"},{"floor":2,"key":"AttackPotion"},{"floor":6,"key":"SkillPotion"},{"floor":12,"key":"SpeedPotion"},{"floor":18,"key":"GamblersBrew"},{"floor":22,"key":"Explosive Potion"},{"floor":27,"key":"Fire Potion"}],"is_trial":false,"path_per_floor":["M","?","$","M","M","E","R","?","T","R","$","E","R","?","R","B",null,"M","?","?","M","M","R","E","R","T","E","R","E"],"character_chosen":"IRONCLAD","items_purchased":[],"campfire_rested":3,"item_purchase_floors":[],"current_hp_per_floor":[67,67,67,73,75,61,61,66,66,66,66,66,66,59,59,47,72,58,37,37,33,9,33,21,45,45,8,32,0],"gold":308,"neow_bonus":"THREE_RARE_CARDS","is_prod":false,"is_daily":false,"chose_seed":false,"campfire_upgraded":4,"win_rate":0,"timestamp":1560172798,"path_taken":["M","?","?","M","?","E","R","?","T","R","$","E","R","?","R","BOSS","M","?","?","?","M","R","E","R","T","E","R","E"],"build_version":"2019-01-23","purchased_purges":1,"victory":false,"max_hp_per_floor":[75,75,75,75,75,75,75,80,80,80,80,80,80,80,80,80,80,80,80,80,80,80,80,80,80,80,80,80,80],"card_choices":[{"not_picked":["Offering","Berserk"],"picked":"Juggernaut","floor":0},{"not_picked":["Havoc","Bloodletting"],"picked":"Flame Barrier","floor":1},{"not_picked":["Warcry","Iron Wave"],"picked":"Seeing Red","floor":4},{"not_picked":["Clash","Warcry"],"picked":"Carnage","floor":5},{"not_picked":["Headbutt","Wild Strike"],"picked":"Shrug It Off","floor":6},{"not_picked":["Limit Break","Exhume"],"picked":"True Grit","floor":12},{"not_picked":["Dark Embrace","Double Tap"],"picked":"Barricade","floor":16},{"not_picked":["Anger+1","True Grit"],"picked":"Evolve","floor":18},{"not_picked":["Power Through","True Grit"],"picked":"Corruption","floor":21},{"not_picked":["Havoc","Clash"],"picked":"Armaments","floor":22},{"not_picked":["Dual Wield","Hemokinesis"],"picked":"Offering","floor":24},{"not_picked":["Flex","Havoc"],"picked":"Uppercut","floor":27}],"player_experience":566853,"relics_obtained":[{"floor":6,"key":"Bag of Preparation"},{"floor":9,"key":"Blood Vial"},{"floor":12,"key":"Shuriken"},{"floor":19,"key":"Enchiridion"},{"floor":24,"key":"Juzu Bracelet"},{"floor":27,"key":"The Courier"}],"event_choices":[{"damage_healed":0,"gold_gain":0,"player_choice":"Bought 3 Potions","damage_taken":0,"max_hp_gain":0,"max_hp_loss":0,"event_name":"The Woman in Blue","floor":2,"gold_loss":0},{"damage_healed":0,"gold_gain":0,"player_choice":"Donut","damage_taken":0,"max_hp_gain":5,"max_hp_loss":0,"event_name":"Big Fish","floor":8,"gold_loss":0},{"cards_removed":["Strike_R"],"damage_healed":0,"gold_gain":0,"player_choice":"Card Removal","damage_taken":7,"max_hp_gain":0,"max_hp_loss":0,"event_name":"Golden Wing","floor":14,"gold_loss":0},{"damage_healed":0,"gold_gain":0,"player_choice":"Obtained Book","damage_taken":21,"max_hp_gain":0,"max_hp_loss":0,"event_name":"Cursed Tome","floor":19,"gold_loss":0},{"cards_removed":["Strike_R"],"damage_healed":0,"gold_gain":0,"player_choice":"Purged","damage_taken":0,"max_hp_gain":0,"max_hp_loss":0,"event_name":"Purifier","floor":20,"gold_loss":0}],"is_beta":false,"boss_relics":[{"not_picked":["Velvet Choker","Busted Crown"],"picked":"Mark of Pain"}],"items_purged_floors":[3],"is_endless":false,"potions_floor_spawned":[4,6,12,18,22,27],"killed_by":"Book of Stabbing","ascension_level":20}