{"gold_per_floor":[369,79,94,112,112,112,141,141,191,219,237,263,263,296,296,370,370,386,403,303,303,321,321,321,332,332,332,332,351,11,42,42,42],"floor_reached":33,"playtime":1152,"items_purged":["Strike_R","Strike_R"],"score":736,"play_id":"badc6e33-31dd-442f-906c-ba855d52d4e5","local_time":"20190702165237","is_ascension_mode":true,"campfire_choices":[{"data":"Demon Form","floor":6.0,"key":"SMITH"},{"data":"True Grit","floor":8.0,"key":"SMITH"},{"data":"Limit Break","floor":15.0,"key":"SMITH"},{"data":"Bash","floor":23.0,"key":"SMITH"},{"data":"Pommel Strike","floor":27.0,"key":"SMITH"},{"data":"Armaments","floor":32,"key":"SMITH"}],"neow_cost":"TEN_PERCENT_HP_LOSS","seed_source_timestamp":288767233810200,"circlet_count":0,"master_deck":["AscendersBane","Strike_R","Strike_R","Defend_R","Defend_R","Defend_R","Defend_R+1","Bash+1","Battle Trance","Demon Form+1","Shrug It Off","True Grit+1","Pommel Strike+1","Disarm+1","Limit Break+1","Exhume","Evolve","Armaments+1","Limit Break","Feed","Bludgeon"],"special_seed":0,"relics":["Burning Blood","Bag of Marbles","Orichalcum","FossilizedHelix","Vajra","War Paint","Calipers","Snecko Eye","Question Card","Art of War","Potion Belt"],"potions_floor_usage":[33],"damage_taken":[{"damage":3.0,"enemies":"Small Slimes","floor":1.0,"turns":5.0},{"damage":0.0,"enemies":"Cultist","floor":3.0,"turns":4.0},{"damage":6.0,"enemies":"2 Louse","floor":4.0,"turns":4.0},{"damage":15.0,"enemies":"Lagavulin","floor":7.0,"turns":7.0},{"damage":27.0,"enemies":"3 Sentries","floor":10.0,"turns":9.0},{"damage":11.0,"enemies":"Exordium Wildlife","floor":11.0,"turns":6.0},{"damage":4.0,"enemies":"Lagavulin","floor":12.0,"turns":7.0},{"damage":18.0,"enemies":"Gremlin Nob","floor":14.0,"turns":5.0},{"damage":0.0,"enemies":"Hexaghost","floor":16.0,"turns":8.0},{"damage":22.0,"enemies":"3 Byrds","floor":18.0,"turns":5.0},{"damage":0.0,"enemies":"Shell Parasite","floor":19.0,"turns":6.0},{"damage":0.0,"enemies":"Snake Plant","floor":22.0,"turns":5.0},{"damage":21.0,"enemies":"3 Cultists","floor":25.0,"turns":6.0},{"damage":10.0,"enemies":"Centurion and Healer","floor":29.0,"turns":6.0},{"damage":18.0,"enemies":"Book of Stabbing","floor":31.0,"turns":5.0},{"damage":29,"enemies":"Champ","floor":33,"turns":5}],"seed_played":"8607982029358578947","potions_obtained":[{"floor":1.0,"key":"Dexterity Potion"},{"floor":4.0,"key":"Energy Potion"},{"floor":10.0,"key":"Weak Potion"},{"floor":16.0,"key":"SteroidPotion"},{"floor":31,"key":"EssenceOfSteel"}],"is_trial":false,"path_per_floor":["M","$","M","M","?","R","E","R","T","E","M","E","T","E","R","B",null,"M","M","$","?","M","R","?","M","T","R","?","M","$","E","R","B"],"character_chosen":"IRONCLAD","items_purchased":["Demon Form","Shrug It Off","Limit Break","Feed"],"campfire_rested":0,"item_purchase_floors":[2,2,30,30],"current_hp_per_floor":[68,68,68,68,68,68,59,59,59,38,33,35,35,23,23,29,58,42,48,48,48,54,54,54,39,39,39,39,35,35,26,26,0],"gold":42,"neow_bonus":"TWO_FIFTY_GOLD","is_prod":false,"is_daily":false,"chose_seed":false,"campfire_upgraded":6,"win_rate":0,"timestamp":1562053957,"path_taken":["M","$","M","M","?","R","E","R","T","E","?","E","?","E","R","BOSS","M","M","$","?","M","R","?","?","T","R","?","M","$","E","R","BOSS"],"build_version":"2019-07-01","purchased_purges":2,"victory":false,"max_hp_per_floor":[68,68,68,68,68,68,68,68,68,68,68,68,68,68,68,68,68,68,68,68,68,68,68,68,68,68,68,68,68,68,71,71,71],"card_choices":[{"not_picked":["Havoc","True Grit"],"picked":"Battle Trance","floor":1.0},{"not_picked":["Uppercut","Clothesline","Burning Pact"],"picked":"SKIP","floor":3.0},{"not_picked":["Warcry","Clothesline"],"picked":"True Grit","floor":4.0},{"not_picked":["Flex","Double Tap","Rage"],"picked":"SKIP","floor":7.0},{"not_picked":["Fire Breathing","Sever Soul"],"picked":"Pommel Strike","floor":10.0},{"not_picked":["Iron Wave","Clash"],"picked":"Disarm","floor":11.0},{"not_picked":["Heavy Blade","Spot Weakness"],"picked":"Limit Break","floor":12.0},{"not_picked":["Fire Breathing","Wild Strike","Headbutt"],"picked":"SKIP","floor":14.0},{"not_picked":["Dark Embrace","Brutality"],"picked":"Exhume","floor":16.0},{"not_picked":["Pommel Strike","Perfected Strike"],"picked":"Evolve","floor":18.0},{"not_picked":["Inflame+1","Iron Wave","Havoc"],"picked":"SKIP","floor":19.0},{"not_picked":["Metallicize","True Grit","Wild Strike"],"picked":"SKIP","floor":22.0},{"not_picked":["True Grit","Thunderclap","Twin Strike","Wild Strike"],"picked":"SKIP","floor":25.0},{"not_picked":["Twin Strike","Seeing Red","Sentinel"],"picked":"Armaments","floor":29.0},{"not_picked":["Clash","Carnage","Sword Boomerang"],"picked":"Bludgeon","floor":31}],"player_experience":902331,"relics_obtained":[{"floor":7.0,"key":"Bag of Marbles"},{"floor":9.0,"key":"Orichalcum"},{"floor":10.0,"key":"FossilizedHelix"},{"floor":12.0,"key":"Vajra"},{"floor":13.0,"key":"War Paint"},{"floor":14.0,"key":"Calipers"},{"floor":26.0,"key":"Art of War"},{"floor":31,"key":"Potion Belt"}],"event_choices":[{"damage_healed":0.0,"max_hp_gain":0.0,"max_hp_loss":0.0,"gold_gain":0.0,"event_name":"Match and Keep!","player_choice":"0 cards matched","floor":5.0,"gold_loss":0.0,"damage_taken":0.0,"cards_obtained":[]},{"damage_healed":0.0,"max_hp_gain":0.0,"max_hp_loss":0.0,"gold_gain":0.0,"event_name":"The Mausoleum","player_choice":"Ignored","floor":21.0,"gold_loss":0.0,"damage_taken":0.0},{"damage_healed":0.0,"max_hp_gain":0.0,"max_hp_loss":0.0,"gold_gain":0.0,"event_name":"WeMeetAgain","player_choice":"Gave Potion","floor":24.0,"gold_loss":0.0,"damage_taken":0.0,"relics_obtained":["Question Card"]},{"cards_removed":["Strike_R"],"damage_healed":0.0,"max_hp_gain":0.0,"max_hp_loss":0.0,"gold_gain":0.0,"event_name":"Purifier","player_choice":"Purged","floor":28.0,"gold_loss":0.0,"damage_taken":0.0}],"is_beta":false,"boss_relics":[{"not_picked":["Ectoplasm","Sozu"],"picked":"Snecko Eye"}],"items_purged_floors":[2,20],"is_endless":false,"potions_floor_spawned":[1,4,10,12,16,19,22,31],"killed_by":"Champ","ascension_level":20}