{"gold_per_floor":[12,12,162,162,12,47,70,108,108,108],"floor_reached":10,"playtime":220,"items_purged":["Doubt"],"score":148,"play_id":"3f17fab2-3059-4bef-bc9b-0c0bbc23d865","local_time":"20190612215331","is_ascension_mode":true,"campfire_choices":[],"neow_cost":"NO_GOLD","seed_source_timestamp":374816275495900,"circlet_count":0,"master_deck":["AscendersBane","Strike_R","Strike_R","Strike_R","Defend_R","Defend_R","Defend_R","Defend_R","Bash","Pummel","Corruption","Dark Embrace","Exhume","Ghostly Armor","Entrench"],"relics":["Burning Blood","Golden Idol","Torii","Boot","Calipers"],"potions_floor_usage":[6],"damage_taken":[{"damage":9,"enemies":"Small Slimes","floor":1,"turns":4},{"damage":8,"enemies":"Gremlin Nob","floor":6,"turns":3},{"damage":13,"enemies":"Jaw Worm","floor":7,"turns":5},{"damage":42,"enemies":"Lagavulin","floor":8,"turns":10},{"damage":8,"enemies":"Gremlin Nob","floor":10,"turns":3}],"seed_played":"-7393772161782969704","potions_obtained":[{"floor":1,"key":"AttackPotion"},{"floor":6,"key":"EssenceOfSteel"}],"is_trial":false,"path_per_floor":["M","?","?","?","$","E","M","E","T","E"],"character_chosen":"IRONCLAD","items_purchased":["Dark Embrace"],"campfire_rested":0,"item_purchase_floors":[5],"current_hp_per_floor":[65,39,39,64,64,62,55,19,19,11],"gold":108,"neow_bonus":"TRANSFORM_TWO_CARDS","is_prod":false,"is_daily":false,"chose_seed":false,"campfire_upgraded":0,"win_rate":0,"timestamp":1560344011,"path_taken":["M","?","?","?","?","E","?","E","T","E"],"build_version":"2019-01-23","purchased_purges":1,"victory":false,"max_hp_per_floor":[75,75,75,75,75,75,75,75,75,75],"card_choices":[{"not_picked":["Uppercut","Clothesline","Thunderclap"],"picked":"SKIP","floor":1},{"not_picked":["Thunderclap","Rampage"],"picked":"Exhume","floor":6},{"not_picked":["Havoc","Clash"],"picked":"Ghostly Armor","floor":7},{"not_picked":["Blood for Blood","Iron Wave"],"picked":"Entrench","floor":8}],"player_experience":622469,"relics_obtained":[{"floor":6,"key":"Torii"},{"floor":8,"key":"Boot"},{"floor":9,"key":"Calipers"}],"event_choices":[{"damage_healed":0,"gold_gain":0,"player_choice":"Take Damage","damage_taken":26,"relics_obtained":["Golden Idol"],"max_hp_gain":0,"max_hp_loss":0,"event_name":"Golden Idol","floor":2,"gold_loss":0},{"damage_healed":0,"gold_gain":150,"player_choice":"AGREE","damage_taken":0,"max_hp_gain":0,"max_hp_loss":0,"event_name":"Liars Game","floor":3,"gold_loss":0,"cards_obtained":["Doubt"]},{"damage_healed":25,"gold_gain":0,"player_choice":"Banana","damage_taken":0,"max_hp_gain":0,"max_hp_loss":0,"event_name":"Big Fish","floor":4,"gold_loss":0}],"is_beta":false,"boss_relics":[],"items_purged_floors":[5],"is_endless":false,"potions_floor_spawned":[1,6],"killed_by":"Gremlin Nob","ascension_level":20}