{"gold_per_floor":[14,14,34,48,48,48,80,93,119,119,148,148,148,148,148,148],"floor_reached":16,"playtime":393,"items_purged":[],"score":266,"play_id":"5fe48066-3097-4c7f-84c0-95835c5a14ce","local_time":"20190616174729","is_ascension_mode":true,"campfire_choices":[{"data":"Apotheosis","floor":6,"key":"SMITH"},{"floor":13,"key":"REST"},{"floor":15,"key":"DIG"}],"neow_cost":"NO_GOLD","seed_source_timestamp":184511753141500,"circlet_count":0,"master_deck":["AscendersBane","Strike_R","Strike_R","Strike_R","Defend_R","Defend_R","Defend_R","Defend_R","Bash","Violence","Apotheosis+1","Shockwave","Hemokinesis","Corruption","Reaper","Shockwave"],"relics":["Burning Blood","Bronze Scales","Centennial Puzzle","Regal Pillow","Shovel","Kunai"],"potions_floor_usage":[11,11],"damage_taken":[{"damage":3,"enemies":"Cultist","floor":1,"turns":4},{"damage":9,"enemies":"Small Slimes","floor":3,"turns":5},{"damage":9,"enemies":"2 Louse","floor":4,"turns":3},{"damage":0,"enemies":"Lagavulin","floor":7,"turns":6},{"damage":8,"enemies":"Looter","floor":8,"turns":4},{"damage":63,"enemies":"Gremlin Nob","floor":11,"turns":5},{"damage":20,"enemies":"Slime Boss","floor":16,"turns":7}],"seed_played":"8302609599891456351","potions_obtained":[{"floor":4,"key":"Weak Potion"},{"floor":8,"key":"FearPotion"}],"is_trial":false,"path_per_floor":["M","$","M","M","?","R","E","M","T","?","E","?","R","$","R","B"],"character_chosen":"IRONCLAD","items_purchased":[],"campfire_rested":1,"item_purchase_floors":[],"current_hp_per_floor":[71,71,68,65,65,65,71,75,75,64,10,3,40,40,40,27],"gold":148,"neow_bonus":"RANDOM_COLORLESS_2","is_prod":false,"is_daily":false,"chose_seed":false,"campfire_upgraded":1,"win_rate":0,"timestamp":1560674849,"path_taken":["M","?","M","M","?","R","E","?","T","?","E","?","R","$","R","BOSS"],"build_version":"2019-01-23","purchased_purges":0,"victory":false,"max_hp_per_floor":[75,75,75,75,75,75,75,75,75,75,75,75,75,75,75,75],"card_choices":[{"not_picked":["Flame Barrier","Clothesline"],"picked":"Shockwave","floor":1},{"not_picked":["Clothesline","Hemokinesis","Second Wind"],"picked":"SKIP","floor":3},{"not_picked":["Clothesline","Second Wind"],"picked":"Hemokinesis","floor":3},{"not_picked":["Body Slam","Perfected Strike"],"picked":"Corruption","floor":4},{"not_picked":["Wild Strike","Thunderclap"],"picked":"Reaper","floor":7},{"not_picked":["Searing Blow","Entrench"],"picked":"Shockwave","floor":8},{"not_picked":["Rupture","Shockwave","Iron Wave"],"picked":"SKIP","floor":11}],"player_experience":690363,"relics_obtained":[{"floor":7,"key":"Bronze Scales"},{"floor":9,"key":"Centennial Puzzle"},{"floor":11,"key":"Shovel"},{"floor":15,"key":"Kunai"}],"event_choices":[{"cards_removed":["Strike_R"],"damage_healed":0,"gold_gain":0,"player_choice":"Offered Basic","damage_taken":0,"max_hp_gain":0,"max_hp_loss":0,"event_name":"Bonfire Elementals","floor":5,"gold_loss":0},{"damage_healed":0,"gold_gain":0,"player_choice":"Success","damage_taken":11,"relics_obtained":["Regal Pillow"],"max_hp_gain":0,"max_hp_loss":0,"event_name":"Scrap Ooze","floor":10,"gold_loss":0},{"cards_removed":["Strike_R"],"damage_healed":0,"gold_gain":0,"player_choice":"Card Removal","damage_taken":7,"max_hp_gain":0,"max_hp_loss":0,"event_name":"Golden Wing","floor":12,"gold_loss":0}],"is_beta":false,"boss_relics":[],"items_purged_floors":[],"is_endless":false,"potions_floor_spawned":[4,8],"killed_by":"Slime Boss","ascension_level":20}