{"gold_per_floor":[116,266,246,76,90,90,105,136,162,191,215,238,250,262],"floor_reached":14,"playtime":317,"items_purged":["Doubt"],"score":184,"play_id":"65f87d5a-0013-46ba-adc2-22b577a70647","local_time":"20190701212819","is_ascension_mode":true,"campfire_choices":[{"data":"Bash","floor":6,"key":"SMITH"}],"neow_cost":"NONE","seed_source_timestamp":219757812842200,"circlet_count":0,"master_deck":["AscendersBane","Strike_R","Strike_R","Strike_R","Strike_R","Strike_R","Defend_R","Defend_R","Defend_R","Defend_R","Bash+1","Evolve","Corruption","Pommel Strike","Second Wind","Perfected Strike","Perfected Strike","Battle Trance","Armaments+1","Exhume"],"relics":["White Beast Statue","Bag of Marbles","MawBank"],"potions_floor_usage":[5,5,8,10,12],"damage_taken":[{"damage":4,"enemies":"Jaw Worm","floor":1,"turns":5},{"damage":13,"enemies":"Small Slimes","floor":5,"turns":4},{"damage":0,"enemies":"Cultist","floor":7,"turns":3},{"damage":23,"enemies":"Lagavulin","floor":8,"turns":6},{"damage":12,"enemies":"Gremlin Gang","floor":10,"turns":3},{"damage":8,"enemies":"Blue Slaver","floor":11,"turns":2},{"damage":15,"enemies":"Lots of Slimes","floor":12,"turns":5},{"damage":0,"enemies":"Large Slime","floor":14,"turns":2}],"seed_played":"-6216171342665167461","potions_obtained":[{"floor":1,"key":"SpeedPotion"},{"floor":3,"key":"EntropicBrew"},{"floor":5,"key":"LiquidBronze"},{"floor":8,"key":"Regen Potion"},{"floor":10,"key":"Dexterity Potion"},{"floor":12,"key":"Dexterity Potion"}],"is_trial":false,"path_per_floor":["M","?","?","$","M","R","M","E","T","M","M","M","?","M"],"character_chosen":"IRONCLAD","items_purchased":["Corruption","Pommel Strike"],"campfire_rested":0,"item_purchase_floors":[4,4],"current_hp_per_floor":[64,64,64,64,51,51,51,28,28,16,8,7,7,7],"gold":262,"neow_bonus":"BOSS_RELIC","is_prod":false,"is_daily":false,"chose_seed":false,"campfire_upgraded":1,"win_rate":0,"timestamp":1561984099,"path_taken":["M","?","?","$","?","R","M","E","T","M","?","M","?","?"],"build_version":"2019-01-23","purchased_purges":1,"victory":false,"max_hp_per_floor":[75,75,75,75,75,75,75,75,75,75,75,75,75,75],"card_choices":[{"not_picked":["Shrug It Off","Reckless Charge"],"picked":"Evolve","floor":1},{"not_picked":["Clash","Uppercut"],"picked":"Second Wind","floor":5},{"not_picked":["Clothesline","Perfected Strike","Havoc"],"picked":"SKIP","floor":7},{"not_picked":["Clothesline","Havoc"],"picked":"Perfected Strike","floor":7},{"not_picked":["Clothesline","Disarm"],"picked":"Perfected Strike","floor":8},{"not_picked":["Havoc","Thunderclap"],"picked":"Battle Trance","floor":10},{"not_picked":["Clash","Evolve"],"picked":"Armaments","floor":11},{"not_picked":["Headbutt","Iron Wave"],"picked":"Exhume","floor":12}],"player_experience":892894,"relics_obtained":[{"floor":8,"key":"Bag of Marbles"},{"floor":9,"key":"MawBank"}],"event_choices":[{"damage_healed":0,"gold_gain":150,"player_choice":"AGREE","damage_taken":0,"max_hp_gain":0,"max_hp_loss":0,"event_name":"Liars Game","floor":2,"gold_loss":0,"cards_obtained":["Doubt"]},{"damage_healed":0,"gold_gain":0,"player_choice":"Bought 1 Potion","damage_taken":0,"max_hp_gain":0,"max_hp_loss":0,"event_name":"The Woman in Blue","floor":3,"gold_loss":0},{"damage_healed":0,"gold_gain":0,"player_choice":"Upgraded","damage_taken":0,"max_hp_gain":0,"max_hp_loss":0,"event_name":"Upgrade Shrine","floor":13,"gold_loss":0,"cards_upgraded":["Armaments"]}],"is_beta":false,"boss_relics":[],"items_purged_floors":[4],"is_endless":false,"potions_floor_spawned":[1,5,7,8,10,11,12],"killed_by":"Large Slime","ascension_level":20}