{"gold_per_floor":[367,367,385,2,14,14,46,46,46,46,46,73,73,89,89,162,162,179,94,144,154,180,180,180,196,196,215,232,232,246,262,262,339,339,354,236,248,248,258,276,276,276,301,301,301,301,301,334,334,334],"floor_reached":50,"playtime":2491,"items_purged":["Defend_B"],"score":1035,"play_id":"90bb1922-ed24-417b-b93b-68cc857cfc8a","local_time":"20190614170212","is_ascension_mode":true,"campfire_choices":[{"data":"Turbo","floor":6,"key":"SMITH"},{"floor":10,"key":"REST"},{"data":"Tempest","floor":13,"key":"SMITH"},{"floor":15,"key":"REST"},{"data":"Consume","floor":23,"key":"SMITH"},{"floor":29,"key":"REST"},{"floor":32,"key":"REST"},{"data":"Loop","floor":41,"key":"SMITH"},{"data":"Fission","floor":47,"key":"SMITH"},{"data":"Defragment","floor":49,"key":"SMITH"}],"neow_cost":"PERCENT_DAMAGE","seed_source_timestamp":6897667082000,"circlet_count":0,"master_deck":["AscendersBane","Strike_B+1","Zap+1","Dualcast","Conserve Battery","Leap","Tempest+1","Turbo+1","Ball Lightning+1","Glacier","Double Energy","Barrage","Creative AI","Machine Learning+1","Coolheaded+1","Conserve Battery+1","Chill","Consume+1","Chill","Skim","Defragment+1","Fission+1","Glacier","Reboot","Loop+1","Coolheaded","White Noise"],"relics":["Cracked Core","Question Card","Kunai","Whetstone","Bottled Lightning","Astrolabe","Singing Bowl","Red Mask","Busted Crown","Bronze Scales","Nunchaku"],"potions_floor_usage":[7,16,22,22,33,48,50],"damage_taken":[{"damage":4,"enemies":"2 Louse","floor":1,"turns":3},{"damage":7,"enemies":"Small Slimes","floor":3,"turns":6},{"damage":0,"enemies":"Cultist","floor":5,"turns":3},{"damage":10,"enemies":"3 Sentries","floor":7,"turns":4},{"damage":10,"enemies":"Lagavulin","floor":12,"turns":6},{"damage":0,"enemies":"2 Fungi Beasts","floor":14,"turns":1},{"damage":16,"enemies":"Slime Boss","floor":16,"turns":8},{"damage":17,"enemies":"Shell Parasite","floor":18,"turns":5},{"damage":1,"enemies":"Chosen","floor":21,"turns":5},{"damage":0,"enemies":"Masked Bandits","floor":22,"turns":3},{"damage":14,"enemies":"Centurion and Healer","floor":25,"turns":7},{"damage":0,"enemies":"Snecko","floor":27,"turns":7},{"damage":16,"enemies":"3 Cultists","floor":28,"turns":6},{"damage":11,"enemies":"Snake Plant","floor":30,"turns":4},{"damage":10,"enemies":"Centurion and Healer","floor":31,"turns":9},{"damage":18,"enemies":"Collector","floor":33,"turns":12},{"damage":6,"enemies":"3 Darklings","floor":35,"turns":8},{"damage":0,"enemies":"3 Shapes","floor":37,"turns":5},{"damage":0,"enemies":"Maw","floor":39,"turns":10},{"damage":7,"enemies":"Jaw Worm Horde","floor":40,"turns":5},{"damage":0,"enemies":"Giant Head","floor":48,"turns":13},{"damage":58,"enemies":"Awakened One","floor":50,"turns":17}],"seed_played":"4704473322304841560","potions_obtained":[{"floor":1,"key":"Energy Potion"},{"floor":5,"key":"Fire Potion"},{"floor":7,"key":"Weak Potion"},{"floor":12,"key":"FocusPotion"},{"floor":21,"key":"Swift Potion"},{"floor":22,"key":"FearPotion"},{"floor":27,"key":"FocusPotion"},{"floor":35,"key":"EssenceOfSteel"},{"floor":39,"key":"GamblersBrew"}],"is_trial":false,"path_per_floor":["M","?","M","$","M","R","E","?","T","R","?","E","R","M","R","B",null,"M","?","?","M","?","R","?","M","T","M","M","R","M","M","R","B",null,"M","$","M","$","M","M","R","$","T","$","?","?","R","E","R","B"],"character_chosen":"DEFECT","items_purchased":["Question Card","Turbo","Loop","Coolheaded"],"campfire_rested":4,"item_purchase_floors":[4,4,36,36],"current_hp_per_floor":[42,42,35,35,35,35,25,4,4,25,25,15,15,15,36,20,58,41,41,34,35,35,35,35,23,23,23,7,29,18,8,30,12,59,55,55,55,55,57,52,52,52,52,52,52,52,52,54,54,0],"gold":334,"neow_bonus":"TWO_FIFTY_GOLD","is_prod":false,"is_daily":false,"chose_seed":false,"campfire_upgraded":6,"win_rate":0,"timestamp":1560499332,"path_taken":["M","?","M","$","M","R","E","?","T","R","?","E","R","?","R","BOSS","M","?","?","?","?","R","?","M","T","M","M","R","?","M","R","BOSS","M","$","M","$","?","M","R","?","T","?","?","?","R","E","R","BOSS"],"build_version":"2019-01-23","purchased_purges":1,"victory":false,"max_hp_per_floor":[71,71,71,71,71,71,71,71,71,71,71,71,71,71,71,71,71,71,71,71,73,73,73,73,75,75,75,75,75,75,75,75,75,75,77,77,77,77,79,81,81,81,81,81,81,81,81,83,83,83],"card_choices":[{"not_picked":["Stack","Redo"],"picked":"Conserve Battery","floor":1},{"not_picked":["BootSequence","Coolheaded"],"picked":"Tempest","floor":3},{"not_picked":["Doom and Gloom","Machine Learning","Reprogram"],"picked":"Ball Lightning","floor":5},{"not_picked":["Steam","Streamline","Leap"],"picked":"Glacier","floor":7},{"not_picked":["Doom and Gloom","Sweeping Beam","Force Field"],"picked":"Double Energy","floor":12},{"not_picked":["Ball Lightning","Stack","Conserve Battery"],"picked":"Barrage","floor":14},{"not_picked":["Multi-Cast","Machine Learning","Seek"],"picked":"Creative AI","floor":16},{"not_picked":["Gash","Steam+1","Go for the Eyes"],"picked":"Chill","floor":18},{"not_picked":["Force Field+1","Conserve Battery","Streamline","Lockon"],"picked":"Singing Bowl","floor":21},{"not_picked":["Fusion","Self Repair","Stack"],"picked":"Consume","floor":22},{"not_picked":["Sweeping Beam","Force Field","Heatsinks","Scrape"],"picked":"Singing Bowl","floor":25},{"not_picked":["Turbo","Leap","Lockon+1"],"picked":"Skim","floor":27},{"not_picked":["Beam Cell","Fusion","Conserve Battery"],"picked":"Defragment","floor":28},{"not_picked":["Redo","Cold Snap","Beam Cell"],"picked":"Fission","floor":30},{"not_picked":["Stack","Rip and Tear+1","Compile Driver"],"picked":"Glacier","floor":31},{"not_picked":["Buffer","Core Surge","Creative AI"],"picked":"Reboot","floor":33},{"not_picked":["Ball Lightning","Turbo"],"picked":"Singing Bowl","floor":35},{"not_picked":["Go for the Eyes"],"picked":"White Noise","floor":37},{"not_picked":["Streamline","Aggregate+1"],"picked":"Singing Bowl","floor":39},{"not_picked":["Genetic Algorithm","Double Energy"],"picked":"Singing Bowl","floor":40},{"not_picked":["Melter","Lockon+1"],"picked":"Singing Bowl","floor":48}],"player_experience":651688,"relics_obtained":[{"floor":7,"key":"Kunai"},{"floor":9,"key":"Whetstone"},{"floor":12,"key":"Bottled Lightning"},{"floor":22,"key":"Red Mask"},{"floor":43,"key":"Bronze Scales"},{"floor":48,"key":"Nunchaku"}],"event_choices":[{"damage_healed":0,"gold_gain":0,"cards_transformed":["Strike_B"],"player_choice":"Change","damage_taken":0,"max_hp_gain":0,"max_hp_loss":0,"event_name":"Living Wall","floor":2,"gold_loss":0,"cards_obtained":["Leap"]},{"damage_healed":0,"gold_gain":0,"player_choice":"Entered Light","damage_taken":21,"max_hp_gain":0,"max_hp_loss":0,"event_name":"Shining Light","floor":8,"gold_loss":0,"cards_upgraded":["Zap","Strike_B"]},{"cards_removed":["Defend_B"],"damage_healed":0,"gold_gain":0,"player_choice":"Purged","damage_taken":0,"max_hp_gain":0,"max_hp_loss":0,"event_name":"Purifier","floor":11,"gold_loss":0},{"damage_healed":0,"gold_gain":0,"player_choice":"Obtained Relic","damage_taken":0,"relics_obtained":["Singing Bowl"],"max_hp_gain":0,"max_hp_loss":0,"event_name":"Addict","floor":19,"gold_loss":85},{"damage_healed":0,"gold_gain":50,"player_choice":"Touch","damage_taken":7,"max_hp_gain":0,"max_hp_loss":0,"event_name":"FaceTrader","floor":20,"gold_loss":0},{"damage_healed":0,"gold_gain":0,"player_choice":"Fought Bandits","damage_taken":0,"max_hp_gain":0,"max_hp_loss":0,"event_name":"Masked Bandits","floor":22,"gold_loss":0},{"damage_healed":0,"gold_gain":0,"player_choice":"Copied","damage_taken":0,"max_hp_gain":0,"max_hp_loss":0,"event_name":"Duplicator","floor":24,"gold_loss":0,"cards_obtained":["Chill"]},{"cards_removed":["Strike_B"],"damage_healed":0,"gold_gain":0,"player_choice":"Removed Attack","damage_taken":0,"max_hp_gain":0,"max_hp_loss":0,"event_name":"Falling","floor":45,"gold_loss":0},{"damage_healed":0,"gold_gain":0,"player_choice":"Ignored","damage_taken":0,"max_hp_gain":0,"max_hp_loss":0,"event_name":"SecretPortal","floor":46,"gold_loss":0}],"is_beta":false,"boss_relics":[{"not_picked":["Runic Dome","Cursed Key"],"picked":"Astrolabe"},{"not_picked":["Sozu","Lizard Tail"],"picked":"Busted Crown"}],"items_purged_floors":[4],"is_endless":false,"potions_floor_spawned":[1,5,7,12,21,22,27,35,39],"killed_by":"Awakened One","ascension_level":20}