{"gold_per_floor":[369,369,382,396,361,361,392,407,433,451,462,477,477,6,6,109,109,122,221,221],"floor_reached":20,"playtime":1062,"items_purged":[],"score":255,"play_id":"4a295b36-8d38-4744-bb67-edb5607ef6ca","local_time":"20190621212058","is_ascension_mode":true,"campfire_choices":[{"data":"Noxious Fumes","floor":6.0,"key":"SMITH"},{"floor":13.0,"key":"REST"},{"floor":15.0,"key":"REST"}],"neow_cost":"CURSE","seed_source_timestamp":699827566505868,"circlet_count":0,"master_deck":["Defend_G","Defend_G","Defend_G","Defend_G","Defend_G","Strike_G+1","Strike_G","Strike_G+1","Strike_G","Strike_G","Survivor","Neutralize","Clumsy","Flying Knee","Noxious Fumes+1","Escape Plan","Night Terror","Flying Knee","Escape Plan","Bane","Predator","Caltrops","Malaise","Poisoned Stab"],"special_seed":0,"relics":["Ring of the Snake","Smiling Mask","Whetstone","Toolbox","Ancient Tea Set","Sozu"],"potions_floor_usage":[],"damage_taken":[{"damage":2.0,"enemies":"Cultist","floor":1.0,"turns":5.0},{"damage":0.0,"enemies":"Small Slimes","floor":3.0,"turns":3.0},{"damage":2.0,"enemies":"Jaw Worm","floor":4.0,"turns":7.0},{"damage":15.0,"enemies":"Lagavulin","floor":7.0,"turns":7.0},{"damage":19.0,"enemies":"Gremlin Gang","floor":8.0,"turns":5.0},{"damage":16.0,"enemies":"Exordium Thugs","floor":10.0,"turns":4.0},{"damage":14.0,"enemies":"Large Slime","floor":11.0,"turns":6.0},{"damage":4.0,"enemies":"Looter","floor":12.0,"turns":3.0},{"damage":21.0,"enemies":"Slime Boss","floor":16.0,"turns":6.0},{"damage":21.0,"enemies":"Spheric Guardian","floor":18.0,"turns":4.0},{"damage":40,"enemies":"Colosseum Slavers","floor":20,"turns":3}],"seed_played":"-8622084893867196543","potions_obtained":[{"floor":4.0,"key":"SkillPotion"},{"floor":8.0,"key":"SpeedPotion"},{"floor":10.0,"key":"Energy Potion"},{"floor":12.0,"key":"GamblersBrew"}],"is_trial":false,"path_per_floor":["M","?","M","M","?","R","E","M","T","M","M","M","R","$","R","B",null,"M","?","?"],"character_chosen":"THE_SILENT","items_purchased":["Toolbox","Ancient Tea Set","Predator","Caltrops"],"campfire_rested":2,"item_purchase_floors":[14,14,14,14],"current_hp_per_floor":[61,61,61,59,70,70,55,36,36,20,6,2,23,23,44,23,58,37,37,0],"gold":221,"neow_bonus":"TWO_FIFTY_GOLD","is_prod":false,"is_daily":false,"chose_seed":false,"campfire_upgraded":1,"win_rate":0,"timestamp":1561141258,"path_taken":["M","?","M","M","?","R","E","M","T","?","M","?","R","$","R","BOSS","M","?","?"],"build_version":"2019-01-23","purchased_purges":0,"victory":false,"max_hp_per_floor":[70,70,70,70,70,70,70,70,70,70,70,70,70,70,70,70,70,70,70,70],"card_choices":[{"not_picked":["Terror","Outmaneuver"],"picked":"Flying Knee","floor":1.0},{"not_picked":["Concentrate","Heel Hook"],"picked":"Noxious Fumes","floor":3.0},{"not_picked":["Dagger Spray","Flechettes"],"picked":"Escape Plan","floor":4.0},{"not_picked":["Backflip","Poisoned Stab"],"picked":"Night Terror","floor":7.0},{"not_picked":["Acrobatics","Blade Dance"],"picked":"Flying Knee","floor":8.0},{"not_picked":["Backflip","Riddle With Holes"],"picked":"Escape Plan","floor":10.0},{"not_picked":["Backflip","Deflect"],"picked":"Bane","floor":11.0},{"not_picked":["Quick Slash","Underhanded Strike","Sucker Punch"],"picked":"SKIP","floor":12.0},{"not_picked":["After Image","Unload"],"picked":"Malaise","floor":16.0},{"not_picked":["Acrobatics","Tactician"],"picked":"Poisoned Stab","floor":18.0}],"player_experience":1552322,"relics_obtained":[{"floor":7.0,"key":"Smiling Mask"},{"floor":9.0,"key":"Whetstone"}],"event_choices":[{"damage_healed":0.0,"max_hp_gain":0.0,"max_hp_loss":0.0,"gold_gain":0.0,"event_name":"Shining Light","player_choice":"Ignored","floor":2.0,"gold_loss":0.0,"damage_taken":0.0},{"damage_healed":17.0,"max_hp_gain":0.0,"max_hp_loss":0.0,"gold_gain":0.0,"event_name":"The Cleric","player_choice":"Healed","floor":5.0,"gold_loss":35.0,"damage_taken":0.0},{"damage_healed":0.0,"max_hp_gain":0.0,"max_hp_loss":0.0,"gold_gain":99.0,"event_name":"Nest","player_choice":"Stole From Cult","floor":19.0,"gold_loss":0.0,"damage_taken":0.0},{"damage_healed":0,"gold_gain":0,"player_choice":"Fight","damage_taken":0,"max_hp_gain":0,"max_hp_loss":0,"event_name":"Colosseum","floor":20,"gold_loss":0}],"is_beta":false,"boss_relics":[{"not_picked":["Busted Crown","Lizard Tail"],"picked":"Sozu"}],"items_purged_floors":[],"is_endless":false,"potions_floor_spawned":[4,8,10,12,18],"killed_by":"Colosseum Slavers","ascension_level":9}