{"gold_per_floor":[115,126,141,158,177,177,177,208,208,208,225,225,250,250,250,325,325,342,354,50,50],"floor_reached":21,"playtime":611,"items_purged":["Sweeping Beam"],"score":382,"play_id":"bffdbf15-b269-4836-801f-ab4f97a040d1","local_time":"20190725183130","is_ascension_mode":true,"campfire_choices":[{"data":"Darkness","floor":6,"key":"SMITH"},{"floor":10,"key":"REST"},{"data":"Dualcast","floor":12,"key":"SMITH"},{"floor":15,"key":"REST"}],"neow_cost":"NONE","seed_source_timestamp":529343522640300,"circlet_count":0,"master_deck":["AscendersBane","Defend_B","Defend_B","Defend_B","Defend_B","Zap","Dualcast+1","Cold Snap","Glacier","Darkness+1","Melter","Coolheaded","Echo Form","Echo Form","Capacitor+1","Reprogram+1","Compile Driver+1","Glacier","Consume"],"relics":["Cracked Core","NeowsBlessing","Smiling Mask","Ice Cream","Astrolabe","Membership Card"],"potions_floor_usage":[11,19,21],"damage_taken":[{"damage":0,"enemies":"Cultist","floor":1,"turns":1},{"damage":0,"enemies":"Jaw Worm","floor":2,"turns":1},{"damage":0,"enemies":"2 Louse","floor":3,"turns":1},{"damage":10,"enemies":"Gremlin Gang","floor":4,"turns":3},{"damage":9,"enemies":"Red Slaver","floor":5,"turns":5},{"damage":38,"enemies":"Gremlin Nob","floor":8,"turns":5},{"damage":0,"enemies":"3 Louse","floor":11,"turns":3},{"damage":5,"enemies":"Lagavulin","floor":13,"turns":8},{"damage":22,"enemies":"The Guardian","floor":16,"turns":10},{"damage":22,"enemies":"Shell Parasite","floor":18,"turns":4},{"damage":31,"enemies":"Chosen","floor":19,"turns":8},{"damage":7,"enemies":"Snake Plant","floor":21,"turns":1}],"seed_played":"7335831626619665686","potions_obtained":[{"floor":3,"key":"Energy Potion"},{"floor":5,"key":"Energy Potion"},{"floor":19,"key":"Weak Potion"}],"is_trial":false,"path_per_floor":["M","M","M","M","M","R","?","E","T","R","M","R","E","?","R","B",null,"M","M","$","M"],"character_chosen":"DEFECT","items_purchased":["Membership Card","Consume"],"campfire_rested":2,"item_purchase_floors":[20,20],"current_hp_per_floor":[64,64,64,54,45,45,45,7,7,28,28,28,23,23,44,22,59,37,6,6,0],"gold":50,"neow_bonus":"THREE_ENEMY_KILL","is_prod":false,"is_daily":false,"chose_seed":false,"campfire_upgraded":2,"win_rate":0,"timestamp":1564047090,"path_taken":["M","M","?","M","M","R","?","E","T","R","M","R","E","?","R","BOSS","M","M","$","M"],"build_version":"2019-07-17","purchased_purges":1,"victory":false,"max_hp_per_floor":[71,71,71,71,71,71,71,71,71,71,71,71,71,71,71,71,71,71,71,71,71],"card_choices":[{"not_picked":["BootSequence","Leap"],"picked":"Sweeping Beam","floor":1},{"not_picked":["Sweeping Beam","Coolheaded"],"picked":"Cold Snap","floor":2},{"not_picked":["Barrage","BootSequence","Redo"],"picked":"SKIP","floor":3},{"not_picked":["Turbo","Leap"],"picked":"Glacier","floor":4},{"not_picked":["Cold Snap","Stack"],"picked":"Darkness","floor":5},{"not_picked":["Leap","Beam Cell"],"picked":"Coolheaded","floor":8},{"not_picked":["Gash","Skim","Streamline"],"picked":"SKIP","floor":11},{"not_picked":["Gash","Skim","Streamline"],"picked":"SKIP","floor":11},{"not_picked":["Hologram","Seek"],"picked":"Echo Form","floor":13},{"not_picked":["Creative AI","Buffer"],"picked":"Echo Form","floor":16},{"not_picked":["Cold Snap","Ball Lightning"],"picked":"Glacier","floor":18},{"not_picked":["Gash","Stack","Barrage"],"picked":"SKIP","floor":19}],"player_experience":1208341,"relics_obtained":[{"floor":8,"key":"Smiling Mask"},{"floor":13,"key":"Ice Cream"}],"event_choices":[{"damage_healed":0,"gold_gain":0,"cards_transformed":["Strike_B"],"player_choice":"Change","damage_taken":0,"max_hp_gain":0,"max_hp_loss":0,"event_name":"Living Wall","floor":7,"gold_loss":0,"cards_obtained":["Melter"]},{"damage_healed":0,"gold_gain":0,"player_choice":"0 cards matched","damage_taken":0,"max_hp_gain":0,"max_hp_loss":0,"event_name":"Match and Keep!","floor":14,"gold_loss":0,"cards_obtained":[]}],"is_beta":false,"boss_relics":[{"not_picked":["Orrery","Calling Bell"],"picked":"Astrolabe"}],"items_purged_floors":[20],"is_endless":false,"potions_floor_spawned":[3,5,8,19],"killed_by":"Snake Plant","ascension_level":20}