{"gold_per_floor":[112,127,127,277,292,292,321,333,333,344,39,54,54,65,65,65],"floor_reached":16,"playtime":812,"items_purged":[],"score":187,"play_id":"c980d0dd-6629-4e2e-a561-b60fab0dcb06","local_time":"20190722211627","is_ascension_mode":true,"campfire_choices":[{"data":"Calculated Gamble","floor":6,"key":"SMITH"},{"floor":15,"key":"REST"}],"neow_cost":"NONE","seed_source_timestamp":270121522160420,"circlet_count":0,"master_deck":["AscendersBane","Strike_G","Strike_G","Strike_G","Strike_G","Defend_G+1","Defend_G","Defend_G+1","Defend_G","Defend_G","Survivor","Neutralize","Dagger Throw","Dagger Spray+1","Doubt","Calculated Gamble+1","Flying Knee","Riddle With Holes","Flying Knee","Prepared","A Thousand Cuts","Escape Plan","Acrobatics","Burst","Underhanded Strike"],"relics":["Ring of the Snake","Strawberry","Blood Vial","War Paint"],"potions_floor_usage":[5,7,10],"damage_taken":[{"damage":0,"enemies":"2 Louse","floor":1,"turns":4},{"damage":0,"enemies":"Jaw Worm","floor":2,"turns":4},{"damage":2,"enemies":"Cultist","floor":5,"turns":4},{"damage":38,"enemies":"Lagavulin","floor":7,"turns":10},{"damage":7,"enemies":"Large Slime","floor":8,"turns":6},{"damage":3,"enemies":"Looter","floor":10,"turns":2},{"damage":19,"enemies":"Lots of Slimes","floor":12,"turns":4},{"damage":0,"enemies":"3 Louse","floor":14,"turns":3},{"damage":29,"enemies":"The Guardian","floor":16,"turns":6}],"seed_played":"-491919650308480837","potions_obtained":[{"floor":2,"key":"SkillPotion"},{"floor":5,"key":"Weak Potion"},{"floor":8,"key":"Strength Potion"}],"is_trial":false,"path_per_floor":["M","M","?","?","M","R","E","M","T","M","$","M","?","M","R","B"],"character_chosen":"THE_SILENT","items_purchased":["Prepared","A Thousand Cuts","Escape Plan"],"campfire_rested":1,"item_purchase_floors":[11,11,11],"current_hp_per_floor":[66,66,66,66,64,64,26,21,21,20,20,3,3,5,26,0],"gold":65,"neow_bonus":"RANDOM_COMMON_RELIC","is_prod":false,"is_daily":false,"chose_seed":false,"campfire_upgraded":1,"win_rate":0,"timestamp":1563819387,"path_taken":["M","M","?","?","M","R","E","M","T","M","$","M","?","M","R","BOSS"],"build_version":"2019-07-17","purchased_purges":0,"victory":false,"max_hp_per_floor":[73,73,73,73,73,73,73,73,73,73,73,73,73,73,73,73],"card_choices":[{"not_picked":["Flechettes","Predator"],"picked":"Dagger Throw","floor":1},{"not_picked":["Cloak And Dagger","Deflect"],"picked":"Dagger Spray","floor":2},{"not_picked":["Flying Knee","Cloak And Dagger"],"picked":"Calculated Gamble","floor":5},{"not_picked":["Quick Slash","Bouncing Flask"],"picked":"Flying Knee","floor":7},{"not_picked":["Cloak And Dagger","Bane"],"picked":"Riddle With Holes","floor":8},{"not_picked":["Sucker Punch","Outmaneuver"],"picked":"Flying Knee","floor":10},{"not_picked":["Quick Slash","Deflect"],"picked":"Acrobatics","floor":12},{"not_picked":["Dagger Throw","Endless Agony"],"picked":"Underhanded Strike","floor":14}],"player_experience":1634112,"relics_obtained":[{"floor":7,"key":"Blood Vial"},{"floor":9,"key":"War Paint"}],"event_choices":[{"damage_healed":0,"gold_gain":0,"player_choice":"Grow","damage_taken":0,"max_hp_gain":0,"max_hp_loss":0,"event_name":"Living Wall","floor":3,"gold_loss":0,"cards_upgraded":["Dagger Spray"]},{"damage_healed":0,"gold_gain":150,"player_choice":"AGREE","damage_taken":0,"max_hp_gain":0,"max_hp_loss":0,"event_name":"Liars Game","floor":4,"gold_loss":0,"cards_obtained":["Doubt"]},{"damage_healed":0,"gold_gain":0,"cards_transformed":["Strike_G"],"player_choice":"Transformed","damage_taken":0,"max_hp_gain":0,"max_hp_loss":0,"event_name":"Transmorgrifier","floor":13,"gold_loss":0,"cards_obtained":["Burst"]}],"is_beta":false,"boss_relics":[],"items_purged_floors":[],"is_endless":false,"potions_floor_spawned":[2,5,8],"killed_by":"The Guardian","ascension_level":16}