{"gold_per_floor":[114,114,114,124,137,163,163,189,189,189,223,233,233,11,11,82,82,101,14,14,14,24,24,40,73,73,73,87,114,134,149,149,221,221,231,247,167,187,198,232,232,141,141,141,154,154,189,189,189,189,189,189,189,2,36,36],"floor_reached":57,"playtime":3223,"items_purged":["Strike_R","Writhe","Strike_R","Rampage+1"],"score":3065,"play_id":"26c53bbb-1a41-49bb-9d82-430fd5552ec9","local_time":"20190616084513","is_ascension_mode":true,"campfire_choices":[{"data":"Rampage","floor":7,"key":"SMITH"},{"floor":10,"key":"REST"},{"data":"Demon Form","floor":13,"key":"SMITH"},{"data":"Bash","floor":15,"key":"SMITH"},{"data":"Intimidate","floor":23,"key":"SMITH"},{"data":"Corruption","floor":27,"key":"SMITH"},{"floor":32,"key":"REST"},{"floor":41,"key":"RECALL"},{"data":"Shockwave","floor":46,"key":"SMITH"},{"data":"Feel No Pain","floor":49,"key":"SMITH"},{"data":"Feel No Pain","floor":53,"key":"SMITH"}],"neow_cost":"TEN_PERCENT_HP_LOSS","seed_source_timestamp":149134388349000,"circlet_count":0,"master_deck":["AscendersBane","Defend_R","Defend_R","Defend_R","Defend_R","Bash+1","Headbutt","Shrug It Off","Feel No Pain+1","Demon Form+1","Feel No Pain+1","Carnage+1","Exhume","Ghostly Armor","Second Wind","Intimidate+1","Warcry","Corruption+1","Seeing Red+1","Disarm","Feed+1","Corruption","Exhume","Shockwave+1","Evolve","True Grit","Warcry","Seeing Red","Impervious","Havoc"],"relics":["Burning Blood","Dead Branch","Smiling Mask","Happy Flower","Self Forming Clay","Bag of Preparation","Philosopher\u0027s Stone","Meat on the Bone","Enchiridion","Boot","Paper Frog","Black Star","Letter Opener","Dodecahedron","Question Card","Blue Candle","Singing Bowl","Ginger","Whetstone"],"potions_floor_usage":[6,6,25,29,51,56,56],"damage_taken":[{"damage":9,"enemies":"Jaw Worm","floor":1,"turns":4},{"damage":1,"enemies":"Cultist","floor":4,"turns":3},{"damage":0,"enemies":"Small Slimes","floor":5,"turns":2},{"damage":23,"enemies":"3 Sentries","floor":6,"turns":8},{"damage":33,"enemies":"Gremlin Nob","floor":8,"turns":4},{"damage":6,"enemies":"3 Sentries","floor":11,"turns":8},{"damage":18,"enemies":"Exordium Wildlife","floor":12,"turns":5},{"damage":19,"enemies":"Hexaghost","floor":16,"turns":6},{"damage":5,"enemies":"Spheric Guardian","floor":18,"turns":5},{"damage":25,"enemies":"Shell Parasite","floor":22,"turns":6},{"damage":0,"enemies":"Centurion and Healer","floor":24,"turns":3},{"damage":27,"enemies":"Book of Stabbing","floor":25,"turns":7},{"damage":0,"enemies":"Snecko","floor":28,"turns":5},{"damage":46,"enemies":"Slavers","floor":29,"turns":6},{"damage":10,"enemies":"Snake Plant","floor":30,"turns":5},{"damage":1,"enemies":"Chosen and Byrds","floor":31,"turns":6},{"damage":39,"enemies":"Automaton","floor":33,"turns":7},{"damage":0,"enemies":"Orb Walker","floor":35,"turns":3},{"damage":7,"enemies":"3 Shapes","floor":36,"turns":9},{"damage":13,"enemies":"3 Darklings","floor":38,"turns":6},{"damage":0,"enemies":"Maw","floor":39,"turns":4},{"damage":2,"enemies":"Nemesis","floor":40,"turns":5},{"damage":6,"enemies":"Writhing Mass","floor":45,"turns":2},{"damage":0,"enemies":"Giant Head","floor":47,"turns":4},{"damage":0,"enemies":"Donu and Deca","floor":50,"turns":3},{"damage":0,"enemies":"Awakened One","floor":51,"turns":4},{"damage":30,"enemies":"Shield and Spear","floor":55,"turns":8},{"damage":48,"enemies":"The Heart","floor":56,"turns":9}],"seed_played":"326065691126520770","potions_obtained":[{"floor":1,"key":"Dexterity Potion"},{"floor":4,"key":"EssenceOfSteel"},{"floor":5,"key":"Regen Potion"},{"floor":16,"key":"Weak Potion"},{"floor":18,"key":"Weak Potion"},{"floor":24,"key":"Poison Potion"},{"floor":28,"key":"Strength Potion"},{"floor":30,"key":"AttackPotion"},{"floor":36,"key":"Energy Potion"}],"is_trial":false,"path_per_floor":["M","?","?","M","M","E","R","E","T","R","E","M","R","$","R","B",null,"M","$","?","?","M","R","M","E","T","R","M","E","M","M","R","B",null,"M","M","$","M","M","E","R","$","T","?","M","R","E","?","R","B","B",null,"R","$","E","B",null],"character_chosen":"IRONCLAD","items_purchased":["Bag of Preparation","Second Wind","True Grit","Seeing Red","Ancient Potion","Havoc"],"campfire_rested":2,"item_purchase_floors":[14,19,37,42,54,54],"current_hp_per_floor":[65,65,65,68,68,66,66,39,39,59,59,47,47,47,47,34,60,61,61,61,40,33,33,51,42,42,42,48,20,28,49,70,49,66,75,78,78,74,83,85,85,85,85,85,88,88,91,91,91,97,103,103,103,103,84,58],"gold":36,"neow_bonus":"ONE_RARE_RELIC","is_prod":false,"is_daily":false,"chose_seed":false,"campfire_upgraded":8,"win_rate":0,"timestamp":1560642313,"path_taken":["M","?","?","M","?","E","R","E","T","R","E","M","R","$","R","BOSS","M","$","?","?","M","R","M","E","T","R","?","E","M","M","R","BOSS","M","M","$","M","M","E","R","$","T","?","M","R","E","?","R","BOSS","BOSS","R","$","E","BOSS"],"build_version":"2019-01-23","purchased_purges":4,"victory":true,"max_hp_per_floor":[68,68,68,68,68,68,68,68,68,68,68,68,68,68,68,68,68,68,68,68,68,68,68,68,68,68,68,68,68,68,72,72,72,72,75,79,79,82,85,85,85,85,85,85,88,88,91,91,91,97,103,103,103,103,108,112],"card_choices":[{"not_picked":["Sword Boomerang","True Grit"],"picked":"Rampage","floor":1},{"not_picked":["Bloodletting","Body Slam","Sword Boomerang"],"picked":"SKIP","floor":4},{"not_picked":["Warcry","Headbutt"],"picked":"Shrug It Off","floor":5},{"not_picked":["Flex","Body Slam"],"picked":"Feel No Pain","floor":6},{"not_picked":["Bloodletting","Fiend Fire"],"picked":"Demon Form","floor":8},{"not_picked":["Perfected Strike","Havoc"],"picked":"Feel No Pain","floor":11},{"not_picked":["Pommel Strike","Combust"],"picked":"Carnage","floor":12},{"not_picked":["Double Tap","Dark Embrace"],"picked":"Exhume","floor":16},{"not_picked":["Twin Strike","Heavy Blade"],"picked":"Ghostly Armor","floor":18},{"not_picked":["Iron Wave","Armaments"],"picked":"Intimidate","floor":22},{"not_picked":["Demon Form","Pommel Strike"],"picked":"Warcry","floor":24},{"not_picked":["Heavy Blade","Intimidate"],"picked":"Corruption","floor":25},{"not_picked":["Thunderclap","Armaments"],"picked":"Seeing Red+1","floor":28},{"not_picked":["Rampage","Cleave"],"picked":"Disarm","floor":29},{"not_picked":["Ghostly Armor","Warcry"],"picked":"Feed","floor":30},{"not_picked":["Warcry","Cleave"],"picked":"Corruption","floor":31},{"not_picked":["Double Tap","Dark Embrace"],"picked":"Exhume","floor":33},{"not_picked":["Flex+1","Sever Soul"],"picked":"Shockwave","floor":35},{"not_picked":["Anger","True Grit"],"picked":"Evolve","floor":36},{"not_picked":["Reckless Charge","Sword Boomerang"],"picked":"Warcry","floor":38},{"not_picked":["Evolve","Perfected Strike","Carnage"],"picked":"SKIP","floor":39},{"not_picked":["Heavy Blade","Body Slam","Berserk"],"picked":"SKIP","floor":40},{"not_picked":["Metallicize","Flex","Anger","Thunderclap"],"picked":"SKIP","floor":45},{"not_picked":["Whirlwind","Flame Barrier","Armaments"],"picked":"Impervious","floor":47},{"not_picked":["Clothesline","Reckless Charge+1","Iron Wave","Fire Breathing"],"picked":"Singing Bowl","floor":55}],"player_experience":681924,"relics_obtained":[{"floor":6,"key":"Smiling Mask"},{"floor":9,"key":"Happy Flower"},{"floor":11,"key":"Self Forming Clay"},{"floor":21,"key":"Enchiridion"},{"floor":25,"key":"Boot"},{"floor":29,"key":"Paper Frog"},{"floor":40,"key":"Letter Opener"},{"floor":40,"key":"Dodecahedron"},{"floor":43,"key":"Question Card"},{"floor":47,"key":"Blue Candle"},{"floor":47,"key":"Singing Bowl"},{"floor":55,"key":"Ginger"},{"floor":55,"key":"Whetstone"}],"event_choices":[{"damage_healed":0,"gold_gain":0,"cards_transformed":["Strike_R"],"player_choice":"Change","damage_taken":0,"max_hp_gain":0,"max_hp_loss":0,"event_name":"Living Wall","floor":2,"gold_loss":0,"cards_obtained":["Headbutt"]},{"cards_removed":["Strike_R"],"damage_healed":0,"gold_gain":0,"player_choice":"Offered Basic","damage_taken":0,"max_hp_gain":0,"max_hp_loss":0,"event_name":"Bonfire Elementals","floor":3,"gold_loss":0},{"damage_healed":0,"gold_gain":0,"player_choice":"Opened","damage_taken":0,"relics_obtained":["Meat on the Bone"],"max_hp_gain":0,"max_hp_loss":0,"event_name":"The Mausoleum","floor":20,"gold_loss":0,"cards_obtained":["Writhe"]},{"damage_healed":0,"gold_gain":0,"player_choice":"Obtained Book","damage_taken":21,"max_hp_gain":0,"max_hp_loss":0,"event_name":"Cursed Tome","floor":21,"gold_loss":0},{"damage_healed":0,"gold_gain":0,"player_choice":"Ignored","damage_taken":0,"max_hp_gain":0,"max_hp_loss":0,"event_name":"Tomb of Lord Red Mask","floor":44,"gold_loss":0},{"cards_removed":["Strike_R"],"damage_healed":0,"gold_gain":0,"player_choice":"Purged","damage_taken":0,"max_hp_gain":0,"max_hp_loss":0,"event_name":"Purifier","floor":48,"gold_loss":0}],"is_beta":false,"boss_relics":[{"not_picked":["Runic Cube","Runic Pyramid"],"picked":"Philosopher\u0027s Stone"},{"not_picked":["Eternal Feather","Cursed Key"],"picked":"Black Star"}],"items_purged_floors":[14,37,42,54],"is_endless":false,"potions_floor_spawned":[1,4,5,16,18,24,28,30,35,36,45,55],"ascension_level":20}