{"gold_per_floor":[117,129,204,204,218,168,168,187,187,221,298,311,311,330,330,330],"floor_reached":16,"playtime":570,"items_purged":[],"score":168,"play_id":"288ec49c-c304-467e-a3b0-07db08f65fa5","local_time":"20190710182058","is_ascension_mode":true,"campfire_choices":[{"floor":7,"key":"REST"},{"floor":13,"key":"REST"},{"floor":15,"key":"REST"}],"neow_cost":"NONE","seed_source_timestamp":177476601585,"circlet_count":0,"master_deck":["AscendersBane","Strike_G","Strike_G","Strike_G","Strike_G","Strike_G","Defend_G","Defend_G","Defend_G","Defend_G","Defend_G","Survivor","Neutralize","Slice","Dagger Throw","Concentrate","Dagger Throw","Acrobatics","Underhanded Strike","Underhanded Strike","Setup"],"relics":["Ring of the Snake","NeowsBlessing","Bronze Scales","Mummified Hand","Paper Crane"],"potions_floor_usage":[12],"damage_taken":[{"damage":0,"enemies":"Cultist","floor":1,"turns":1},{"damage":0,"enemies":"2 Louse","floor":2,"turns":1},{"damage":0,"enemies":"Jaw Worm","floor":5,"turns":1},{"damage":0,"enemies":"Exordium Wildlife","floor":8,"turns":4},{"damage":27,"enemies":"Gremlin Nob","floor":10,"turns":5},{"damage":6,"enemies":"Gremlin Gang","floor":12,"turns":2},{"damage":1,"enemies":"3 Louse","floor":14,"turns":3},{"damage":83,"enemies":"Slime Boss","floor":16,"turns":10}],"seed_played":"-5654610114663931693","potions_obtained":[{"floor":2,"key":"Energy Potion"},{"floor":10,"key":"AttackPotion"}],"is_trial":false,"path_per_floor":["M","M","?","?","M","$","R","M","T","E","T","M","R","M","R","B"],"character_chosen":"THE_SILENT","items_purchased":["Dagger Throw"],"campfire_rested":3,"item_purchase_floors":[6],"current_hp_per_floor":[63,63,52,52,52,52,70,70,70,43,43,37,58,57,70,0],"gold":330,"neow_bonus":"THREE_ENEMY_KILL","is_prod":false,"is_daily":false,"chose_seed":false,"campfire_upgraded":0,"win_rate":0,"timestamp":1562772058,"path_taken":["M","M","?","?","?","$","R","M","T","E","?","M","R","M","R","BOSS"],"build_version":"2019-07-05","purchased_purges":0,"victory":false,"max_hp_per_floor":[70,70,70,70,70,70,70,70,70,70,70,70,70,70,70,70],"card_choices":[{"not_picked":["Deadly Poison","Deflect"],"picked":"Slice","floor":1},{"not_picked":["Acrobatics","Dagger Spray"],"picked":"Dagger Throw","floor":2},{"not_picked":["Bouncing Flask","Sucker Punch"],"picked":"Concentrate","floor":5},{"not_picked":["Sucker Punch","Backflip"],"picked":"Acrobatics","floor":8},{"not_picked":["Prepared","Sucker Punch"],"picked":"Underhanded Strike","floor":10},{"not_picked":["Slice","Outmaneuver"],"picked":"Underhanded Strike","floor":12},{"not_picked":["Deflect","Accuracy"],"picked":"Setup","floor":14}],"player_experience":1607384,"relics_obtained":[{"floor":9,"key":"Bronze Scales"},{"floor":10,"key":"Mummified Hand"},{"floor":11,"key":"Paper Crane"}],"event_choices":[{"damage_healed":0,"gold_gain":75,"player_choice":"Gather Gold","damage_taken":11,"max_hp_gain":0,"max_hp_loss":0,"event_name":"World of Goop","floor":3,"gold_loss":0},{"damage_healed":0,"gold_gain":0,"player_choice":"Ignored","damage_taken":0,"max_hp_gain":0,"max_hp_loss":0,"event_name":"Purifier","floor":4,"gold_loss":0}],"is_beta":false,"boss_relics":[],"items_purged_floors":[],"is_endless":false,"potions_floor_spawned":[2,10],"killed_by":"Slime Boss","ascension_level":13}