{"gold_per_floor":[115,128,144,144,161,161,186,186,209,234,249,277,277,290,290,364,364,377,377,390,390,440,474,491,491,514,544,562,594,594,594],"floor_reached":31,"playtime":1109,"items_purged":[],"score":730,"play_id":"c684d69f-6c73-430d-92a9-ddbfcc1a2066","local_time":"20190718170646","is_ascension_mode":true,"campfire_choices":[{"data":"Bash","floor":6.0,"key":"SMITH"},{"floor":13.0,"key":"REST"},{"data":"Corruption","floor":15.0,"key":"SMITH"},{"floor":25.0,"key":"REST"},{"data":"Armaments","floor":30.0,"key":"SMITH"}],"neow_cost":"NONE","seed_source_timestamp":486689818093700,"circlet_count":0,"master_deck":["AscendersBane","Strike_R","Strike_R","Defend_R","Defend_R","Defend_R","Defend_R","Bash+1","Shockwave","Corruption+1","Infernal Blade","Flame Barrier","Shrug It Off","Flame Barrier","Flame Barrier","Demon Form","Sentinel","Barricade","Headbutt+1","Shrug It Off+1","Flex+1","Body Slam","True Grit","Armaments+1","Offering","Second Wind+1"],"special_seed":0,"relics":["Sozu","Orichalcum","PreservedInsect","Centennial Puzzle","Dead Branch","Astrolabe","Enchiridion","Lantern","Oddly Smooth Stone","Strawberry","Question Card"],"potions_floor_usage":[],"damage_taken":[{"damage":7.0,"enemies":"Jaw Worm","floor":1.0,"turns":3.0},{"damage":1.0,"enemies":"2 Louse","floor":2.0,"turns":4.0},{"damage":0.0,"enemies":"Cultist","floor":3.0,"turns":3.0},{"damage":5.0,"enemies":"3 Louse","floor":5.0,"turns":4.0},{"damage":10.0,"enemies":"Lagavulin","floor":7.0,"turns":6.0},{"damage":6.0,"enemies":"3 Sentries","floor":10.0,"turns":6.0},{"damage":24.0,"enemies":"Gremlin Gang","floor":11.0,"turns":6.0},{"damage":0.0,"enemies":"Gremlin Nob","floor":12.0,"turns":3.0},{"damage":0.0,"enemies":"2 Fungi Beasts","floor":14.0,"turns":2.0},{"damage":12.0,"enemies":"Slime Boss","floor":16.0,"turns":5.0},{"damage":0.0,"enemies":"3 Byrds","floor":18.0,"turns":4.0},{"damage":0.0,"enemies":"Spheric Guardian","floor":20.0,"turns":4.0},{"damage":37.0,"enemies":"Slavers","floor":23.0,"turns":6.0},{"damage":0.0,"enemies":"Chosen and Byrds","floor":24.0,"turns":9.0},{"damage":9.0,"enemies":"Book of Stabbing","floor":27.0,"turns":5.0},{"damage":7.0,"enemies":"Centurion and Healer","floor":28.0,"turns":3.0},{"damage":6.0,"enemies":"Slavers","floor":29.0,"turns":3.0},{"damage":11,"enemies":"Shelled Parasite and Fungi","floor":31,"turns":2}],"seed_played":"-2711406581720762560","potions_obtained":[],"is_trial":false,"path_per_floor":["M","M","M","?","M","R","E","?","T","E","M","E","R","M","R","B",null,"M","?","M","?","?","E","M","R","T","E","M","E","R","M"],"character_chosen":"IRONCLAD","items_purchased":[],"campfire_rested":2,"item_purchase_floors":[],"current_hp_per_floor":[61,60,60,60,55,55,45,45,45,39,15,15,37,37,37,25,63,63,59,59,38,38,1,1,23,23,21,14,8,8,0],"gold":594,"neow_bonus":"BOSS_RELIC","is_prod":false,"is_daily":false,"chose_seed":false,"campfire_upgraded":3,"win_rate":0,"timestamp":1563437206,"path_taken":["M","M","M","?","M","R","E","?","T","E","?","E","R","M","R","BOSS","M","?","?","?","?","E","M","R","T","E","M","E","R","?"],"build_version":"2019-07-17","purchased_purges":0,"victory":false,"max_hp_per_floor":[75,75,75,75,75,75,75,75,75,75,75,75,75,75,75,75,75,75,75,75,75,75,75,75,75,75,82,82,82,82,82],"card_choices":[{"not_picked":["Thunderclap","Flex"],"picked":"Shockwave","floor":1.0},{"not_picked":["Power Through","Pommel Strike"],"picked":"Corruption","floor":2.0},{"not_picked":["Anger","Flex"],"picked":"Infernal Blade","floor":3.0},{"not_picked":["Flex","Entrench"],"picked":"Flame Barrier","floor":5.0},{"not_picked":["Cleave","Flex"],"picked":"Shrug It Off","floor":7.0},{"not_picked":["Combust","Uppercut"],"picked":"Flame Barrier","floor":10.0},{"not_picked":["Rage","Thunderclap"],"picked":"Flame Barrier","floor":11.0},{"not_picked":["Warcry","True Grit"],"picked":"Demon Form","floor":12.0},{"not_picked":["Perfected Strike","Warcry"],"picked":"Sentinel","floor":14.0},{"not_picked":["Berserk","Brutality"],"picked":"Barricade","floor":16.0},{"not_picked":["Clash","Body Slam","Blood for Blood"],"picked":"SKIP","floor":18.0},{"not_picked":["Clash","Blood for Blood"],"picked":"Body Slam","floor":18.0},{"not_picked":["Searing Blow","Inflame"],"picked":"True Grit","floor":20.0},{"not_picked":["Warcry","Hemokinesis"],"picked":"Armaments","floor":23.0},{"not_picked":["Rage","Flex+1","Anger+1"],"picked":"SKIP","floor":24.0},{"not_picked":["Blood for Blood","Rage"],"picked":"Offering","floor":27.0},{"not_picked":["Twin Strike","Pommel Strike","Anger+1"],"picked":"SKIP","floor":28.0},{"not_picked":["Power Through","Entrench"],"picked":"Second Wind+1","floor":29.0}],"player_experience":1085832,"relics_obtained":[{"floor":7.0,"key":"Orichalcum"},{"floor":9.0,"key":"PreservedInsect"},{"floor":10.0,"key":"Centennial Puzzle"},{"floor":12.0,"key":"Dead Branch"},{"floor":21.0,"key":"Enchiridion"},{"floor":23.0,"key":"Lantern"},{"floor":26.0,"key":"Oddly Smooth Stone"},{"floor":27.0,"key":"Strawberry"},{"floor":29.0,"key":"Question Card"}],"event_choices":[{"damage_healed":0.0,"max_hp_gain":0.0,"max_hp_loss":0.0,"gold_gain":0.0,"event_name":"Liars Game","player_choice":"Ignored","floor":4.0,"gold_loss":0.0,"damage_taken":0.0},{"damage_healed":0.0,"max_hp_gain":0.0,"max_hp_loss":0.0,"gold_gain":0.0,"event_name":"Lab","player_choice":"Got Potions","floor":8.0,"gold_loss":0.0,"damage_taken":0.0},{"damage_healed":0.0,"max_hp_gain":0.0,"max_hp_loss":0.0,"gold_gain":0.0,"event_name":"The Woman in Blue","player_choice":"Bought 0 Potions","floor":19.0,"gold_loss":0.0,"damage_taken":0.0},{"damage_healed":0.0,"max_hp_gain":0.0,"max_hp_loss":0.0,"gold_gain":0.0,"event_name":"Cursed Tome","player_choice":"Obtained Book","floor":21.0,"gold_loss":0.0,"damage_taken":21.0},{"damage_healed":0.0,"max_hp_gain":0.0,"max_hp_loss":0.0,"gold_gain":50.0,"event_name":"Golden Shrine","player_choice":"Pray","floor":22.0,"gold_loss":0.0,"damage_taken":0.0}],"is_beta":false,"boss_relics":[{"not_picked":["White Beast Statue","Cursed Key"],"picked":"Astrolabe"}],"items_purged_floors":[],"is_endless":false,"potions_floor_spawned":[1,5,10,12,18,20,27,29],"killed_by":"Shelled Parasite and Fungi","ascension_level":20}