{"gold_per_floor":[114,84,94,111,129,158,158,83,83,114,114,114,143,158,158,232,232,250,250,0,0,18,18],"floor_reached":23,"playtime":680,"items_purged":["Strike_R"],"score":418,"play_id":"000f79e0-bec7-4c30-862e-641689f61bdb","local_time":"20190709194734","is_ascension_mode":true,"campfire_choices":[{"data":"Immolate","floor":7.0,"key":"SMITH"},{"data":"Bash","floor":15,"key":"SMITH"}],"neow_cost":"PERCENT_DAMAGE","seed_source_timestamp":140855191057400,"circlet_count":0,"master_deck":["AscendersBane","Strike_R","Strike_R","Strike_R","Strike_R","Defend_R","Defend_R","Defend_R+1","Defend_R","Bash+1","Immolate+1","Power Through+1","Second Wind","Offering","Battle Trance","Shrug It Off","Offering","Dual Wield","Pain","Discovery","Feel No Pain"],"special_seed":0,"relics":["Burning Blood","Shuriken","Bottled Flame","War Paint","Centennial Puzzle","GremlinMask","Pear","Snecko Eye","WarpedTongs","Bag of Marbles"],"potions_floor_usage":[13,16,16,23],"damage_taken":[{"damage":5.0,"enemies":"2 Louse","floor":1.0,"turns":2.0},{"damage":0.0,"enemies":"Cultist","floor":3.0,"turns":2.0},{"damage":0.0,"enemies":"Jaw Worm","floor":4.0,"turns":3.0},{"damage":9.0,"enemies":"2 Fungi Beasts","floor":5.0,"turns":2.0},{"damage":5.0,"enemies":"3 Sentries","floor":6.0,"turns":3.0},{"damage":35.0,"enemies":"Gremlin Nob","floor":10.0,"turns":5.0},{"damage":8,"enemies":"Lagavulin","floor":13,"turns":7},{"damage":6,"enemies":"Red Slaver","floor":14,"turns":4},{"damage":14,"enemies":"Hexaghost","floor":16,"turns":13},{"damage":30,"enemies":"Spheric Guardian","floor":18,"turns":4},{"damage":15,"enemies":"Chosen","floor":22,"turns":4},{"damage":37,"enemies":"Book of Stabbing","floor":23,"turns":4}],"seed_played":"8683378003766102452","potions_obtained":[{"floor":1.0,"key":"Dexterity Potion"},{"floor":2.0,"key":"AttackPotion"},{"floor":5.0,"key":"PowerPotion"},{"floor":10.0,"key":"Explosive Potion"},{"floor":13,"key":"PowerPotion"},{"floor":22,"key":"GamblersBrew"}],"is_trial":false,"path_per_floor":["M","?","M","M","M","E","R","$","T","E","?","?","E","M","R","B",null,"M","?","$","?","M","E"],"character_chosen":"IRONCLAD","items_purchased":["Bag of Marbles","Discovery"],"campfire_rested":0,"item_purchase_floors":[20,20],"current_hp_per_floor":[51,51,57,63,60,61,61,61,61,32,21,21,29,29,29,21,69,45,45,45,45,36,0],"gold":18,"neow_bonus":"THREE_RARE_CARDS","is_prod":false,"is_daily":false,"chose_seed":false,"campfire_upgraded":2,"win_rate":0,"timestamp":1562669254,"path_taken":["M","?","?","M","?","E","R","$","T","E","?","?","E","?","R","BOSS","M","?","?","?","M","E"],"build_version":"2019-07-05","purchased_purges":1,"victory":false,"max_hp_per_floor":[75,75,75,75,75,75,75,75,75,75,75,75,85,85,85,85,85,85,85,85,85,85,85],"card_choices":[{"not_picked":["Berserk","Offering"],"picked":"Immolate","floor":0.0},{"not_picked":["Uppercut","Havoc","Heavy Blade"],"picked":"SKIP","floor":1.0},{"not_picked":["Cleave","Thunderclap"],"picked":"Power Through","floor":3.0},{"not_picked":["Clothesline","Wild Strike","Flex"],"picked":"SKIP","floor":4.0},{"not_picked":["Searing Blow","Blood for Blood"],"picked":"Second Wind","floor":5.0},{"not_picked":["Corruption","Anger","Fire Breathing"],"picked":"SKIP","floor":6.0},{"not_picked":["Shrug It Off","Havoc"],"picked":"Offering","floor":10.0},{"not_picked":["Entrench","Headbutt"],"picked":"Battle Trance","floor":13},{"not_picked":["Havoc","Heavy Blade"],"picked":"Shrug It Off","floor":14},{"not_picked":["Demon Form","Juggernaut"],"picked":"Offering","floor":16},{"not_picked":["Second Wind","Twin Strike"],"picked":"Dual Wield","floor":18},{"not_picked":["Wild Strike","Intimidate+1","Clothesline"],"picked":"SKIP","floor":22}],"player_experience":963750,"relics_obtained":[{"floor":6.0,"key":"Shuriken"},{"floor":9.0,"key":"Bottled Flame"},{"floor":10.0,"key":"War Paint"},{"floor":13,"key":"Pear"}],"event_choices":[{"damage_healed":0.0,"max_hp_gain":0.0,"max_hp_loss":0.0,"gold_gain":0.0,"event_name":"The Woman in Blue","player_choice":"Bought 2 Potions","floor":2.0,"gold_loss":0.0,"damage_taken":0.0},{"damage_healed":0.0,"max_hp_gain":0.0,"max_hp_loss":0.0,"gold_gain":0.0,"event_name":"Scrap Ooze","player_choice":"Success","floor":11.0,"gold_loss":0.0,"damage_taken":11.0,"relics_obtained":["Centennial Puzzle"]},{"damage_healed":0,"gold_gain":0,"player_choice":"Trade","damage_taken":0,"relics_obtained":["GremlinMask"],"max_hp_gain":0,"max_hp_loss":0,"event_name":"FaceTrader","floor":12,"gold_loss":0},{"damage_healed":0,"gold_gain":0,"player_choice":"Rummage","damage_taken":0,"relics_obtained":["WarpedTongs"],"max_hp_gain":0,"max_hp_loss":0,"event_name":"Accursed Blacksmith","floor":19,"gold_loss":0,"cards_obtained":["Pain"]},{"damage_healed":0,"gold_gain":0,"player_choice":"Read","damage_taken":0,"max_hp_gain":0,"max_hp_loss":0,"event_name":"The Library","floor":21,"gold_loss":0,"cards_obtained":["Feel No Pain"]}],"is_beta":false,"boss_relics":[{"not_picked":["Eternal Feather","Velvet Choker"],"picked":"Snecko Eye"}],"items_purged_floors":[8],"is_endless":false,"potions_floor_spawned":[1,3,5,10,13,22],"killed_by":"Book of Stabbing","ascension_level":20}