{"gold_per_floor":[16,16,26,45,10,10,38,55,132,157,82,108,108,18,18,93,93,109,29,41,41,41,41,74,74,74,88,38,38,38],"floor_reached":30,"playtime":714,"items_purged":["Strike_B"],"score":578,"play_id":"343172d4-6346-46fe-8836-a0090fa0d226","local_time":"20190612000126","is_ascension_mode":true,"campfire_choices":[{"data":"Biased Cognition","floor":6,"key":"SMITH"},{"data":"Loop","floor":15,"key":"SMITH"},{"data":"Static Discharge","floor":23,"key":"SMITH"},{"data":"Defragment","floor":25,"key":"SMITH"},{"data":"Creative AI","floor":29,"key":"SMITH"}],"neow_cost":"NO_GOLD","seed_source_timestamp":295596117434400,"circlet_count":0,"master_deck":["AscendersBane","Defend_B","Defend_B+1","Defend_B","Defend_B","Zap","Dualcast+1","Biased Cognition+1","Ball Lightning","Chill","Static Discharge+1","Creative AI+1","Coolheaded","Defragment+1","Loop+1","Rainbow","Recycle","Coolheaded"],"relics":["Cracked Core","Thread and Needle","Meat on the Bone","War Paint","Mercury Hourglass","Empty Cage","Oddly Smooth Stone","Blue Candle"],"potions_floor_usage":[16],"damage_taken":[{"damage":0,"enemies":"Cultist","floor":1,"turns":3},{"damage":7,"enemies":"Jaw Worm","floor":3,"turns":3},{"damage":5,"enemies":"Small Slimes","floor":4,"turns":3},{"damage":17,"enemies":"Lagavulin","floor":7,"turns":5},{"damage":0,"enemies":"Exordium Wildlife","floor":8,"turns":3},{"damage":15,"enemies":"Gremlin Nob","floor":10,"turns":4},{"damage":0,"enemies":"3 Sentries","floor":12,"turns":9},{"damage":13,"enemies":"Slime Boss","floor":16,"turns":7},{"damage":0,"enemies":"3 Byrds","floor":18,"turns":3},{"damage":9,"enemies":"2 Thieves","floor":19,"turns":4},{"damage":20,"enemies":"Snake Plant","floor":20,"turns":2},{"damage":28,"enemies":"Book of Stabbing","floor":24,"turns":3},{"damage":9,"enemies":"Centurion and Healer","floor":27,"turns":6},{"damage":37,"enemies":"Gremlin Leader","floor":30,"turns":2}],"seed_played":"-8144411376010969322","potions_obtained":[{"floor":3,"key":"Block Potion"},{"floor":8,"key":"Weak Potion"},{"floor":12,"key":"Fire Potion"},{"floor":27,"key":"SpeedPotion"}],"is_trial":false,"path_per_floor":["M","$","M","M","?","R","E","M","T","E","$","E","?","$","R","B",null,"M","M","M","?","$","R","E","R","T","M","?","R","E"],"character_chosen":"DEFECT","items_purchased":["Loop"],"campfire_rested":0,"item_purchase_floors":[14],"current_hp_per_floor":[64,64,57,52,69,69,52,52,52,37,37,37,30,30,30,29,61,61,52,44,44,44,44,28,28,28,31,31,31,0],"gold":38,"neow_bonus":"THREE_RARE_CARDS","is_prod":false,"is_daily":false,"chose_seed":false,"campfire_upgraded":5,"win_rate":0,"timestamp":1560265286,"path_taken":["M","?","?","M","?","R","E","M","T","E","$","E","?","$","R","BOSS","M","M","M","?","$","R","E","R","T","M","?","R","E"],"build_version":"2019-01-23","purchased_purges":1,"victory":false,"max_hp_per_floor":[71,71,71,71,71,71,71,71,71,71,71,71,71,71,71,71,71,71,71,71,71,71,71,71,71,71,71,71,71,71],"card_choices":[{"not_picked":["Rainbow","All For One"],"picked":"Biased Cognition","floor":0},{"not_picked":["Leap","Streamline","Hologram"],"picked":"SKIP","floor":1},{"not_picked":["Turbo","Cold Snap"],"picked":"Ball Lightning","floor":3},{"not_picked":["Static Discharge","Redo"],"picked":"Chill","floor":4},{"not_picked":["Steam","Gash"],"picked":"Static Discharge","floor":7},{"not_picked":["Loop","Stack"],"picked":"Creative AI","floor":8},{"not_picked":["Compile Driver","Aggregate"],"picked":"Coolheaded","floor":10},{"not_picked":["Gash","Tempest"],"picked":"Defragment","floor":12},{"not_picked":["Meteor Strike","Biased Cognition"],"picked":"Rainbow","floor":16},{"not_picked":["Redo","Steam","Melter"],"picked":"SKIP","floor":18},{"not_picked":["Conserve Battery","Steam","Aggregate"],"picked":"SKIP","floor":19},{"not_picked":["Compile Driver","Lockon"],"picked":"Recycle","floor":20},{"not_picked":["Barrage+1","Beam Cell+1"],"picked":"Coolheaded","floor":24},{"not_picked":["Streamline","BootSequence","Redo"],"picked":"SKIP","floor":27}],"player_experience":595272,"relics_obtained":[{"floor":7,"key":"Thread and Needle"},{"floor":9,"key":"Meat on the Bone"},{"floor":10,"key":"War Paint"},{"floor":12,"key":"Mercury Hourglass"},{"floor":24,"key":"Oddly Smooth Stone"},{"floor":26,"key":"Blue Candle"}],"event_choices":[{"damage_healed":17,"gold_gain":0,"player_choice":"Healed","damage_taken":0,"max_hp_gain":0,"max_hp_loss":0,"event_name":"The Cleric","floor":5,"gold_loss":35},{"cards_removed":["Strike_B"],"damage_healed":0,"gold_gain":0,"player_choice":"Card Removal","damage_taken":7,"max_hp_gain":0,"max_hp_loss":0,"event_name":"Golden Wing","floor":13,"gold_loss":0},{"damage_healed":0,"gold_gain":0,"player_choice":"Ignored","damage_taken":0,"max_hp_gain":0,"max_hp_loss":0,"event_name":"Ghosts","floor":21,"gold_loss":0},{"damage_healed":0,"gold_gain":0,"player_choice":"Bet on Murderer","damage_taken":0,"max_hp_gain":0,"max_hp_loss":0,"event_name":"The Joust","floor":28,"gold_loss":50}],"is_beta":false,"boss_relics":[{"not_picked":["Calling Bell","Black Star"],"picked":"Empty Cage"}],"items_purged_floors":[11],"is_endless":false,"potions_floor_spawned":[3,8,12,27],"killed_by":"Gremlin Leader","ascension_level":20}