{"gold_per_floor":[12,12,28,41,41,41,73,73,148,173,187,197,197,210,210,210],"floor_reached":16,"playtime":497,"items_purged":[],"score":224,"play_id":"31d6f0a7-4d1b-4067-a8a0-c0176c2179a7","local_time":"20190702174941","is_ascension_mode":true,"campfire_choices":[{"data":"Bash","floor":6,"key":"SMITH"},{"data":"Inflame","floor":13,"key":"SMITH"},{"data":"Dual Wield","floor":15,"key":"SMITH"}],"neow_cost":"NO_GOLD","seed_source_timestamp":292858363373900,"circlet_count":0,"master_deck":["AscendersBane","Strike_R","Strike_R","Strike_R","Strike_R","Defend_R","Defend_R","Defend_R","Defend_R","Bash+1","Bandage Up","Madness","Pommel Strike","Battle Trance","Corruption","Shockwave","True Grit","Inflame+1","Dual Wield+1","Carnage"],"relics":["Burning Blood","PreservedInsect","Self Forming Clay","Bag of Preparation"],"potions_floor_usage":[7,7,16,16],"damage_taken":[{"damage":5,"enemies":"2 Louse","floor":1,"turns":4},{"damage":1,"enemies":"Cultist","floor":3,"turns":3},{"damage":12,"enemies":"Jaw Worm","floor":4,"turns":3},{"damage":45,"enemies":"3 Sentries","floor":7,"turns":10},{"damage":10,"enemies":"Lagavulin","floor":10,"turns":6},{"damage":7,"enemies":"Blue Slaver","floor":11,"turns":4},{"damage":17,"enemies":"Exordium Thugs","floor":12,"turns":5},{"damage":9,"enemies":"Exordium Wildlife","floor":14,"turns":5},{"damage":25,"enemies":"Hexaghost","floor":16,"turns":9}],"seed_played":"5325891136025767360","potions_obtained":[{"floor":3,"key":"EntropicBrew"},{"floor":8,"key":"Dexterity Potion"},{"floor":10,"key":"EssenceOfSteel"},{"floor":11,"key":"EssenceOfSteel"}],"is_trial":false,"path_per_floor":["M","?","M","M","?","R","E","?","T","E","M","M","R","M","R","B"],"character_chosen":"IRONCLAD","items_purchased":[],"campfire_rested":0,"item_purchase_floors":[],"current_hp_per_floor":[73,73,75,73,78,78,43,43,43,43,46,39,39,40,40,19],"gold":210,"neow_bonus":"RANDOM_COLORLESS_2","is_prod":false,"is_daily":false,"chose_seed":false,"campfire_upgraded":3,"win_rate":0,"timestamp":1562057381,"path_taken":["M","?","?","M","?","R","E","?","T","E","?","M","R","M","R","BOSS"],"build_version":"2019-07-01","purchased_purges":0,"victory":false,"max_hp_per_floor":[75,75,75,75,80,80,80,80,80,80,80,80,80,80,80,80],"card_choices":[{"not_picked":["Entrench","Sword Boomerang"],"picked":"Pommel Strike","floor":1},{"not_picked":["Rampage","Fire Breathing"],"picked":"Battle Trance","floor":3},{"not_picked":["Twin Strike","Pommel Strike"],"picked":"Corruption","floor":4},{"not_picked":["Body Slam","Blood for Blood"],"picked":"Shockwave","floor":7},{"not_picked":["Shockwave","Body Slam"],"picked":"True Grit","floor":10},{"not_picked":["Shrug It Off","Ghostly Armor"],"picked":"Inflame","floor":11},{"not_picked":["Metallicize","Pommel Strike"],"picked":"Dual Wield","floor":12},{"not_picked":["Rage","Headbutt"],"picked":"Carnage","floor":14}],"player_experience":906372,"relics_obtained":[{"floor":7,"key":"PreservedInsect"},{"floor":9,"key":"Self Forming Clay"},{"floor":10,"key":"Bag of Preparation"}],"event_choices":[{"cards_removed":["Strike_R"],"damage_healed":0,"gold_gain":0,"player_choice":"Purged","damage_taken":0,"max_hp_gain":0,"max_hp_loss":0,"event_name":"Purifier","floor":2,"gold_loss":0},{"damage_healed":0,"gold_gain":0,"player_choice":"Donut","damage_taken":0,"max_hp_gain":5,"max_hp_loss":0,"event_name":"Big Fish","floor":5,"gold_loss":0},{"damage_healed":0,"gold_gain":0,"player_choice":"Got Potions","damage_taken":0,"max_hp_gain":0,"max_hp_loss":0,"event_name":"Lab","floor":8,"gold_loss":0}],"is_beta":false,"boss_relics":[],"items_purged_floors":[],"is_endless":false,"potions_floor_spawned":[3,10,11,12],"killed_by":"Hexaghost","ascension_level":20}