{"gold_per_floor":[115,115,128,128,152,152,152,152,152,187,14,14,30,61,61,157,157,180,180,270,23,42,42,42,42,42,42,76,97,118,133,133,133],"floor_reached":33,"playtime":933,"items_purged":[],"score":546,"play_id":"3abdfdbd-24bf-45f6-8aeb-9a73a66fbb87","local_time":"20190622152817","is_ascension_mode":true,"campfire_choices":[{"data":"Static Discharge","floor":6.0,"key":"SMITH"},{"data":"Darkness","floor":12.0,"key":"SMITH"},{"data":"Discovery","floor":15.0,"key":"SMITH"},{"floor":23.0,"key":"REST"},{"data":"Sunder","floor":27.0,"key":"SMITH"},{"floor":32.0,"key":"REST"}],"neow_cost":"NONE","seed_source_timestamp":6301357378400,"circlet_count":0,"master_deck":["AscendersBane","Strike_B","Strike_B","Strike_B","Strike_B","Defend_B","Defend_B","Defend_B","Defend_B","Zap","Dualcast","Coolheaded","Static Discharge+1","Chill","Discovery+1","Darkness+1","Rip and Tear","Sunder+1","Core Surge","Ghostly","Ghostly","Ghostly","Glacier","Barrage","Consume"],"special_seed":0,"relics":["Cracked Core","NeowsBlessing","Golden Idol","WarpedTongs","Boot","Girya","Inserter","PreservedInsect","Blue Candle","Thread and Needle"],"potions_floor_usage":[33],"damage_taken":[{"damage":0.0,"enemies":"Jaw Worm","floor":1.0,"turns":1.0},{"damage":0.0,"enemies":"Small Slimes","floor":3.0,"turns":1.0},{"damage":0.0,"enemies":"Cultist","floor":5.0,"turns":1.0},{"damage":16.0,"enemies":"Lagavulin","floor":10.0,"turns":7.0},{"damage":4.0,"enemies":"Looter","floor":13.0,"turns":3.0},{"damage":13.0,"enemies":"3 Sentries","floor":14.0,"turns":6.0},{"damage":14.0,"enemies":"The Guardian","floor":16.0,"turns":8.0},{"damage":34.0,"enemies":"Shell Parasite","floor":18.0,"turns":5.0},{"damage":1.0,"enemies":"3 Byrds","floor":22.0,"turns":5.0},{"damage":5.0,"enemies":"Slavers","floor":28.0,"turns":3.0},{"damage":7.0,"enemies":"Centurion and Healer","floor":29.0,"turns":7.0},{"damage":0.0,"enemies":"Cultist and Chosen","floor":30.0,"turns":7.0},{"damage":0.0,"enemies":"Snake Plant","floor":31.0,"turns":4.0},{"damage":23,"enemies":"Collector","floor":33,"turns":3}],"seed_played":"-8638240361202843731","potions_obtained":[{"floor":3.0,"key":"AttackPotion"},{"floor":10.0,"key":"SneckoOil"},{"floor":14.0,"key":"FearPotion"},{"floor":18.0,"key":"Fire Potion"},{"floor":22.0,"key":"PowerPotion"},{"floor":28.0,"key":"Fire Potion"},{"floor":31.0,"key":"PowerPotion"}],"is_trial":false,"path_per_floor":["M","?","M","?","M","R","?","?","T","E","$","R","M","E","R","B",null,"M","?","?","$","M","R","$","?","T","R","E","M","M","M","R","B"],"character_chosen":"DEFECT","items_purchased":["Discovery","Darkness","PreservedInsect","Glacier"],"campfire_rested":2,"item_purchase_floors":[11,11,21,21],"current_hp_per_floor":[64,64,64,64,64,64,64,57,57,41,41,41,37,24,24,10,51,17,17,5,5,4,13,13,13,13,13,8,1,1,1,10,0],"gold":133,"neow_bonus":"THREE_ENEMY_KILL","is_prod":false,"is_daily":false,"chose_seed":false,"campfire_upgraded":4,"win_rate":0,"timestamp":1561184897,"path_taken":["M","?","M","?","?","R","?","?","T","E","?","R","M","E","R","BOSS","M","?","?","$","?","R","$","?","T","R","E","M","M","M","R","BOSS"],"build_version":"2019-01-23","purchased_purges":0,"victory":false,"max_hp_per_floor":[71,64,64,64,64,64,64,64,64,64,64,64,64,64,64,64,64,64,32,32,32,32,32,32,32,32,32,32,32,32,32,32,32],"card_choices":[{"not_picked":["Go for the Eyes","Stack","Rebound"],"picked":"SKIP","floor":1.0},{"not_picked":["Go for the Eyes","Gash"],"picked":"Coolheaded","floor":3.0},{"not_picked":["Hello World","Storm"],"picked":"Static Discharge","floor":5.0},{"not_picked":["Stack","Sweeping Beam"],"picked":"Chill","floor":10.0},{"not_picked":["Aggregate","Hologram"],"picked":"Rip and Tear","floor":13.0},{"not_picked":["Sweeping Beam","Barrage"],"picked":"Sunder","floor":14.0},{"not_picked":["Meteor Strike","All For One"],"picked":"Core Surge","floor":16.0},{"not_picked":["Turbo","Steam","Go for the Eyes"],"picked":"SKIP","floor":18.0},{"not_picked":["Go for the Eyes","Gash"],"picked":"Barrage","floor":22.0},{"not_picked":["Ball Lightning","Gash","Sweeping Beam"],"picked":"SKIP","floor":28.0},{"not_picked":["Compile Driver+1","Hologram","Redo"],"picked":"SKIP","floor":29.0},{"not_picked":["Leap","Heatsinks+1"],"picked":"Consume","floor":30.0},{"not_picked":["Reinforced Body","Hologram","Beam Cell"],"picked":"SKIP","floor":31.0}],"player_experience":741338,"relics_obtained":[{"floor":10.0,"key":"Boot"},{"floor":14.0,"key":"Girya"},{"floor":26.0,"key":"Blue Candle"},{"floor":28.0,"key":"Thread and Needle"}],"event_choices":[{"damage_healed":0.0,"max_hp_gain":0.0,"max_hp_loss":7.0,"gold_gain":0.0,"event_name":"Golden Idol","player_choice":"Lose Max HP","floor":2.0,"gold_loss":0.0,"damage_taken":0.0,"relics_obtained":["Golden Idol"]},{"damage_healed":0.0,"max_hp_gain":0.0,"max_hp_loss":0.0,"gold_gain":0.0,"event_name":"Accursed Blacksmith","player_choice":"Rummage","floor":4.0,"gold_loss":0.0,"damage_taken":0.0,"relics_obtained":["WarpedTongs"],"cards_obtained":["Pain"]},{"damage_healed":0.0,"max_hp_gain":0.0,"max_hp_loss":0.0,"gold_gain":0.0,"event_name":"Liars Game","player_choice":"Ignored","floor":7.0,"gold_loss":0.0,"damage_taken":0.0},{"cards_removed":["Pain"],"damage_healed":0.0,"max_hp_gain":0.0,"max_hp_loss":0.0,"gold_gain":0.0,"event_name":"Golden Wing","player_choice":"Card Removal","floor":8.0,"gold_loss":0.0,"damage_taken":7.0},{"damage_healed":0.0,"max_hp_gain":0.0,"max_hp_loss":32.0,"gold_gain":0.0,"event_name":"Ghosts","player_choice":"Became a Ghost","floor":19.0,"gold_loss":0.0,"damage_taken":0.0,"cards_obtained":["Ghostly","Ghostly","Ghostly"]},{"damage_healed":0.0,"max_hp_gain":0.0,"max_hp_loss":0.0,"gold_gain":90.0,"event_name":"Knowing Skull","player_choice":"GOLD ","floor":20.0,"potions_obtained":[],"gold_loss":0.0,"damage_taken":12.0,"cards_obtained":[]},{"damage_healed":0.0,"max_hp_gain":0.0,"max_hp_loss":0.0,"gold_gain":0.0,"event_name":"Cursed Tome","player_choice":"Ignored","floor":25.0,"gold_loss":0.0,"damage_taken":0.0}],"is_beta":false,"boss_relics":[{"not_picked":["Sozu","Tiny House"],"picked":"Inserter"}],"items_purged_floors":[],"is_endless":false,"potions_floor_spawned":[3,10,13,14,18,22,28,31],"killed_by":"Collector","ascension_level":20}