{"gold_per_floor":[112,112,187,204,215,215,215,56,56,56,85,85,111,111,111,111],"floor_reached":16,"playtime":438,"items_purged":["Strike_R"],"score":212,"play_id":"9ea235fc-3272-472b-8acd-fa31170d8584","local_time":"20190723164318","is_ascension_mode":true,"campfire_choices":[{"data":"Bash","floor":6,"key":"SMITH"},{"data":"Cleave","floor":10,"key":"SMITH"},{"floor":12,"key":"REST"},{"floor":15,"key":"REST"}],"neow_cost":"PERCENT_DAMAGE","seed_source_timestamp":350223143432800,"circlet_count":0,"master_deck":["AscendersBane","Strike_R","Defend_R","Defend_R+1","Defend_R+1","Defend_R","Bash+1","Cleave+1","Disarm","Dropkick","Spot Weakness","Shockwave"],"relics":["Burning Blood","Mango","Ornamental Fan","Bag of Marbles","Golden Idol"],"potions_floor_usage":[5,11,13,16],"damage_taken":[{"damage":0,"enemies":"2 Louse","floor":1,"turns":3},{"damage":4,"enemies":"Jaw Worm","floor":4,"turns":4},{"damage":0,"enemies":"Small Slimes","floor":5,"turns":2},{"damage":34,"enemies":"3 Sentries","floor":11,"turns":9},{"damage":30,"enemies":"Gremlin Nob","floor":13,"turns":4},{"damage":46,"enemies":"Slime Boss","floor":16,"turns":9}],"seed_played":"-6686124183175708294","potions_obtained":[{"floor":1,"key":"GamblersBrew"},{"floor":4,"key":"Explosive Potion"},{"floor":11,"key":"EntropicBrew"}],"is_trial":false,"path_per_floor":["M","?","?","M","M","R","?","$","T","R","E","R","E","?","R","B"],"character_chosen":"IRONCLAD","items_purchased":["Dropkick"],"campfire_rested":2,"item_purchase_floors":[8],"current_hp_per_floor":[56,33,22,24,30,30,30,30,44,44,16,42,18,18,42,0],"gold":111,"neow_bonus":"REMOVE_TWO","is_prod":false,"is_daily":false,"chose_seed":false,"campfire_upgraded":2,"win_rate":0,"timestamp":1563867798,"path_taken":["M","?","?","M","M","R","?","$","T","R","E","R","E","?","R","BOSS"],"build_version":"2019-07-17","purchased_purges":1,"victory":false,"max_hp_per_floor":[75,75,75,75,75,75,75,75,89,89,89,89,89,81,81,81],"card_choices":[{"not_picked":["Dual Wield","Iron Wave","Twin Strike"],"picked":"SKIP","floor":1},{"not_picked":["True Grit","Second Wind"],"picked":"Cleave","floor":4},{"not_picked":["Power Through","Blood for Blood","Thunderclap"],"picked":"SKIP","floor":5},{"not_picked":["Metallicize","Battle Trance"],"picked":"Spot Weakness","floor":11},{"not_picked":["Clothesline","Headbutt"],"picked":"Shockwave","floor":13}],"player_experience":1143261,"relics_obtained":[{"floor":9,"key":"Mango"},{"floor":11,"key":"Ornamental Fan"},{"floor":13,"key":"Bag of Marbles"}],"event_choices":[{"damage_healed":0,"gold_gain":0,"player_choice":"Entered Light","damage_taken":23,"max_hp_gain":0,"max_hp_loss":0,"event_name":"Shining Light","floor":2,"gold_loss":0,"cards_upgraded":["Defend_R","Defend_R"]},{"damage_healed":0,"gold_gain":75,"player_choice":"Gather Gold","damage_taken":11,"max_hp_gain":0,"max_hp_loss":0,"event_name":"World of Goop","floor":3,"gold_loss":0},{"damage_healed":0,"gold_gain":0,"cards_transformed":["Strike_R"],"player_choice":"Change","damage_taken":0,"max_hp_gain":0,"max_hp_loss":0,"event_name":"Living Wall","floor":7,"gold_loss":0,"cards_obtained":["Disarm"]},{"damage_healed":0,"gold_gain":0,"player_choice":"Lose Max HP","damage_taken":0,"relics_obtained":["Golden Idol"],"max_hp_gain":0,"max_hp_loss":8,"event_name":"Golden Idol","floor":14,"gold_loss":0}],"is_beta":false,"boss_relics":[],"items_purged_floors":[8],"is_endless":false,"potions_floor_spawned":[1,4,11],"killed_by":"Slime Boss","ascension_level":20}