{"gold_per_floor":[115,130,130,148,148,148,180,193,193,193,193,193,206,131,131,226,226,246,28,47,62,81,81,97,97,174,174,194,294,294,304,304,409,409,419,246,1245,1259,1259,1293,1293,1304,1304,1322,1341,1341,1360,7,7,7],"floor_reached":51,"playtime":2292,"items_purged":["Strike_B","Strike_B","Normality","Normality"],"score":931,"play_id":"bdf70405-b16d-47bb-9c92-fe360a64150c","local_time":"20190728235639","is_ascension_mode":false,"campfire_choices":[{"data":"Coolheaded","floor":6.0,"key":"SMITH"},{"floor":10.0,"key":"REST"},{"data":"Blizzard","floor":15.0,"key":"SMITH"},{"data":"Beam Cell","floor":23.0,"key":"SMITH"},{"data":"Electrodynamics","floor":27.0,"key":"SMITH"},{"data":"Defragment","floor":32.0,"key":"SMITH"},{"data":"Zap","floor":41.0,"key":"SMITH"},{"data":"Defragment","floor":46,"key":"SMITH"},{"floor":49,"key":"DIG"}],"neow_cost":"CURSE","seed_source_timestamp":907894764169,"circlet_count":0,"master_deck":["Strike_B+1","Strike_B+1","Defend_B+1","Defend_B+1","Defend_B+1","Zap+1","Dualcast+1","Shame","Coolheaded+1","Compile Driver","Ball Lightning","Ball Lightning","Blizzard+1","Electrodynamics+1","Sweeping Beam","Beam Cell+1","Flash of Steel","Ball Lightning","Doom and Gloom","Ball Lightning","Chaos","Conserve Battery","Defragment+1","Thunder Strike","Injury","Clumsy","Glacier","Coolheaded","Normality","Sweeping Beam+1","Zap+1","Tempest","Compile Driver","Parasite","Beam Cell+1","Defragment+1","Leap+1","Reinforced Body"],"special_seed":0,"relics":["Cracked Core","Du-Vu Doll","Boot","Art of War","Meat on the Bone","Sozu","Kunai","Thread and Needle","Pantograph","Calling Bell","Ancient Tea Set","The Courier","Shovel","Shuriken","Orichalcum","ClockworkSouvenir","Mango","Bag of Marbles","Strawberry","Pen Nib","Bag of Preparation","Happy Flower","Letter Opener","DataDisk"],"potions_floor_usage":[],"damage_taken":[{"damage":0.0,"enemies":"Jaw Worm","floor":1.0,"turns":3.0},{"damage":10.0,"enemies":"Small Slimes","floor":2.0,"turns":3.0},{"damage":0.0,"enemies":"Cultist","floor":4.0,"turns":3.0},{"damage":28.0,"enemies":"3 Sentries","floor":7.0,"turns":7.0},{"damage":8.0,"enemies":"2 Fungi Beasts","floor":8.0,"turns":3.0},{"damage":0.0,"enemies":"Looter","floor":13.0,"turns":1.0},{"damage":0.0,"enemies":"Slime Boss","floor":16.0,"turns":8.0},{"damage":10.0,"enemies":"Shell Parasite","floor":18.0,"turns":3.0},{"damage":15.0,"enemies":"2 Thieves","floor":20.0,"turns":2.0},{"damage":8.0,"enemies":"Snecko","floor":21.0,"turns":3.0},{"damage":3.0,"enemies":"Centurion and Healer","floor":22.0,"turns":4.0},{"damage":18.0,"enemies":"Shelled Parasite and Fungi","floor":24.0,"turns":2.0},{"damage":23.0,"enemies":"Snake Plant","floor":28.0,"turns":3.0},{"damage":12.0,"enemies":"Colosseum Slavers","floor":29.0,"turns":2.0},{"damage":7.0,"enemies":"Colosseum Nobs","floor":29.0,"turns":3.0},{"damage":4.0,"enemies":"Sentry and Sphere","floor":31.0,"turns":4.0},{"damage":51.0,"enemies":"Automaton","floor":33.0,"turns":7.0},{"damage":7.0,"enemies":"3 Darklings","floor":35.0,"turns":3.0},{"damage":6.0,"enemies":"Orb Walker","floor":38.0,"turns":3.0},{"damage":5.0,"enemies":"Giant Head","floor":40.0,"turns":6.0},{"damage":0.0,"enemies":"Transient","floor":42.0,"turns":5.0},{"damage":2,"enemies":"Writhing Mass","floor":44,"turns":5},{"damage":6,"enemies":"Sphere and 2 Shapes","floor":45,"turns":2},{"damage":3,"enemies":"4 Shapes","floor":47,"turns":2},{"damage":56,"enemies":"Time Eater","floor":50,"turns":7}],"seed_played":"9135667146215475632","potions_obtained":[{"floor":2.0,"key":"Strength Potion"},{"floor":7.0,"key":"Poison Potion"},{"floor":8.0,"key":"Fire Potion"}],"is_trial":false,"path_per_floor":["M","M","?","M","?","R","E","M","T","R","?","?","M","$","R","B",null,"M","$","M","M","M","R","M","?","T","R","M","?","?","M","R","B",null,"M","$","?","M","?","E","R","M","T","M","M","R","M","$","R","B",null],"character_chosen":"DEFECT","items_purchased":["Beam Cell","Flash of Steel","Glacier","Coolheaded","ClockworkSouvenir","Mango","Reinforced Body","Bag of Marbles","Strawberry","Pen Nib","Bag of Preparation","Happy Flower","Letter Opener"],"campfire_rested":1,"item_purchase_floors":[19,19,36,36,48,48,48,48,48,48,48,48,48],"current_hp_per_floor":[75,65,65,65,65,65,37,29,29,51,39,39,39,39,39,39,75,65,65,50,42,39,39,33,33,33,33,22,27,27,35,35,21,75,68,68,68,62,62,57,57,57,57,55,49,49,46,67,67,48],"gold":7,"neow_bonus":"ONE_RARE_RELIC","is_prod":false,"is_daily":false,"chose_seed":false,"campfire_upgraded":7,"win_rate":0,"timestamp":1564379799,"path_taken":["M","M","?","M","?","R","E","?","T","R","?","?","M","$","R","BOSS","M","$","M","?","M","R","M","?","T","R","M","?","?","M","R","BOSS","M","$","?","M","?","E","R","?","T","M","M","R","M","$","R","BOSS"],"build_version":"2019-07-17","purchased_purges":4,"victory":true,"max_hp_per_floor":[75,75,75,75,75,75,75,75,75,75,75,75,75,75,75,75,75,75,75,75,75,75,75,75,75,75,75,75,75,75,75,75,75,75,75,75,75,75,75,75,75,75,75,75,75,75,75,96,96,96],"card_choices":[{"not_picked":["Consume","Redo"],"picked":"Coolheaded","floor":1.0},{"not_picked":["Hologram","Scrape","Undo"],"picked":"SKIP","floor":2.0},{"not_picked":["Streamline","Darkness"],"picked":"Compile Driver","floor":4.0},{"not_picked":["Rebound","Buffer"],"picked":"Ball Lightning","floor":7.0},{"not_picked":["Barrage","Coolheaded"],"picked":"Ball Lightning","floor":8.0},{"not_picked":["Stack","Skim"],"picked":"Blizzard","floor":13.0},{"not_picked":["Fission","Hyperbeam"],"picked":"Electrodynamics","floor":16.0},{"not_picked":["BootSequence","Aggregate"],"picked":"Sweeping Beam","floor":18.0},{"not_picked":["Redo","Cold Snap"],"picked":"Ball Lightning","floor":20.0},{"not_picked":["Leap","Genetic Algorithm"],"picked":"Doom and Gloom","floor":21.0},{"not_picked":["Darkness","Compile Driver"],"picked":"Ball Lightning","floor":22.0},{"not_picked":["Storm","BootSequence","Recycle"],"picked":"SKIP","floor":24.0},{"not_picked":["Tempest","Go for the Eyes+1"],"picked":"Chaos","floor":28.0},{"not_picked":["Beam Cell","Stack+1"],"picked":"Conserve Battery","floor":29.0},{"not_picked":["Streamline","Hello World"],"picked":"Defragment","floor":31.0},{"not_picked":["Buffer","All For One"],"picked":"Thunder Strike","floor":33.0},{"not_picked":["Hologram+1","Leap","Rebound"],"picked":"SKIP","floor":35.0},{"not_picked":["Gash+1","Rebound+1"],"picked":"Sweeping Beam+1","floor":38.0},{"not_picked":["Auto Shields","Meteor Strike"],"picked":"Tempest","floor":40.0},{"not_picked":["Fusion","BootSequence"],"picked":"Compile Driver","floor":42.0},{"not_picked":["Conserve Battery+1","Steam"],"picked":"Beam Cell+1","floor":44},{"not_picked":["Redo","Barrage+1"],"picked":"Defragment","floor":45},{"not_picked":["Blizzard","Hyperbeam"],"picked":"Leap+1","floor":47}],"player_experience":1581963,"relics_obtained":[{"floor":7.0,"key":"Boot"},{"floor":9.0,"key":"Art of War"},{"floor":26.0,"key":"Kunai"},{"floor":29.0,"key":"Thread and Needle"},{"floor":29.0,"key":"Pantograph"},{"floor":34.0,"key":"Ancient Tea Set"},{"floor":34.0,"key":"The Courier"},{"floor":34.0,"key":"Shovel"},{"floor":40.0,"key":"Shuriken"},{"floor":43.0,"key":"Orichalcum"},{"floor":49,"key":"DataDisk"}],"event_choices":[{"damage_healed":0.0,"max_hp_gain":0.0,"max_hp_loss":0.0,"gold_gain":0.0,"event_name":"Living Wall","player_choice":"Grow","floor":3.0,"gold_loss":0.0,"damage_taken":0.0,"cards_upgraded":["Zap"]},{"damage_healed":0.0,"max_hp_gain":0.0,"max_hp_loss":0.0,"gold_gain":0.0,"event_name":"Accursed Blacksmith","player_choice":"Forge","floor":5.0,"gold_loss":0.0,"damage_taken":0.0,"cards_upgraded":["Dualcast"]},{"damage_healed":0.0,"max_hp_gain":0.0,"max_hp_loss":0.0,"gold_gain":0.0,"event_name":"Scrap Ooze","player_choice":"Success","floor":11.0,"gold_loss":0.0,"damage_taken":12.0,"relics_obtained":["Meat on the Bone"]},{"cards_removed":["Defend_B"],"damage_healed":0.0,"max_hp_gain":0.0,"max_hp_loss":0.0,"gold_gain":0.0,"event_name":"Purifier","player_choice":"Purged","floor":12.0,"gold_loss":0.0,"damage_taken":0.0},{"damage_healed":0.0,"max_hp_gain":0.0,"max_hp_loss":0.0,"gold_gain":0.0,"event_name":"Back to Basics","player_choice":"Simplicity","floor":25.0,"gold_loss":0.0,"damage_taken":0.0,"cards_upgraded":["Strike_B","Strike_B","Defend_B","Defend_B","Defend_B"]},{"damage_healed":0.0,"max_hp_gain":0.0,"max_hp_loss":0.0,"gold_gain":0.0,"event_name":"Colosseum","player_choice":"Fight","floor":29.0,"gold_loss":0.0,"damage_taken":0.0},{"damage_healed":0.0,"max_hp_gain":0.0,"max_hp_loss":0.0,"gold_gain":0.0,"event_name":"Colosseum","player_choice":"Fought Nobs","floor":29.0,"gold_loss":0.0,"damage_taken":0.0},{"damage_healed":0.0,"max_hp_gain":0.0,"max_hp_loss":0.0,"gold_gain":0.0,"event_name":"Ghosts","player_choice":"Ignored","floor":30.0,"gold_loss":0.0,"damage_taken":0.0},{"damage_healed":0.0,"max_hp_gain":0.0,"max_hp_loss":0.0,"gold_gain":999.0,"event_name":"MindBloom","player_choice":"Gold","floor":37.0,"gold_loss":0.0,"damage_taken":0.0,"cards_obtained":["Normality","Normality"]},{"damage_healed":0.0,"max_hp_gain":0.0,"max_hp_loss":0.0,"gold_gain":0.0,"event_name":"Match and Keep!","player_choice":"1 cards matched","floor":39.0,"gold_loss":0.0,"damage_taken":0.0,"cards_obtained":["Zap"]}],"is_beta":false,"boss_relics":[{"not_picked":["Velvet Choker","Black Star"],"picked":"Sozu"},{"not_picked":["Eternal Feather","Astrolabe"],"picked":"Calling Bell"}],"items_purged_floors":[14,19,36,48],"is_endless":false,"potions_floor_spawned":[2,7,8,18,20,29,33,35,40],"ascension_level":0}