{"gold_per_floor":[118,43,43,60,77,77,77,95,118,118,153,78,93,93,93,93],"floor_reached":16,"playtime":252,"items_purged":["Strike_B"],"score":200,"play_id":"991c1fa3-b9c5-48ba-9a22-6c2bc43015fa","local_time":"20190614234407","is_ascension_mode":true,"campfire_choices":[{"data":"Consume","floor":6,"key":"SMITH"},{"data":"Tempest","floor":10,"key":"SMITH"},{"floor":15,"key":"REST"}],"neow_cost":"NONE","seed_source_timestamp":33253101705399,"circlet_count":0,"master_deck":["AscendersBane","Strike_B","Strike_B","Strike_B+1","Defend_B","Defend_B+1","Defend_B","Zap","Dualcast+1","Cold Snap","Consume+1","Tempest+1","Turbo"],"relics":["Cracked Core","NeowsBlessing","NlothsMask","Orichalcum"],"potions_floor_usage":[],"damage_taken":[{"damage":0,"enemies":"Small Slimes","floor":1,"turns":1},{"damage":0,"enemies":"2 Louse","floor":4,"turns":1},{"damage":0,"enemies":"Cultist","floor":5,"turns":1},{"damage":12,"enemies":"Exordium Wildlife","floor":8,"turns":4},{"damage":17,"enemies":"Lagavulin","floor":11,"turns":6},{"damage":0,"enemies":"Exordium Thugs","floor":13,"turns":3},{"damage":35,"enemies":"The Guardian","floor":16,"turns":6}],"seed_played":"-6534618874726876156","potions_obtained":[{"floor":1,"key":"Energy Potion"},{"floor":4,"key":"Dexterity Potion"},{"floor":8,"key":"Energy Potion"}],"is_trial":false,"path_per_floor":["M","?","?","M","M","R","?","M","T","R","E","$","M","?","R","B"],"character_chosen":"DEFECT","items_purchased":[],"campfire_rested":1,"item_purchase_floors":[],"current_hp_per_floor":[64,64,64,64,64,64,64,52,52,52,35,35,35,14,35,0],"gold":93,"neow_bonus":"THREE_ENEMY_KILL","is_prod":false,"is_daily":false,"chose_seed":false,"campfire_upgraded":2,"win_rate":0,"timestamp":1560523447,"path_taken":["M","?","?","M","?","R","?","?","T","R","E","?","?","?","R","BOSS"],"build_version":"2019-01-23","purchased_purges":1,"victory":false,"max_hp_per_floor":[71,71,71,71,71,71,71,71,71,71,71,71,71,71,71,71],"card_choices":[{"not_picked":["Reprogram","Heatsinks","Aggregate"],"picked":"SKIP","floor":1},{"not_picked":["Redo","Storm"],"picked":"Cold Snap","floor":4},{"not_picked":["Leap","Double Energy"],"picked":"Consume","floor":5},{"not_picked":["Consume","Go for the Eyes"],"picked":"Tempest","floor":8},{"not_picked":["Go for the Eyes","Steam"],"picked":"Turbo","floor":11},{"not_picked":["Hello World","Barrage","Blizzard"],"picked":"SKIP","floor":13}],"player_experience":659989,"relics_obtained":[{"floor":11,"key":"Orichalcum"}],"event_choices":[{"cards_removed":["Defend_B"],"damage_healed":0,"gold_gain":0,"player_choice":"Card Removal","damage_taken":0,"max_hp_gain":0,"max_hp_loss":0,"event_name":"The Cleric","floor":2,"gold_loss":75},{"damage_healed":0,"gold_gain":0,"player_choice":"Trade","damage_taken":0,"relics_obtained":["NlothsMask"],"max_hp_gain":0,"max_hp_loss":0,"event_name":"FaceTrader","floor":3,"gold_loss":0},{"damage_healed":0,"gold_gain":0,"player_choice":"Upgraded","damage_taken":0,"max_hp_gain":0,"max_hp_loss":0,"event_name":"Upgrade Shrine","floor":7,"gold_loss":0,"cards_upgraded":["Strike_B"]},{"damage_healed":0,"gold_gain":0,"player_choice":"Entered Light","damage_taken":21,"max_hp_gain":0,"max_hp_loss":0,"event_name":"Shining Light","floor":14,"gold_loss":0,"cards_upgraded":["Defend_B","Dualcast"]}],"is_beta":false,"boss_relics":[],"items_purged_floors":[12],"is_endless":false,"potions_floor_spawned":[1,4,8],"killed_by":"The Guardian","ascension_level":20}