{"gold_per_floor":[20,20,37,55,72,72,106,106,106,122,122,154,166,181,181,258,258,274,40,55,105,121,121,148,148,148,148,178,98,131,145,145,219,219,232,1231,1231,1251,1264,1264,99,127,178,178,207,16,16,28,28,28,28,28,28,28,59,59],"floor_reached":57,"playtime":2691,"items_purged":["Anger","Strike_R","Normality","Normality"],"score":2910,"play_id":"0121be62-f20d-40c7-a0d2-58777e353f3e","local_time":"20190705212022","is_ascension_mode":true,"campfire_choices":[{"data":"Carnage","floor":6.0,"key":"SMITH"},{"data":"Infernal Blade","floor":8.0,"key":"SMITH"},{"data":"Evolve","floor":15.0,"key":"SMITH"},{"data":"Armaments","floor":23.0,"key":"SMITH"},{"data":"True Grit","floor":27.0,"key":"SMITH"},{"floor":32.0,"key":"REST"},{"data":"Impervious","floor":40.0,"key":"SMITH"},{"floor":44,"key":"REST"},{"floor":47,"key":"RECALL"},{"data":"Fiend Fire","floor":49,"key":"SMITH"},{"data":"Inflame","floor":53,"key":"SMITH"}],"neow_cost":"NO_GOLD","seed_source_timestamp":562411002134799,"circlet_count":0,"master_deck":["AscendersBane","Strike_R","Strike_R","Strike_R","Defend_R+1","Defend_R+1","Defend_R+1","Defend_R","Bash+1","Shrug It Off","Pummel","Evolve+1","Carnage+1","Infernal Blade+1","Intimidate+1","Impervious+1","Shrug It Off+1","Armaments+1","Inflame+1","Clothesline+1","True Grit+1","Heavy Blade+1","True Grit+1","Double Tap+1","Ghostly Armor+1","Flame Barrier+1","Uppercut+1","Evolve+1","Combust+1","Corruption+1","Feel No Pain+1","Shockwave+1","Sentinel+1","Body Slam","Fiend Fire+1","Injury","Juggernaut+1","Corruption+1","Sentinel+1","Shockwave+1"],"special_seed":0,"relics":["Burning Blood","Dead Branch","Art of War","Mango","Snecko Eye","Tiny Chest","Frozen Egg 2","Kunai","The Courier","Toxic Egg 2","Cursed Key","Meat on the Bone","War Paint","Mummified Hand","Anchor","Whetstone","Bag of Marbles","Gambling Chip","Magic Flower"],"potions_floor_usage":[56,56],"damage_taken":[{"damage":0.0,"enemies":"2 Louse","floor":1.0,"turns":4.0},{"damage":6.0,"enemies":"Cultist","floor":3.0,"turns":3.0},{"damage":12.0,"enemies":"Small Slimes","floor":4.0,"turns":4.0},{"damage":21.0,"enemies":"Exordium Wildlife","floor":5.0,"turns":4.0},{"damage":8.0,"enemies":"Gremlin Nob","floor":7.0,"turns":3.0},{"damage":10.0,"enemies":"Gremlin Gang","floor":10.0,"turns":3.0},{"damage":10.0,"enemies":"3 Sentries","floor":12.0,"turns":7.0},{"damage":9.0,"enemies":"Lots of Slimes","floor":13.0,"turns":5.0},{"damage":0.0,"enemies":"Looter","floor":14.0,"turns":2.0},{"damage":24.0,"enemies":"Slime Boss","floor":16.0,"turns":8.0},{"damage":12.0,"enemies":"3 Byrds","floor":18.0,"turns":6.0},{"damage":0.0,"enemies":"2 Thieves","floor":20.0,"turns":4.0},{"damage":8.0,"enemies":"Sentry and Sphere","floor":22.0,"turns":4.0},{"damage":18.0,"enemies":"Slavers","floor":24.0,"turns":4.0},{"damage":22.0,"enemies":"Book of Stabbing","floor":28.0,"turns":6.0},{"damage":33.0,"enemies":"Gremlin Leader","floor":30.0,"turns":8.0},{"damage":0.0,"enemies":"Snecko","floor":31.0,"turns":4.0},{"damage":62.0,"enemies":"Collector","floor":33.0,"turns":15.0},{"damage":17.0,"enemies":"3 Shapes","floor":35.0,"turns":5.0},{"damage":6.0,"enemies":"3 Darklings","floor":38.0,"turns":6.0},{"damage":7.0,"enemies":"Sphere and 2 Shapes","floor":39.0,"turns":5.0},{"damage":29,"enemies":"Giant Head","floor":42,"turns":5},{"damage":0,"enemies":"Reptomancer","floor":45,"turns":4},{"damage":0,"enemies":"4 Shapes","floor":48,"turns":3},{"damage":30,"enemies":"Awakened One","floor":50,"turns":6},{"damage":18,"enemies":"Time Eater","floor":51,"turns":5},{"damage":10,"enemies":"Shield and Spear","floor":55,"turns":5},{"damage":26,"enemies":"The Heart","floor":56,"turns":6}],"seed_played":"5582957383600382532","potions_obtained":[{"floor":3.0,"key":"Fire Potion"},{"floor":5.0,"key":"EssenceOfSteel"},{"floor":10.0,"key":"BloodPotion"},{"floor":14.0,"key":"FearPotion"},{"floor":20.0,"key":"Explosive Potion"},{"floor":24.0,"key":"PowerPotion"},{"floor":28.0,"key":"Regen Potion"},{"floor":30.0,"key":"EssenceOfSteel"},{"floor":35.0,"key":"SkillPotion"},{"floor":38.0,"key":"SkillPotion"},{"floor":55,"key":"GamblersBrew"}],"is_trial":false,"path_per_floor":["M","?","M","M","M","R","E","R","T","M","?","E","M","M","R","B",null,"M","$","M","?","M","R","E","$","T","R","E","$","E","M","R","B",null,"M","?","?","M","M","R","$","E","T","R","E","$","R","M","R","B","B",null,"R","$","E","B",null],"character_chosen":"IRONCLAD","items_purchased":["Tiny Chest","Armaments","Evolve+1","Combust+1","Corruption+1","Feel No Pain+1","Meat on the Bone","Shockwave+1","Sentinel+1","Body Slam","War Paint","Mummified Hand","Anchor","Corruption+1"],"campfire_rested":2,"item_purchase_floors":[19,19,41,41,41,41,41,41,41,41,41,41,41,46],"current_hp_per_floor":[74,74,74,68,53,53,51,51,51,47,24,52,49,55,55,37,76,70,70,76,76,74,74,62,62,62,62,46,46,34,40,66,10,69,58,58,58,58,57,57,57,46,46,72,78,78,78,84,84,60,60,82,82,82,78,61],"gold":59,"neow_bonus":"ONE_RARE_RELIC","is_prod":false,"is_daily":false,"chose_seed":false,"campfire_upgraded":8,"win_rate":0,"timestamp":1562329222,"path_taken":["M","?","M","M","M","R","E","R","T","M","?","E","M","M","R","BOSS","M","$","M","?","M","R","E","?","T","R","E","$","E","M","R","BOSS","M","?","?","M","M","R","$","E","T","R","E","?","R","M","R","BOSS","BOSS","R","$","E","BOSS"],"build_version":"2019-07-01","purchased_purges":4,"victory":true,"max_hp_per_floor":[75,75,75,75,75,75,75,75,75,75,75,89,89,89,89,89,89,89,89,89,89,89,89,89,89,89,89,89,89,89,89,89,89,89,89,89,89,89,89,89,89,89,89,89,89,89,89,89,89,89,89,89,89,89,89,89],"card_choices":[{"not_picked":["Sword Boomerang","Anger"],"picked":"Shrug It Off","floor":1.0},{"not_picked":["Havoc","Wild Strike"],"picked":"Evolve","floor":3.0},{"not_picked":["Cleave","Intimidate"],"picked":"Anger","floor":4.0},{"not_picked":["Sword Boomerang","Burning Pact"],"picked":"Carnage","floor":5.0},{"not_picked":["Twin Strike","Brutality"],"picked":"Infernal Blade","floor":7.0},{"not_picked":["Flex","Carnage"],"picked":"Intimidate","floor":10.0},{"not_picked":["Iron Wave","Anger","Perfected Strike"],"picked":"SKIP","floor":12.0},{"not_picked":["Iron Wave","Anger","Perfected Strike"],"picked":"SKIP","floor":12.0},{"not_picked":["Iron Wave","Anger","Perfected Strike"],"picked":"SKIP","floor":12.0},{"not_picked":["Pummel","Clash","Metallicize"],"picked":"SKIP","floor":13.0},{"not_picked":["Iron Wave","Uppercut","Anger"],"picked":"SKIP","floor":14.0},{"not_picked":["Double Tap","Dark Embrace"],"picked":"Impervious","floor":16.0},{"not_picked":["Armaments","Power Through"],"picked":"Shrug It Off+1","floor":18.0},{"not_picked":["Warcry","Double Tap"],"picked":"Inflame","floor":20.0},{"not_picked":["Inflame","Pommel Strike"],"picked":"Clothesline","floor":22.0},{"not_picked":["Anger","Headbutt"],"picked":"True Grit","floor":24.0},{"not_picked":["Blood for Blood","Immolate"],"picked":"Heavy Blade+1","floor":28.0},{"not_picked":["Bloodletting","Rampage","Evolve+1"],"picked":"SKIP","floor":30.0},{"not_picked":["Bloodletting+1","Pommel Strike"],"picked":"True Grit+1","floor":31.0},{"not_picked":["Brutality+1","Feed"],"picked":"Double Tap+1","floor":33.0},{"not_picked":["Bloodletting+1","Wild Strike+1"],"picked":"Ghostly Armor+1","floor":35.0},{"not_picked":["Inflame+1","Reckless Charge"],"picked":"Flame Barrier+1","floor":38.0},{"not_picked":["Twin Strike","Thunderclap"],"picked":"Uppercut+1","floor":39.0},{"not_picked":["Body Slam","Flame Barrier+1"],"picked":"Fiend Fire","floor":42},{"not_picked":["Havoc+1","Fire Breathing+1"],"picked":"Juggernaut+1","floor":45},{"not_picked":["Flex+1","Sword Boomerang"],"picked":"Sentinel+1","floor":48},{"not_picked":["True Grit+1","Carnage"],"picked":"Shockwave+1","floor":55}],"player_experience":929189,"relics_obtained":[{"floor":7.0,"key":"Art of War"},{"floor":12.0,"key":"Mango"},{"floor":24.0,"key":"Frozen Egg 2"},{"floor":26.0,"key":"Kunai"},{"floor":28.0,"key":"The Courier"},{"floor":30.0,"key":"Toxic Egg 2"},{"floor":42,"key":"Whetstone"},{"floor":43,"key":"Bag of Marbles"},{"floor":45,"key":"Gambling Chip"},{"floor":55,"key":"Magic Flower"}],"event_choices":[{"damage_healed":0.0,"max_hp_gain":0.0,"max_hp_loss":0.0,"gold_gain":0.0,"cards_transformed":["Strike_R"],"event_name":"Living Wall","player_choice":"Change","floor":2.0,"gold_loss":0.0,"damage_taken":0.0,"cards_obtained":["Pummel"]},{"damage_healed":0.0,"max_hp_gain":0.0,"max_hp_loss":0.0,"gold_gain":0.0,"event_name":"Shining Light","player_choice":"Entered Light","floor":11.0,"gold_loss":0.0,"damage_taken":23.0,"cards_upgraded":["Defend_R","Defend_R"]},{"damage_healed":0.0,"max_hp_gain":0.0,"max_hp_loss":0.0,"gold_gain":50.0,"event_name":"Golden Shrine","player_choice":"Pray","floor":21.0,"gold_loss":0.0,"damage_taken":0.0},{"damage_healed":0.0,"max_hp_gain":0.0,"max_hp_loss":0.0,"gold_gain":999.0,"event_name":"MindBloom","player_choice":"Gold","floor":36.0,"gold_loss":0.0,"damage_taken":0.0,"cards_obtained":["Normality","Normality"]},{"damage_healed":0.0,"max_hp_gain":0.0,"max_hp_loss":0.0,"gold_gain":0.0,"event_name":"Tomb of Lord Red Mask","player_choice":"Ignored","floor":37.0,"gold_loss":0.0,"damage_taken":0.0}],"is_beta":false,"boss_relics":[{"not_picked":["Runic Dome","Black Blood"],"picked":"Snecko Eye"},{"not_picked":["Philosopher\u0027s Stone","Sozu"],"picked":"Cursed Key"}],"items_purged_floors":[19,29,41,46],"is_endless":false,"potions_floor_spawned":[3,5,10,14,16,20,24,28,30,35,38,42,55],"ascension_level":20}