{"gold_per_floor":[119,119,135,3,3,3,33,33,114,128,143,199,212,247,247,318,318,297,13,25,38,38],"floor_reached":22,"playtime":938,"items_purged":[],"score":420,"play_id":"792429a5-a06a-4208-9453-4802ec2d65fd","local_time":"20190729203206","is_ascension_mode":true,"campfire_choices":[{"floor":6.0,"key":"REST"},{"floor":8.0,"key":"REST"},{"floor":15.0,"key":"REST"}],"neow_cost":"NONE","seed_source_timestamp":872045473425996,"circlet_count":0,"master_deck":["AscendersBane","Strike_G","Strike_G","Strike_G","Strike_G","Strike_G","Defend_G","Defend_G","Defend_G","Defend_G","Defend_G","Survivor","Neutralize","Infinite Blades","Finisher","All Out Attack","Cloak And Dagger","Cloak And Dagger","Infinite Blades","Sucker Punch","All Out Attack","Burst","Quick Slash","After Image","Deflect","Quick Slash","Predator","Terror"],"special_seed":0,"relics":["Ring of the Snake","NeowsBlessing","Ancient Tea Set","Juzu Bracelet","Matryoshka","Bag of Preparation","Fusion Hammer"],"potions_floor_usage":[18,21],"damage_taken":[{"damage":0.0,"enemies":"Small Slimes","floor":1.0,"turns":1.0},{"damage":0.0,"enemies":"Cultist","floor":3.0,"turns":1.0},{"damage":0.0,"enemies":"3 Sentries","floor":7.0,"turns":1.0},{"damage":0.0,"enemies":"2 Louse","floor":10.0,"turns":2.0},{"damage":0.0,"enemies":"2 Fungi Beasts","floor":11.0,"turns":2.0},{"damage":0.0,"enemies":"Lots of Slimes","floor":13.0,"turns":1.0},{"damage":27.0,"enemies":"Gremlin Nob","floor":14.0,"turns":4.0},{"damage":4.0,"enemies":"Hexaghost","floor":16.0,"turns":12.0},{"damage":2,"enemies":"2 Thieves","floor":18,"turns":4},{"damage":18,"enemies":"Shell Parasite","floor":20,"turns":9},{"damage":42,"enemies":"Snecko","floor":21,"turns":7},{"damage":1,"enemies":"Sentry and Sphere","floor":22,"turns":3}],"seed_played":"-4793675221216157876","potions_obtained":[{"floor":7.0,"key":"Dexterity Potion"},{"floor":14.0,"key":"EssenceOfSteel"},{"floor":16.0,"key":"GhostInAJar"},{"floor":20,"key":"SkillPotion"}],"is_trial":false,"path_per_floor":["M","?","M","$","?","R","E","R","T","M","M","?","M","E","R","B",null,"M","$","M","M","M"],"character_chosen":"THE_SILENT","items_purchased":["All Out Attack","AttackPotion","After Image","Deflect","Quick Slash"],"campfire_rested":3,"item_purchase_floors":[4,4,19,19,19],"current_hp_per_floor":[59,66,66,66,31,50,50,66,66,66,66,66,66,39,58,54,63,61,61,43,1,0],"gold":38,"neow_bonus":"THREE_ENEMY_KILL","is_prod":false,"is_daily":false,"chose_seed":false,"campfire_upgraded":0,"win_rate":0,"timestamp":1564421526,"path_taken":["M","?","?","$","?","R","E","R","T","M","M","?","M","E","R","BOSS","M","$","M","M","M"],"build_version":"2019-07-17","purchased_purges":0,"victory":false,"max_hp_per_floor":[66,66,66,66,66,66,66,66,66,66,66,66,66,66,66,66,66,66,66,66,66,66],"card_choices":[{"not_picked":["Quick Slash","Slice"],"picked":"Infinite Blades","floor":1.0},{"not_picked":["Reflex","Poisoned Stab"],"picked":"Finisher","floor":3.0},{"not_picked":["Backflip","Deflect"],"picked":"Cloak And Dagger","floor":7.0},{"not_picked":["Malaise","Acrobatics"],"picked":"Cloak And Dagger","floor":10.0},{"not_picked":["Sucker Punch","Quick Slash"],"picked":"Infinite Blades","floor":11.0},{"not_picked":["Concentrate","Backflip"],"picked":"Sucker Punch","floor":13.0},{"not_picked":["Acrobatics","Dagger Spray"],"picked":"All Out Attack","floor":14.0},{"not_picked":["Wraith Form v2","Grand Finale"],"picked":"Burst","floor":16.0},{"not_picked":["Deadly Poison","Blur+1"],"picked":"Quick Slash","floor":18},{"not_picked":["PiercingWail","Dodge and Roll"],"picked":"Predator","floor":20},{"not_picked":["Bane","Catalyst"],"picked":"Terror","floor":21}],"player_experience":1677536,"relics_obtained":[{"floor":7.0,"key":"Juzu Bracelet"},{"floor":9.0,"key":"Matryoshka"},{"floor":14.0,"key":"Bag of Preparation"}],"event_choices":[{"damage_healed":7.0,"max_hp_gain":0.0,"max_hp_loss":0.0,"gold_gain":0.0,"event_name":"Wheel of Change","player_choice":"Full Heal","floor":2.0,"gold_loss":0.0,"damage_taken":0.0},{"damage_healed":0.0,"max_hp_gain":0.0,"max_hp_loss":0.0,"gold_gain":0.0,"event_name":"Scrap Ooze","player_choice":"Success","floor":5.0,"gold_loss":0.0,"damage_taken":35.0,"relics_obtained":["Ancient Tea Set"]},{"damage_healed":0.0,"max_hp_gain":0.0,"max_hp_loss":0.0,"gold_gain":56.0,"event_name":"Golden Wing","player_choice":"Gained Gold","floor":12.0,"gold_loss":0.0,"damage_taken":0.0}],"is_beta":false,"boss_relics":[{"not_picked":["Ring of the Serpent","Runic Dome"],"picked":"Fusion Hammer"}],"items_purged_floors":[],"is_endless":false,"potions_floor_spawned":[7,13,14,16,20],"killed_by":"Sentry and Sphere","ascension_level":18}