{"gold_per_floor":[117,41,116,30,30,30,61,74,98,23,23,349,349,365,365,441,441,454,468,368,400,412,442,442,472,472,472,387,487,412,429,429,429],"floor_reached":33,"playtime":1004,"items_purged":["Strike_R","Strike_R"],"score":653,"play_id":"1bbe02ce-cb4e-4f02-9e4f-1f612a93b18a","local_time":"20190610223650","is_ascension_mode":true,"campfire_choices":[{"data":"Uppercut","floor":6,"key":"SMITH"},{"data":"Whirlwind","floor":11,"key":"SMITH"},{"floor":15,"key":"REST"},{"data":"Immolate","floor":24,"key":"SMITH"},{"data":"True Grit","floor":32,"key":"SMITH"}],"neow_cost":"NONE","seed_source_timestamp":203829001992200,"circlet_count":0,"master_deck":["AscendersBane","Strike_R","Defend_R","Defend_R","Defend_R","Defend_R","Bash","Uppercut+1","Impervious","Corruption","Feed","Shrug It Off","Whirlwind+1","Anger","Pommel Strike","Immolate+1","Intimidate+1","True Grit+1","Seeing Red","Battle Trance","Disarm","Spot Weakness"],"relics":["Black Star","Strawberry","Happy Flower","Orichalcum","Juzu Bracelet","Old Coin","Coffee Dripper","Red Mask","Matryoshka","Singing Bowl","Question Card","Molten Egg 2","Lantern","Centennial Puzzle","CultistMask","Meat on the Bone","Torii","Gremlin Horn"],"potions_floor_usage":[12,16,33,33],"damage_taken":[{"damage":9,"enemies":"Jaw Worm","floor":1,"turns":4},{"damage":24,"enemies":"Gremlin Nob","floor":7,"turns":5},{"damage":2,"enemies":"Small Slimes","floor":8,"turns":4},{"damage":20,"enemies":"3 Sentries","floor":12,"turns":7},{"damage":0,"enemies":"Cultist","floor":14,"turns":3},{"damage":16,"enemies":"Hexaghost","floor":16,"turns":10},{"damage":3,"enemies":"3 Byrds","floor":18,"turns":5},{"damage":0,"enemies":"Chosen","floor":19,"turns":3},{"damage":18,"enemies":"Masked Bandits","floor":21,"turns":3},{"damage":7,"enemies":"Centurion and Healer","floor":22,"turns":6},{"damage":0,"enemies":"Gremlin Leader","floor":23,"turns":5},{"damage":23,"enemies":"Book of Stabbing","floor":25,"turns":5},{"damage":3,"enemies":"Colosseum Slavers","floor":29,"turns":2},{"damage":17,"enemies":"Colosseum Nobs","floor":29,"turns":5},{"damage":8,"enemies":"Snecko","floor":31,"turns":4},{"damage":28,"enemies":"Champ","floor":33,"turns":5}],"seed_played":"-4497670971788693585","potions_obtained":[{"floor":7,"key":"Swift Potion"},{"floor":8,"key":"Weak Potion"},{"floor":21,"key":"Strength Potion"},{"floor":22,"key":"FearPotion"},{"floor":23,"key":"PowerPotion"}],"is_trial":false,"path_per_floor":["M","$","?","$","?","R","E","M","T","$","R","E","?","M","R","B",null,"M","M","$","?","M","E","R","E","T","?","?","?","?","M","R","B"],"character_chosen":"IRONCLAD","items_purchased":["Impervious","Corruption"],"campfire_rested":1,"item_purchase_floors":[2,4],"current_hp_per_floor":[59,59,48,48,48,48,31,32,32,32,32,12,5,8,34,18,71,71,71,71,53,49,49,49,28,28,28,28,35,35,42,42,14],"gold":429,"neow_bonus":"BOSS_RELIC","is_prod":false,"is_daily":false,"chose_seed":false,"campfire_upgraded":4,"win_rate":0,"timestamp":1560173810,"path_taken":["M","$","?","$","?","R","E","?","T","?","R","E","?","M","R","BOSS","M","M","$","?","M","E","R","E","T","?","?","?","?","M","R","BOSS"],"build_version":"2019-01-23","purchased_purges":2,"victory":false,"max_hp_per_floor":[75,75,75,75,75,75,82,85,85,85,85,85,85,88,88,88,88,91,91,91,91,94,94,94,96,96,96,96,99,99,102,102,102],"card_choices":[{"not_picked":["Clothesline","Clash"],"picked":"Uppercut","floor":1},{"not_picked":["Bloodletting","Clash"],"picked":"Shrug It Off","floor":7},{"not_picked":["Armaments","Wild Strike"],"picked":"Whirlwind","floor":8},{"not_picked":["Reckless Charge","Corruption"],"picked":"Anger","floor":12},{"not_picked":["Thunderclap","Heavy Blade"],"picked":"Pommel Strike","floor":14},{"not_picked":["Fiend Fire","Limit Break"],"picked":"Immolate","floor":16},{"not_picked":["Clothesline","Cleave+1","Perfected Strike"],"picked":"SKIP","floor":18},{"not_picked":["Hemokinesis","Havoc"],"picked":"Intimidate+1","floor":19},{"not_picked":["Flex","Anger"],"picked":"True Grit","floor":21},{"not_picked":["Wild Strike","Dropkick"],"picked":"Seeing Red","floor":22},{"not_picked":["Cleave+1","Searing Blow"],"picked":"Battle Trance","floor":23},{"not_picked":["Clothesline","Heavy Blade","Cleave"],"picked":"Singing Bowl","floor":25},{"not_picked":["Iron Wave+1","Sentinel","Heavy Blade+1"],"picked":"Disarm","floor":29},{"not_picked":["Brutality","Heavy Blade+1","Warcry"],"picked":"Spot Weakness","floor":31}],"player_experience":567671,"relics_obtained":[{"floor":7,"key":"Strawberry"},{"floor":7,"key":"Happy Flower"},{"floor":9,"key":"Orichalcum"},{"floor":12,"key":"Juzu Bracelet"},{"floor":12,"key":"Old Coin"},{"floor":21,"key":"Red Mask"},{"floor":23,"key":"Matryoshka"},{"floor":23,"key":"Singing Bowl"},{"floor":25,"key":"Question Card"},{"floor":25,"key":"Molten Egg 2"},{"floor":26,"key":"Lantern"},{"floor":26,"key":"Centennial Puzzle"},{"floor":29,"key":"Torii"},{"floor":29,"key":"Gremlin Horn"}],"event_choices":[{"damage_healed":0,"gold_gain":75,"player_choice":"Gather Gold","damage_taken":11,"max_hp_gain":0,"max_hp_loss":0,"event_name":"World of Goop","floor":3,"gold_loss":0},{"damage_healed":0,"gold_gain":0,"player_choice":"1 cards matched","damage_taken":0,"max_hp_gain":0,"max_hp_loss":0,"event_name":"Match and Keep!","floor":5,"gold_loss":0,"cards_obtained":["Feed"]},{"damage_healed":0,"gold_gain":0,"player_choice":"1 cards matched","damage_taken":0,"max_hp_gain":0,"max_hp_loss":0,"event_name":"Match and Keep!","floor":5,"gold_loss":0,"cards_obtained":["Feed"]},{"cards_removed":["Strike_R"],"damage_healed":0,"gold_gain":0,"player_choice":"Card Removal","damage_taken":7,"max_hp_gain":0,"max_hp_loss":0,"event_name":"Golden Wing","floor":13,"gold_loss":0},{"damage_healed":0,"gold_gain":0,"player_choice":"Fought Bandits","damage_taken":0,"max_hp_gain":0,"max_hp_loss":0,"event_name":"Masked Bandits","floor":21,"gold_loss":0},{"damage_healed":0,"gold_gain":0,"player_choice":"Trade","damage_taken":0,"relics_obtained":["CultistMask"],"max_hp_gain":0,"max_hp_loss":0,"event_name":"FaceTrader","floor":27,"gold_loss":0},{"damage_healed":0,"gold_gain":0,"player_choice":"Obtained Relic","damage_taken":0,"relics_obtained":["Meat on the Bone"],"max_hp_gain":0,"max_hp_loss":0,"event_name":"Addict","floor":28,"gold_loss":85},{"damage_healed":0,"gold_gain":0,"player_choice":"Fight","damage_taken":0,"max_hp_gain":0,"max_hp_loss":0,"event_name":"Colosseum","floor":29,"gold_loss":0},{"damage_healed":0,"gold_gain":0,"player_choice":"Fought Nobs","damage_taken":0,"max_hp_gain":0,"max_hp_loss":0,"event_name":"Colosseum","floor":29,"gold_loss":0},{"cards_removed":["Strike_R"],"damage_healed":0,"gold_gain":0,"player_choice":"Gave Gold","damage_taken":0,"max_hp_gain":0,"max_hp_loss":0,"event_name":"Beggar","floor":30,"gold_loss":75}],"is_beta":false,"boss_relics":[{"not_picked":["Tiny House","Runic Cube"],"picked":"Coffee Dripper"}],"items_purged_floors":[10,20],"is_endless":false,"potions_floor_spawned":[7,8,21,22,23,29,31],"killed_by":"Champ","ascension_level":20}