{"gold_per_floor":[116,132,149,149,149,149,182,182,182,211,171,171,191,206,206,303,303,314,334,334,107,107,107,135,8,32,32,52,86,96,371,371,474,474,474],"floor_reached":35,"playtime":2097,"items_purged":["Decay"],"score":580,"play_id":"f7cf6356-09cf-44b5-b52d-e723adf05d3a","local_time":"20190622115836","is_ascension_mode":true,"campfire_choices":[{"data":"Catalyst","floor":6.0,"key":"SMITH"},{"floor":8.0,"key":"REST"},{"floor":12.0,"key":"REST"},{"floor":15.0,"key":"REST"},{"floor":23.0,"key":"REST"},{"floor":32.0,"key":"REST"}],"neow_cost":"NONE","seed_source_timestamp":750941359637218,"circlet_count":0,"master_deck":["Defend_G","Defend_G","Defend_G","Defend_G","Defend_G","Survivor","Neutralize","Poisoned Stab","Poisoned Stab","Catalyst+1","Prepared","Well Laid Plans","All Out Attack","Underhanded Strike","Malaise","Heel Hook","Bane+1","Escape Plan+1","Noxious Fumes","Sucker Punch","Clumsy","Bite","Bite","Bite","Bite","Bite","Backflip+1","Bane+1","After Image","Regret","Envenom"],"special_seed":0,"relics":["Ring of the Snake","NeowsBlessing","Strawberry","Sundial","Darkstone Periapt","Cursed Key","PreservedInsect","Dodecahedron","Art of War","Red Mask","WristBlade"],"potions_floor_usage":[35],"damage_taken":[{"damage":0.0,"enemies":"Small Slimes","floor":1.0,"turns":1.0},{"damage":0.0,"enemies":"Jaw Worm","floor":2.0,"turns":1.0},{"damage":0.0,"enemies":"Cultist","floor":3.0,"turns":1.0},{"damage":44.0,"enemies":"3 Sentries","floor":7.0,"turns":12.0},{"damage":28.0,"enemies":"Gremlin Nob","floor":10.0,"turns":4.0},{"damage":2.0,"enemies":"2 Fungi Beasts","floor":13.0,"turns":3.0},{"damage":0.0,"enemies":"Exordium Wildlife","floor":14.0,"turns":3.0},{"damage":49.0,"enemies":"The Guardian","floor":16.0,"turns":10.0},{"damage":0.0,"enemies":"Shell Parasite","floor":18.0,"turns":7.0},{"damage":8.0,"enemies":"Chosen","floor":19.0,"turns":6.0},{"damage":7.0,"enemies":"Book of Stabbing","floor":24.0,"turns":5.0},{"damage":7.0,"enemies":"Snake Plant","floor":28.0,"turns":4.0},{"damage":32.0,"enemies":"Masked Bandits","floor":29.0,"turns":5.0},{"damage":20.0,"enemies":"Shelled Parasite and Fungi","floor":30.0,"turns":5.0},{"damage":61.0,"enemies":"Champ","floor":33.0,"turns":13.0},{"damage":70,"enemies":"3 Darklings","floor":35,"turns":4}],"seed_played":"-6845449282537194429","potions_obtained":[{"floor":1.0,"key":"Weak Potion"},{"floor":11.0,"key":"GhostInAJar"},{"floor":11.0,"key":"GhostInAJar"},{"floor":13.0,"key":"EssenceOfSteel"},{"floor":18.0,"key":"SteroidPotion"},{"floor":19.0,"key":"Dexterity Potion"},{"floor":28.0,"key":"Weak Potion"},{"floor":30.0,"key":"LiquidBronze"}],"is_trial":false,"path_per_floor":["M","M","M","?","$","R","E","R","T","E","?","R","M","M","R","B",null,"M","M","?","$","?","R","E","$","T","?","M","?","M","?","R","B",null,"M"],"character_chosen":"THE_SILENT","items_purchased":["PreservedInsect","Noxious Fumes","Sucker Punch"],"campfire_rested":5,"item_purchase_floors":[21,25,25],"current_hp_per_floor":[63,63,63,63,63,63,26,49,49,21,21,44,42,42,65,16,62,62,54,60,60,60,83,76,76,82,62,57,35,25,31,51,20,56,0],"gold":474,"neow_bonus":"THREE_ENEMY_KILL","is_prod":false,"is_daily":false,"chose_seed":false,"campfire_upgraded":1,"win_rate":0,"timestamp":1561193916,"path_taken":["M","M","M","?","$","R","E","R","T","E","?","R","?","M","R","BOSS","M","M","?","$","?","R","E","$","T","?","M","?","M","?","R","BOSS","M"],"build_version":"2019-01-23","purchased_purges":1,"victory":false,"max_hp_per_floor":[70,70,70,70,70,70,77,77,77,77,77,77,77,77,77,77,77,77,77,83,83,83,83,83,83,89,62,62,62,62,68,68,68,68,68],"card_choices":[{"not_picked":["Heel Hook","Outmaneuver"],"picked":"Poisoned Stab","floor":1.0},{"not_picked":["Flying Knee","Well Laid Plans"],"picked":"Poisoned Stab","floor":2.0},{"not_picked":["Deadly Poison","Burst"],"picked":"Catalyst","floor":3.0},{"not_picked":["Blade Dance","Backflip"],"picked":"Prepared","floor":7.0},{"not_picked":["Terror","Acrobatics"],"picked":"Well Laid Plans","floor":10.0},{"not_picked":["Sucker Punch","Dagger Spray"],"picked":"All Out Attack","floor":13.0},{"not_picked":["Well Laid Plans","Cloak And Dagger"],"picked":"Underhanded Strike","floor":14.0},{"not_picked":["Phantasmal Killer","Unload"],"picked":"Malaise","floor":16.0},{"not_picked":["Dodge and Roll","Terror"],"picked":"Heel Hook","floor":18.0},{"not_picked":["Finisher","Reflex"],"picked":"Bane+1","floor":19.0},{"not_picked":["Concentrate+1","Tactician"],"picked":"Escape Plan+1","floor":24.0},{"not_picked":["Sucker Punch","Masterful Stab"],"picked":"Backflip+1","floor":28.0},{"not_picked":["Dagger Throw","Dash"],"picked":"Bane+1","floor":29.0},{"not_picked":["Riddle With Holes+1","Deflect"],"picked":"After Image","floor":30.0},{"not_picked":["Venomology","Adrenaline"],"picked":"Envenom","floor":33.0}],"player_experience":1557393,"relics_obtained":[{"floor":7.0,"key":"Strawberry"},{"floor":9.0,"key":"Sundial"},{"floor":10.0,"key":"Darkstone Periapt"},{"floor":24.0,"key":"Dodecahedron"},{"floor":26.0,"key":"Art of War"},{"floor":29.0,"key":"Red Mask"}],"event_choices":[{"damage_healed":0.0,"max_hp_gain":0.0,"max_hp_loss":0.0,"gold_gain":0.0,"event_name":"The Cleric","player_choice":"Leave","floor":4.0,"gold_loss":0.0,"damage_taken":0.0},{"damage_healed":0.0,"max_hp_gain":0.0,"max_hp_loss":0.0,"gold_gain":0.0,"event_name":"The Woman in Blue","player_choice":"Bought 3 Potions","floor":11.0,"gold_loss":0.0,"damage_taken":0.0},{"damage_healed":0.0,"max_hp_gain":0.0,"max_hp_loss":0.0,"gold_gain":0.0,"event_name":"Forgotten Altar","player_choice":"Smashed Altar","floor":20.0,"gold_loss":0.0,"damage_taken":0.0,"cards_obtained":["Decay"]},{"damage_healed":0.0,"max_hp_gain":0.0,"max_hp_loss":0.0,"gold_gain":0.0,"event_name":"Beggar","player_choice":"Ignored","floor":22.0,"gold_loss":0.0,"damage_taken":0.0},{"damage_healed":0.0,"max_hp_gain":0.0,"max_hp_loss":27.0,"gold_gain":0.0,"event_name":"Vampires","player_choice":"Became a vampire","floor":27.0,"gold_loss":0.0,"damage_taken":0.0,"cards_obtained":["Bite","Bite","Bite","Bite","Bite"]},{"damage_healed":0.0,"max_hp_gain":0.0,"max_hp_loss":0.0,"gold_gain":0.0,"event_name":"Masked Bandits","player_choice":"Fought Bandits","floor":29.0,"gold_loss":0.0,"damage_taken":0.0},{"damage_healed":0.0,"max_hp_gain":0.0,"max_hp_loss":0.0,"gold_gain":275.0,"event_name":"Golden Shrine","player_choice":"Desecrate","floor":31.0,"gold_loss":0.0,"damage_taken":0.0,"cards_obtained":["Regret"]}],"is_beta":false,"boss_relics":[{"not_picked":["Calling Bell","Velvet Choker"],"picked":"Cursed Key"},{"not_picked":["Runic Pyramid","Busted Crown"],"picked":"WristBlade"}],"items_purged_floors":[21],"is_endless":false,"potions_floor_spawned":[1,13,14,18,19,28,30],"killed_by":"3 Darklings","ascension_level":9}