{"gold_per_floor":[119,119,294,294,319,319,355,116,139,163,182,182,198,242,242,242],"floor_reached":16,"playtime":722,"items_purged":[],"score":203,"play_id":"bde8d8ef-c066-47c7-b28d-0c0adecb5eb5","local_time":"20190623181059","is_ascension_mode":true,"campfire_choices":[{"floor":6.0,"key":"REST"},{"data":"Cloak And Dagger","floor":12.0,"key":"SMITH"},{"floor":15,"key":"REST"}],"neow_cost":"NONE","seed_source_timestamp":861624668769407,"circlet_count":0,"master_deck":["AscendersBane","Defend_G","Defend_G","Defend_G","Defend_G","Defend_G","Strike_G","Strike_G","Strike_G","Strike_G","Strike_G","Survivor","Neutralize","Cloak And Dagger+1","Doubt","Riddle With Holes","Caltrops","Flash of Steel","Choke","Heel Hook"],"special_seed":0,"relics":["Ring of the Snake","NeowsBlessing","Golden Idol","Dodecahedron","Omamori","Blood Vial","Molten Egg 2"],"potions_floor_usage":[14,14,16],"damage_taken":[{"damage":0.0,"enemies":"2 Louse","floor":1.0,"turns":1.0},{"damage":0.0,"enemies":"Small Slimes","floor":5.0,"turns":1.0},{"damage":0.0,"enemies":"Gremlin Nob","floor":7.0,"turns":1.0},{"damage":2.0,"enemies":"Cultist","floor":10.0,"turns":5.0},{"damage":0.0,"enemies":"Exordium Wildlife","floor":11.0,"turns":2.0},{"damage":5.0,"enemies":"3 Louse","floor":13.0,"turns":4.0},{"damage":19,"enemies":"3 Sentries","floor":14,"turns":9},{"damage":86,"enemies":"Slime Boss","floor":16,"turns":9}],"seed_played":"-6401235735316568486","potions_obtained":[{"floor":1.0,"key":"EssenceOfSteel"},{"floor":11.0,"key":"SpeedPotion"},{"floor":14,"key":"Block Potion"}],"is_trial":false,"path_per_floor":["M","?","?","?","M","R","E","$","T","M","M","R","M","E","R","B"],"character_chosen":"THE_SILENT","items_purchased":["Flash of Steel","Omamori"],"campfire_rested":2,"item_purchase_floors":[8,8],"current_hp_per_floor":[63,46,46,51,51,73,73,73,73,73,75,75,70,53,75,0],"gold":242,"neow_bonus":"THREE_ENEMY_KILL","is_prod":false,"is_daily":false,"chose_seed":false,"campfire_upgraded":1,"win_rate":0,"timestamp":1561302659,"path_taken":["M","?","?","?","M","R","E","$","T","M","M","R","M","E","R","BOSS"],"build_version":"2019-01-23","purchased_purges":0,"victory":false,"max_hp_per_floor":[70,70,70,75,75,75,75,75,75,75,75,75,75,75,75,75],"card_choices":[{"not_picked":["Flying Knee","Sucker Punch"],"picked":"Cloak And Dagger","floor":1.0},{"not_picked":["Dagger Spray","Prepared"],"picked":"Riddle With Holes","floor":5.0},{"not_picked":["Predator","Night Terror"],"picked":"Caltrops","floor":7.0},{"not_picked":["Predator","Distraction"],"picked":"Choke","floor":10.0},{"not_picked":["Acrobatics","Expertise","Deadly Poison"],"picked":"SKIP","floor":11.0},{"not_picked":["Bouncing Flask","Reflex"],"picked":"Heel Hook","floor":13.0},{"not_picked":["Outmaneuver","Deadly Poison","Poisoned Stab"],"picked":"SKIP","floor":14}],"player_experience":1567354,"relics_obtained":[{"floor":7.0,"key":"Dodecahedron"},{"floor":9.0,"key":"Blood Vial"},{"floor":14,"key":"Molten Egg 2"}],"event_choices":[{"damage_healed":0.0,"max_hp_gain":0.0,"max_hp_loss":0.0,"gold_gain":0.0,"event_name":"Golden Idol","player_choice":"Take Damage","floor":2.0,"gold_loss":0.0,"damage_taken":17.0,"relics_obtained":["Golden Idol"]},{"damage_healed":0.0,"max_hp_gain":0.0,"max_hp_loss":0.0,"gold_gain":175.0,"event_name":"Liars Game","player_choice":"AGREE","floor":3.0,"gold_loss":0.0,"damage_taken":0.0,"cards_obtained":["Doubt"]},{"damage_healed":0.0,"max_hp_gain":5.0,"max_hp_loss":0.0,"gold_gain":0.0,"event_name":"Big Fish","player_choice":"Donut","floor":4.0,"gold_loss":0.0,"damage_taken":0.0}],"is_beta":false,"boss_relics":[],"items_purged_floors":[],"is_endless":false,"potions_floor_spawned":[1,11,14],"killed_by":"Slime Boss","ascension_level":10}