{"gold_per_floor":[19,19,39,52,52,52,77,77,77,122,134,164,176,224,236,341,353,390,402,434,446,477,489,501,513,601,644,656,711,723,348,348,447,447,462,462,104,437,456,483,483,483],"floor_reached":42,"playtime":1520,"items_purged":["Bash+1","Defend_R"],"score":965,"play_id":"888bcf9a-3ec6-4147-89af-221263c5921c","local_time":"20190726155920","is_ascension_mode":true,"campfire_choices":[{"data":"Armaments","floor":6,"key":"SMITH"},{"data":"Bash","floor":8,"key":"SMITH"},{"data":"Carnage","floor":15,"key":"SMITH"},{"data":"Immolate","floor":23,"key":"SMITH"},{"floor":25,"key":"REST"},{"floor":28,"key":"DIG"},{"floor":30,"key":"REST"},{"floor":32,"key":"REST"},{"floor":41,"key":"RECALL"}],"neow_cost":"NO_GOLD","seed_source_timestamp":605704532153700,"circlet_count":0,"master_deck":["AscendersBane","Defend_R","Defend_R","Defend_R","Armaments+1","Pummel","Spot Weakness","Anger","Reaper","Carnage+1","Immolate+1","Shockwave","Corruption","Limit Break","Battle Trance","Shrug It Off","Offering","Double Tap+1","Flame Barrier+1"],"relics":["Burning Blood","Self Forming Clay","MawBank","Ice Cream","Shovel","Sozu","Pear","Bottled Lightning","Orichalcum","Smiling Mask","Membership Card","Oddly Smooth Stone","Coffee Dripper","Bronze Scales","Toxic Egg 2","Dodecahedron"],"potions_floor_usage":[16,42],"damage_taken":[{"damage":9,"enemies":"Small Slimes","floor":1,"turns":6},{"damage":2,"enemies":"Jaw Worm","floor":3,"turns":5},{"damage":0,"enemies":"Cultist","floor":4,"turns":2},{"damage":12,"enemies":"Exordium Wildlife","floor":7,"turns":5},{"damage":36,"enemies":"Gremlin Nob","floor":10,"turns":4},{"damage":3,"enemies":"Blue Slaver","floor":12,"turns":5},{"damage":5,"enemies":"Lagavulin","floor":14,"turns":5},{"damage":28,"enemies":"Slime Boss","floor":16,"turns":7},{"damage":15,"enemies":"2 Thieves","floor":18,"turns":3},{"damage":16,"enemies":"Spheric Guardian","floor":20,"turns":4},{"damage":33,"enemies":"Snake Plant","floor":22,"turns":4},{"damage":32,"enemies":"Book of Stabbing","floor":27,"turns":5},{"damage":43,"enemies":"Slavers","floor":29,"turns":5},{"damage":64,"enemies":"Automaton","floor":33,"turns":10},{"damage":23,"enemies":"3 Shapes","floor":35,"turns":2},{"damage":20,"enemies":"3 Darklings","floor":39,"turns":2},{"damage":43,"enemies":"Reptomancer","floor":40,"turns":4},{"damage":92,"enemies":"Nemesis","floor":42,"turns":10}],"seed_played":"2700116642310995193","potions_obtained":[{"floor":3,"key":"FearPotion"},{"floor":14,"key":"SkillPotion"},{"floor":16,"key":"Weak Potion"}],"is_trial":false,"path_per_floor":["M","?","M","M","?","R","M","R","T","E","?","M","?","E","R","B",null,"M","?","M","?","M","R","?","R","T","E","R","E","R","$","R","B",null,"M","?","$","?","M","E","R","E"],"character_chosen":"IRONCLAD","items_purchased":["Membership Card","Oddly Smooth Stone","Shrug It Off","Bronze Scales","Toxic Egg 2","Double Tap+1"],"campfire_rested":3,"item_purchase_floors":[31,31,31,37,37,37],"current_hp_per_floor":[65,39,43,49,49,49,43,43,43,13,6,15,40,51,51,43,67,58,58,52,52,35,35,35,57,67,51,51,14,39,39,64,25,70,74,74,74,74,85,59,59,0],"gold":483,"neow_bonus":"TRANSFORM_TWO_CARDS","is_prod":false,"is_daily":false,"chose_seed":false,"campfire_upgraded":4,"win_rate":0,"timestamp":1564124360,"path_taken":["M","?","M","M","?","R","?","R","T","E","?","M","?","E","R","BOSS","M","?","M","?","M","R","?","R","T","E","R","E","R","?","R","BOSS","M","?","?","?","M","E","R","E"],"build_version":"2019-07-17","purchased_purges":2,"victory":false,"max_hp_per_floor":[75,75,75,75,75,75,75,75,75,75,75,75,75,75,75,75,75,75,75,75,75,75,75,75,75,85,85,85,85,85,85,85,85,85,85,85,85,85,85,85,85,85],"card_choices":[{"not_picked":["Heavy Blade","Uppercut","Armaments"],"picked":"SKIP","floor":1},{"not_picked":["Rage","Wild Strike"],"picked":"Spot Weakness","floor":3},{"not_picked":["Clash","Sever Soul","Headbutt"],"picked":"SKIP","floor":4},{"not_picked":["Perfected Strike","Dual Wield"],"picked":"Anger","floor":7},{"not_picked":["Thunderclap","Shrug It Off"],"picked":"Reaper","floor":10},{"not_picked":["Heavy Blade","Iron Wave"],"picked":"Carnage","floor":12},{"not_picked":["Pummel","Clothesline","Headbutt"],"picked":"SKIP","floor":14},{"not_picked":["Juggernaut","Exhume"],"picked":"Immolate","floor":16},{"not_picked":["Rampage","Clash","Havoc"],"picked":"SKIP","floor":18},{"not_picked":["Ghostly Armor","Dual Wield"],"picked":"Corruption","floor":20},{"not_picked":["Headbutt+1","Clash","Twin Strike+1"],"picked":"SKIP","floor":22},{"not_picked":["Infernal Blade","Pummel","Body Slam"],"picked":"SKIP","floor":27},{"not_picked":["Infernal Blade","Pummel","Body Slam"],"picked":"SKIP","floor":27},{"not_picked":["Carnage+1","Clash","Wild Strike"],"picked":"SKIP","floor":29},{"not_picked":["Limit Break","Juggernaut"],"picked":"Offering","floor":33},{"not_picked":["Perfected Strike","Armaments","Warcry"],"picked":"SKIP","floor":35},{"not_picked":["Metallicize","Body Slam+1","Heavy Blade"],"picked":"SKIP","floor":39},{"not_picked":["Metallicize","Body Slam+1","Heavy Blade"],"picked":"SKIP","floor":39},{"not_picked":["Shrug It Off+1","Fire Breathing"],"picked":"Flame Barrier+1","floor":40}],"player_experience":1215942,"relics_obtained":[{"floor":9,"key":"MawBank"},{"floor":10,"key":"Ice Cream"},{"floor":14,"key":"Shovel"},{"floor":26,"key":"Pear"},{"floor":27,"key":"Bottled Lightning"},{"floor":28,"key":"Orichalcum"},{"floor":29,"key":"Smiling Mask"},{"floor":40,"key":"Dodecahedron"}],"event_choices":[{"damage_healed":0,"gold_gain":0,"player_choice":"Take Damage","damage_taken":26,"relics_obtained":["Golden Idol"],"max_hp_gain":0,"max_hp_loss":0,"event_name":"Golden Idol","floor":2,"gold_loss":0},{"damage_healed":0,"gold_gain":0,"player_choice":"Gave Potion","damage_taken":0,"relics_obtained":["Self Forming Clay"],"max_hp_gain":0,"max_hp_loss":0,"event_name":"WeMeetAgain","floor":5,"gold_loss":0},{"cards_removed":["Strike_R"],"damage_healed":0,"gold_gain":0,"player_choice":"Card Removal","damage_taken":7,"max_hp_gain":0,"max_hp_loss":0,"event_name":"Golden Wing","floor":11,"gold_loss":0},{"damage_healed":25,"gold_gain":0,"player_choice":"Banana","damage_taken":0,"max_hp_gain":0,"max_hp_loss":0,"event_name":"Big Fish","floor":13,"gold_loss":0},{"damage_healed":0,"gold_gain":0,"player_choice":"Read","damage_taken":0,"max_hp_gain":0,"max_hp_loss":0,"event_name":"The Library","floor":19,"gold_loss":0,"cards_obtained":["Shockwave"]},{"damage_healed":0,"gold_gain":0,"cards_transformed":["Strike_R","Strike_R"],"player_choice":"Became Test Subject","damage_taken":0,"max_hp_gain":0,"max_hp_loss":0,"event_name":"Drug Dealer","floor":21,"gold_loss":0,"cards_obtained":["Limit Break","Battle Trance"]},{"damage_healed":0,"gold_gain":0,"player_choice":"Ignored","damage_taken":0,"max_hp_gain":0,"max_hp_loss":0,"event_name":"Vampires","floor":24,"gold_loss":0},{"damage_healed":0,"gold_gain":0,"player_choice":"Got Potions","damage_taken":0,"max_hp_gain":0,"max_hp_loss":0,"event_name":"Lab","floor":36,"gold_loss":0},{"damage_healed":0,"gold_gain":333,"player_choice":"Gave Idol","damage_taken":0,"max_hp_gain":0,"max_hp_loss":0,"event_name":"The Moai Head","floor":38,"relics_lost":["Golden Idol"],"gold_loss":0}],"is_beta":false,"boss_relics":[{"not_picked":["Runic Dome","Orrery"],"picked":"Sozu"},{"not_picked":["Mark of Pain","Lizard Tail"],"picked":"Coffee Dripper"}],"items_purged_floors":[31,37],"is_endless":false,"potions_floor_spawned":[3,14,16,22,29,33,35,40],"killed_by":"Nemesis","ascension_level":20}