{"gold_per_floor":[118,118,32,107,126,126,156,156,181,208,208,225,242,270,270,347,347,366,291,301,314,37,37,63,63,88,88,106,106,122,140,140,217,267,280,295,17,29,29,29,62,78,131,131,231,251,285,303,303,303],"floor_reached":51,"playtime":3818,"items_purged":["Pain"],"score":1485,"play_id":"e5d314bf-06ef-43c7-b70a-46e82c52304a","local_time":"20190724192733","is_ascension_mode":true,"campfire_choices":[{"floor":6,"key":"REST"},{"data":"Endless Agony","floor":8,"key":"SMITH"},{"floor":15,"key":"REST"},{"floor":23,"key":"REST"},{"floor":29,"key":"REST"},{"data":"Blade Dance","floor":32,"key":"SMITH"},{"data":"Panache","floor":40,"key":"SMITH"},{"data":"Venomology","floor":44,"key":"SMITH"},{"floor":49,"key":"REST"}],"neow_cost":"NONE","seed_source_timestamp":433306798356093,"circlet_count":0,"master_deck":["AscendersBane","Strike_G","Strike_G","Strike_G","Strike_G","Strike_G","Defend_G","Defend_G","Defend_G+1","Defend_G","Defend_G","Survivor","Neutralize","Endless Agony+1","Finisher","Flying Knee","Calculated Gamble","Predator","Malaise","Flying Knee","Adrenaline+1","Blade Dance+1","Blade Dance+1","Prepared","Discovery","Acrobatics+1","Blade Dance+1","Prepared+1","Calculated Gamble","Venomology+1","Underhanded Strike","Infinite Blades","Distraction+1","Panache+1","Discovery","Cloak And Dagger","Tactician+1","Concentrate","Deadly Poison","Finisher","Finisher","Masterful Stab+1","Endless Agony"],"relics":["Ring of the Snake","NeowsBlessing","Strawberry","Orichalcum","Dead Branch","WarpedTongs","Meat on the Bone","Black Star","Omamori","Mango","War Paint","Necronomicon","Anchor","Tiny House","Snake Skull","StoneCalendar","Vajra","Du-Vu Doll","Dream Catcher","Oddly Smooth Stone"],"potions_floor_usage":[10,14,16,33,33,36,42,46,48,48,50,50],"damage_taken":[{"damage":0,"enemies":"Small Slimes","floor":1,"turns":1},{"damage":0,"enemies":"Jaw Worm","floor":5,"turns":1},{"damage":0,"enemies":"3 Sentries","floor":7,"turns":1},{"damage":12,"enemies":"Gremlin Nob","floor":10,"turns":4},{"damage":0,"enemies":"Cultist","floor":12,"turns":2},{"damage":0,"enemies":"2 Fungi Beasts","floor":13,"turns":1},{"damage":16,"enemies":"3 Sentries","floor":14,"turns":9},{"damage":22,"enemies":"The Guardian","floor":16,"turns":12},{"damage":5,"enemies":"Chosen","floor":18,"turns":3},{"damage":4,"enemies":"Shell Parasite","floor":20,"turns":2},{"damage":0,"enemies":"Chosen and Byrds","floor":21,"turns":5},{"damage":7,"enemies":"Book of Stabbing","floor":24,"turns":7},{"damage":0,"enemies":"Centurion and Healer","floor":28,"turns":3},{"damage":6,"enemies":"Snake Plant","floor":30,"turns":5},{"damage":0,"enemies":"Sentry and Sphere","floor":31,"turns":1},{"damage":32,"enemies":"Collector","floor":33,"turns":8},{"damage":0,"enemies":"Orb Walker","floor":35,"turns":2},{"damage":3,"enemies":"3 Shapes","floor":36,"turns":10},{"damage":0,"enemies":"Jaw Worm Horde","floor":38,"turns":3},{"damage":3,"enemies":"Giant Head","floor":41,"turns":2},{"damage":5,"enemies":"Transient","floor":42,"turns":5},{"damage":11,"enemies":"Mind Bloom Boss Battle","floor":45,"turns":7},{"damage":2,"enemies":"Maw","floor":46,"turns":5},{"damage":0,"enemies":"Nemesis","floor":47,"turns":1},{"damage":5,"enemies":"Writhing Mass","floor":48,"turns":3},{"damage":40,"enemies":"Time Eater","floor":50,"turns":7}],"seed_played":"1372790478714432225","potions_obtained":[{"floor":1,"key":"Fire Potion"},{"floor":5,"key":"Fire Potion"},{"floor":14,"key":"Strength Potion"},{"floor":16,"key":"SteroidPotion"},{"floor":20,"key":"Fire Potion"},{"floor":28,"key":"GhostInAJar"},{"floor":33,"key":"Regen Potion"},{"floor":34,"key":"AttackPotion"},{"floor":47,"key":"SkillPotion"}],"is_trial":false,"path_per_floor":["M","?","$","?","M","R","E","R","T","E","?","M","M","E","R","B",null,"M","$","M","M","$","R","E","?","T","?","M","R","M","M","R","B",null,"M","M","$","M","?","R","E","M","T","R","?","M","E","M","R","B",null],"character_chosen":"THE_SILENT","items_purchased":["Finisher","Discovery","Omamori","Panache","Discovery"],"campfire_rested":5,"item_purchase_floors":[3,22,22,37,37],"current_hp_per_floor":[59,59,59,48,48,66,73,73,73,61,61,61,61,45,66,44,66,61,61,57,57,57,73,80,59,59,59,59,85,79,79,79,47,82,82,79,79,79,92,92,89,84,84,84,73,71,71,71,92,52],"gold":303,"neow_bonus":"THREE_ENEMY_KILL","is_prod":false,"is_daily":false,"chose_seed":false,"campfire_upgraded":4,"win_rate":0,"timestamp":1563985653,"path_taken":["M","?","$","?","M","R","E","R","T","E","?","M","?","E","R","BOSS","M","$","M","M","$","R","E","?","T","?","M","R","M","?","R","BOSS","M","M","$","M","?","R","E","M","T","R","?","M","E","M","R","BOSS"],"build_version":"2019-07-17","purchased_purges":1,"victory":true,"max_hp_per_floor":[66,66,66,66,66,66,73,73,73,73,73,73,73,73,73,73,73,73,73,73,73,73,73,87,87,87,87,87,87,87,87,87,87,92,92,92,92,92,92,92,92,92,92,92,92,92,92,92,92,92],"card_choices":[{"not_picked":["Bane","Blade Dance"],"picked":"Endless Agony","floor":1},{"not_picked":["Catalyst","Underhanded Strike"],"picked":"Flying Knee","floor":5},{"not_picked":["Setup","Bane"],"picked":"Calculated Gamble","floor":7},{"not_picked":["Underhanded Strike","Setup"],"picked":"Predator","floor":10},{"not_picked":["Outmaneuver","Slice","Dagger Spray"],"picked":"SKIP","floor":12},{"not_picked":["Quick Slash","Deflect"],"picked":"Malaise","floor":13},{"not_picked":["Dodge and Roll","Prepared"],"picked":"Flying Knee","floor":14},{"not_picked":["Doppelganger","Burst"],"picked":"Adrenaline","floor":16},{"not_picked":["Flying Knee","Riddle With Holes"],"picked":"Blade Dance","floor":18},{"not_picked":["Outmaneuver","Dagger Throw"],"picked":"Blade Dance","floor":20},{"not_picked":["Flying Knee","Poisoned Stab"],"picked":"Prepared","floor":21},{"not_picked":["Caltrops","Phantasmal Killer"],"picked":"Acrobatics+1","floor":24},{"not_picked":["Slice","Skewer"],"picked":"Blade Dance","floor":28},{"not_picked":["Deflect","Dash"],"picked":"Prepared+1","floor":30},{"not_picked":["Escape Plan+1","PiercingWail"],"picked":"Calculated Gamble","floor":31},{"not_picked":["Corpse Explosion","Grand Finale"],"picked":"Venomology","floor":33},{"not_picked":["Deadly Poison","Choke+1"],"picked":"Underhanded Strike","floor":34},{"not_picked":["Poisoned Stab","Leg Sweep"],"picked":"Infinite Blades","floor":35},{"not_picked":["Underhanded Strike","Blade Dance+1"],"picked":"Distraction+1","floor":36},{"not_picked":["Outmaneuver","Poisoned Stab"],"picked":"Cloak And Dagger","floor":38},{"not_picked":["Reflex","Bullet Time"],"picked":"Tactician+1","floor":41},{"not_picked":["Dash","Bouncing Flask"],"picked":"Concentrate","floor":42},{"not_picked":["Quick Slash","Dodge and Roll"],"picked":"Deadly Poison","floor":45},{"not_picked":["Outmaneuver","Prepared"],"picked":"Finisher","floor":46},{"not_picked":["All Out Attack","Eviscerate"],"picked":"Finisher","floor":47},{"not_picked":["Outmaneuver","Dagger Throw"],"picked":"Masterful Stab+1","floor":48},{"not_picked":["Underhanded Strike","Dodge and Roll+1"],"picked":"Endless Agony","floor":49}],"player_experience":1644449,"relics_obtained":[{"floor":7,"key":"Strawberry"},{"floor":9,"key":"Orichalcum"},{"floor":10,"key":"Dead Branch"},{"floor":14,"key":"Meat on the Bone"},{"floor":24,"key":"Mango"},{"floor":24,"key":"War Paint"},{"floor":25,"key":"Necronomicon"},{"floor":26,"key":"Anchor"},{"floor":41,"key":"Snake Skull"},{"floor":41,"key":"StoneCalendar"},{"floor":43,"key":"Vajra"},{"floor":45,"key":"Du-Vu Doll"},{"floor":47,"key":"Dream Catcher"},{"floor":47,"key":"Oddly Smooth Stone"}],"event_choices":[{"damage_healed":0,"gold_gain":0,"player_choice":"Leave","damage_taken":0,"max_hp_gain":0,"max_hp_loss":0,"event_name":"The Cleric","floor":2,"gold_loss":0},{"damage_healed":0,"gold_gain":75,"player_choice":"Gather Gold","damage_taken":11,"max_hp_gain":0,"max_hp_loss":0,"event_name":"World of Goop","floor":4,"gold_loss":0},{"damage_healed":0,"gold_gain":0,"player_choice":"Rummage","damage_taken":0,"relics_obtained":["WarpedTongs"],"max_hp_gain":0,"max_hp_loss":0,"event_name":"Accursed Blacksmith","floor":11,"gold_loss":0,"cards_obtained":["Pain"]},{"damage_healed":0,"gold_gain":0,"player_choice":"Obtained Book","damage_taken":21,"max_hp_gain":0,"max_hp_loss":0,"event_name":"Cursed Tome","floor":25,"gold_loss":0},{"damage_healed":0,"gold_gain":0,"player_choice":"Upgraded","damage_taken":0,"max_hp_gain":0,"max_hp_loss":0,"event_name":"Upgrade Shrine","floor":27,"gold_loss":0,"cards_upgraded":["Adrenaline"]},{"damage_healed":18,"gold_gain":0,"player_choice":"Writhe","damage_taken":0,"max_hp_gain":0,"max_hp_loss":0,"event_name":"Winding Halls","floor":39,"gold_loss":0,"cards_obtained":["Writhe"]},{"damage_healed":0,"gold_gain":0,"player_choice":"Fight","damage_taken":0,"max_hp_gain":0,"max_hp_loss":0,"event_name":"MindBloom","floor":45,"gold_loss":0}],"is_beta":false,"boss_relics":[{"not_picked":["Ectoplasm","Pandora\u0027s Box"],"picked":"Black Star"},{"not_picked":["Cursed Key","Orrery"],"picked":"Tiny House"}],"items_purged_floors":[19],"is_endless":false,"potions_floor_spawned":[1,5,14,16,20,28,30,33,38,41,45,47],"ascension_level":16}