{"gold_per_floor":[109,120,195,210,210,210,245,269,315,315,315,335,335,378,378,477,477,496,496,28,28,28,28,28],"floor_reached":24,"playtime":568,"items_purged":["Strike_R"],"score":404,"play_id":"55f275b8-d419-4701-aa8c-604186218fe1","local_time":"20190611144744","is_ascension_mode":true,"campfire_choices":[{"floor":6,"key":"REST"},{"data":"Limit Break","floor":10,"key":"SMITH"},{"floor":13,"key":"REST"},{"floor":15,"key":"REST"},{"floor":23,"key":"REST"}],"neow_cost":"TEN_PERCENT_HP_LOSS","seed_source_timestamp":262518687339400,"circlet_count":0,"master_deck":["AscendersBane","Strike_R","Strike_R","Strike_R","Defend_R","Defend_R","Defend_R","Defend_R","Bash+1","Offering","Hemokinesis","Limit Break+1","Whirlwind","Barricade","Corruption","Flame Barrier"],"relics":["Burning Blood","Golden Idol","Gremlin Horn","Red Skull","Anchor","Runic Dome","Mummified Hand","Torii"],"potions_floor_usage":[7,16],"damage_taken":[{"damage":14,"enemies":"2 Louse","floor":1,"turns":3},{"damage":7,"enemies":"Cultist","floor":2,"turns":3},{"damage":7,"enemies":"Small Slimes","floor":4,"turns":6},{"damage":17,"enemies":"Gremlin Nob","floor":7,"turns":3},{"damage":13,"enemies":"Looter","floor":8,"turns":4},{"damage":18,"enemies":"Red Slaver","floor":12,"turns":2},{"damage":29,"enemies":"3 Sentries","floor":14,"turns":6},{"damage":35,"enemies":"The Guardian","floor":16,"turns":8},{"damage":43,"enemies":"Spheric Guardian","floor":18,"turns":6},{"damage":45,"enemies":"Book of Stabbing","floor":24,"turns":4}],"seed_played":"-8511366479284553335","potions_obtained":[{"floor":2,"key":"SteroidPotion"},{"floor":8,"key":"FairyPotion"},{"floor":14,"key":"Regen Potion"},{"floor":16,"key":"SteroidPotion"}],"is_trial":false,"path_per_floor":["M","M","?","M","?","R","E","M","T","R","?","M","R","E","R","B",null,"M","?","$","?","?","R","E"],"character_chosen":"IRONCLAD","items_purchased":["Mummified Hand","Corruption","Flame Barrier"],"campfire_rested":4,"item_purchase_floors":[20,20,20],"current_hp_per_floor":[60,59,48,47,24,44,33,26,26,26,26,14,34,11,31,16,55,18,18,18,18,18,38,0],"gold":28,"neow_bonus":"THREE_RARE_CARDS","is_prod":false,"is_daily":false,"chose_seed":false,"campfire_upgraded":1,"win_rate":0,"timestamp":1560232064,"path_taken":["M","M","?","M","?","R","E","M","T","R","?","M","R","E","R","BOSS","M","?","$","?","?","R","E"],"build_version":"2019-01-23","purchased_purges":1,"victory":false,"max_hp_per_floor":[68,68,68,68,68,68,68,68,68,68,68,68,68,68,68,68,68,68,68,68,68,68,68,68],"card_choices":[{"not_picked":["Berserk","Reaper"],"picked":"Offering","floor":0},{"not_picked":["Warcry","Searing Blow","Clothesline"],"picked":"SKIP","floor":1},{"not_picked":["Heavy Blade","Flex","Iron Wave"],"picked":"SKIP","floor":2},{"not_picked":["Rupture","Infernal Blade"],"picked":"Hemokinesis","floor":4},{"not_picked":["Havoc","Cleave"],"picked":"Limit Break","floor":7},{"not_picked":["Thunderclap","Heavy Blade","Warcry"],"picked":"SKIP","floor":8},{"not_picked":["Dual Wield","Flex","Thunderclap"],"picked":"SKIP","floor":12},{"not_picked":["Feel No Pain","Intimidate"],"picked":"Whirlwind","floor":14},{"not_picked":["Exhume","Juggernaut"],"picked":"Barricade","floor":16},{"not_picked":["Heavy Blade","Wild Strike","Clothesline"],"picked":"SKIP","floor":18}],"player_experience":578683,"relics_obtained":[{"floor":7,"key":"Gremlin Horn"},{"floor":9,"key":"Red Skull"},{"floor":14,"key":"Anchor"}],"event_choices":[{"damage_healed":0,"gold_gain":75,"player_choice":"Gather Gold","damage_taken":11,"max_hp_gain":0,"max_hp_loss":0,"event_name":"World of Goop","floor":3,"gold_loss":0},{"damage_healed":0,"gold_gain":0,"player_choice":"Take Damage","damage_taken":23,"relics_obtained":["Golden Idol"],"max_hp_gain":0,"max_hp_loss":0,"event_name":"Golden Idol","floor":5,"gold_loss":0},{"damage_healed":0,"gold_gain":0,"player_choice":"Forge","damage_taken":0,"max_hp_gain":0,"max_hp_loss":0,"event_name":"Accursed Blacksmith","floor":11,"gold_loss":0,"cards_upgraded":["Bash"]},{"cards_removed":["Strike_R"],"damage_healed":0,"gold_gain":0,"player_choice":"Elegance","damage_taken":0,"max_hp_gain":0,"max_hp_loss":0,"event_name":"Back to Basics","floor":19,"gold_loss":0},{"damage_healed":0,"gold_gain":0,"player_choice":"Ignored","damage_taken":0,"max_hp_gain":0,"max_hp_loss":0,"event_name":"Vampires","floor":21,"gold_loss":0},{"damage_healed":0,"gold_gain":0,"player_choice":"Gave Potion","damage_taken":0,"relics_obtained":["Torii"],"max_hp_gain":0,"max_hp_loss":0,"event_name":"WeMeetAgain","floor":22,"gold_loss":0}],"is_beta":false,"boss_relics":[{"not_picked":["Lizard Tail","Runic Cube"],"picked":"Runic Dome"}],"items_purged_floors":[20],"is_endless":false,"potions_floor_spawned":[2,8,14,16],"killed_by":"Book of Stabbing","ascension_level":20}