{"gold_per_floor":[361,361,73,93,93,93,36,51,51,69,34,34,67,67,67,141,141,41,41,41,0,0,0,0,0,0,0,0,0,0,0,0,0,0,0],"floor_reached":35,"playtime":891,"items_purged":["Defend_B"],"score":752,"play_id":"87443dfd-ffd6-4b1a-b1b0-ae1b94ef29f6","local_time":"20190621151051","is_ascension_mode":true,"campfire_choices":[{"data":"Loop","floor":6.0,"key":"SMITH"},{"floor":12.0,"key":"REST"},{"data":"Darkness","floor":15.0,"key":"SMITH"},{"floor":23,"key":"REST"},{"floor":25,"key":"REST"},{"data":"Creative AI","floor":27,"key":"SMITH"},{"floor":32,"key":"REST"}],"neow_cost":"PERCENT_DAMAGE","seed_source_timestamp":13987924388400,"circlet_count":0,"master_deck":["AscendersBane","Strike_B","Defend_B","Defend_B","Defend_B","Dualcast","Capacitor","Coolheaded","Loop+1","Darkness+1","Cold Snap","Multi-Cast","Creative AI+1","Creative AI+1","Machine Learning"],"special_seed":0,"relics":["Cracked Core","Medical Kit","Mummified Hand","Darkstone Periapt","Torii","Ectoplasm","Toxic Egg 2","Empty Cage"],"potions_floor_usage":[],"damage_taken":[{"damage":4.0,"enemies":"Jaw Worm","floor":1.0,"turns":4.0},{"damage":2.0,"enemies":"2 Louse","floor":4.0,"turns":3.0},{"damage":0.0,"enemies":"Cultist","floor":8.0,"turns":4.0},{"damage":15.0,"enemies":"3 Louse","floor":10.0,"turns":3.0},{"damage":25.0,"enemies":"3 Sentries","floor":13.0,"turns":5.0},{"damage":17.0,"enemies":"The Guardian","floor":16.0,"turns":10.0},{"damage":30.0,"enemies":"2 Thieves","floor":18.0,"turns":5.0},{"damage":13.0,"enemies":"Chosen","floor":20.0,"turns":4.0},{"damage":11,"enemies":"Snecko","floor":24,"turns":5},{"damage":26,"enemies":"Sentry and Sphere","floor":28,"turns":6},{"damage":34,"enemies":"Champ","floor":33,"turns":12},{"damage":43,"enemies":"3 Shapes","floor":35,"turns":3}],"seed_played":"3696211496369993974","potions_obtained":[{"floor":4.0,"key":"FocusPotion"},{"floor":8.0,"key":"PowerPotion"},{"floor":13.0,"key":"Explosive Potion"},{"floor":18.0,"key":"SteroidPotion"},{"floor":24,"key":"Weak Potion"},{"floor":28,"key":"Swift Potion"}],"is_trial":false,"path_per_floor":["M","?","$","M","?","R","$","M","T","M","?","R","E","T","R","B",null,"M","?","M","?","?","R","M","R","T","R","M","T","?","?","R","B",null,"M"],"character_chosen":"DEFECT","items_purchased":["Medical Kit","PowerPotion"],"campfire_rested":4,"item_purchase_floors":[3,7],"current_hp_per_floor":[42,35,35,33,33,33,33,33,33,18,35,56,31,31,31,14,57,27,27,14,14,14,35,24,45,45,45,19,19,19,19,40,6,55,12],"gold":0,"neow_bonus":"TWO_FIFTY_GOLD","is_prod":false,"is_daily":false,"chose_seed":false,"campfire_upgraded":3,"win_rate":0,"timestamp":1561097451,"path_taken":["M","?","$","M","?","R","?","?","T","M","?","R","E","?","R","BOSS","M","?","M","?","?","R","M","R","T","R","?","?","?","?","R","BOSS","M"],"build_version":"2019-01-23","purchased_purges":1,"victory":false,"max_hp_per_floor":[71,71,71,71,71,71,71,71,71,71,71,71,71,71,71,71,71,71,71,71,71,71,71,71,71,71,71,71,71,71,71,71,71,71,71],"card_choices":[{"not_picked":["Barrage","Stack"],"picked":"Capacitor","floor":1.0},{"not_picked":["Redo","Rebound"],"picked":"Coolheaded","floor":4.0},{"not_picked":["Conserve Battery","Heatsinks"],"picked":"Darkness","floor":8.0},{"not_picked":["Static Discharge","Compile Driver"],"picked":"Cold Snap","floor":10.0},{"not_picked":["Beam Cell","Leap"],"picked":"Multi-Cast","floor":13.0},{"not_picked":["Meteor Strike","Core Surge"],"picked":"Creative AI","floor":16.0},{"not_picked":["Chaos","Streamline","Sweeping Beam"],"picked":"SKIP","floor":18.0},{"not_picked":["Stack","Genetic Algorithm","Ball Lightning"],"picked":"SKIP","floor":20.0},{"not_picked":["Undo","Lockon","Compile Driver"],"picked":"SKIP","floor":24},{"not_picked":["Tempest","Streamline","Hologram"],"picked":"SKIP","floor":28},{"not_picked":["Buffer","Multi-Cast+1"],"picked":"Machine Learning","floor":33}],"player_experience":734181,"relics_obtained":[{"floor":9.0,"key":"Mummified Hand"},{"floor":13.0,"key":"Darkstone Periapt"},{"floor":14.0,"key":"Torii"},{"floor":29,"key":"Toxic Egg 2"}],"event_choices":[{"cards_removed":["Strike_B"],"damage_healed":0.0,"max_hp_gain":0.0,"max_hp_loss":0.0,"gold_gain":0.0,"event_name":"Golden Wing","player_choice":"Card Removal","floor":2.0,"gold_loss":0.0,"damage_taken":7.0},{"damage_healed":0.0,"max_hp_gain":0.0,"max_hp_loss":0.0,"gold_gain":0.0,"cards_transformed":["Strike_B"],"event_name":"Living Wall","player_choice":"Change","floor":5.0,"gold_loss":0.0,"damage_taken":0.0,"cards_obtained":["Loop"]},{"damage_healed":17.0,"max_hp_gain":0.0,"max_hp_loss":0.0,"gold_gain":0.0,"event_name":"The Cleric","player_choice":"Healed","floor":11.0,"gold_loss":35.0,"damage_taken":0.0},{"damage_healed":0.0,"max_hp_gain":0.0,"max_hp_loss":0.0,"gold_gain":50.0,"event_name":"Nest","player_choice":"Stole From Cult","floor":19.0,"gold_loss":0.0,"damage_taken":0.0},{"damage_healed":0,"gold_gain":0,"player_choice":"Paid Fearfully","damage_taken":0,"max_hp_gain":0,"max_hp_loss":0,"event_name":"Masked Bandits","floor":21,"gold_loss":41},{"damage_healed":0,"gold_gain":0,"player_choice":"Copied","damage_taken":0,"max_hp_gain":0,"max_hp_loss":0,"event_name":"Duplicator","floor":22,"gold_loss":0,"cards_obtained":["Creative AI"]},{"damage_healed":0,"gold_gain":0,"player_choice":"Ignored","damage_taken":0,"max_hp_gain":0,"max_hp_loss":0,"event_name":"Vampires","floor":30,"gold_loss":0},{"damage_healed":0,"gold_gain":0,"player_choice":"Forge","damage_taken":0,"max_hp_gain":0,"max_hp_loss":0,"event_name":"Accursed Blacksmith","floor":31,"gold_loss":0,"cards_upgraded":["Creative AI"]}],"is_beta":false,"boss_relics":[{"not_picked":["Eternal Feather","Astrolabe"],"picked":"Ectoplasm"},{"not_picked":["Velvet Choker","White Beast Statue"],"picked":"Empty Cage"}],"items_purged_floors":[3],"is_endless":false,"potions_floor_spawned":[4,8,13,18,24,28],"killed_by":"3 Shapes","ascension_level":20}