{"gold_per_floor":[110,110,126,126,126,126,157,82,82,116,132,146,169,200,200,294,294,313,331,36,36,61,61],"floor_reached":23,"playtime":819,"items_purged":["Strike_R"],"score":422,"play_id":"33909f20-e331-4454-930e-70b3828860ee","local_time":"20190615205619","is_ascension_mode":true,"campfire_choices":[{"data":"Inflame","floor":6,"key":"SMITH"},{"data":"Sword Boomerang","floor":15,"key":"SMITH"}],"neow_cost":"CURSE","seed_source_timestamp":109016707701200,"circlet_count":0,"master_deck":["AscendersBane","Strike_R","Strike_R","Defend_R","Defend_R","Defend_R","Defend_R","Bash","Power Through","Inflame+1","Sword Boomerang+1","Shrug It Off","Infernal Blade","Reaper","Seeing Red","Pommel Strike","Dark Embrace","Juggernaut","Dual Wield","Disarm+1","True Grit+1"],"relics":["Burning Blood","Golden Idol","Calipers","StoneCalendar","Anchor","Mark of Pain","Membership Card","Oddly Smooth Stone"],"potions_floor_usage":[14,23,23],"damage_taken":[{"damage":11,"enemies":"Jaw Worm","floor":1,"turns":6},{"damage":10,"enemies":"2 Louse","floor":3,"turns":4},{"damage":32,"enemies":"Gremlin Nob","floor":7,"turns":4},{"damage":17,"enemies":"Lagavulin","floor":10,"turns":6},{"damage":6,"enemies":"Small Slimes","floor":11,"turns":5},{"damage":14,"enemies":"3 Louse","floor":12,"turns":4},{"damage":0,"enemies":"Looter","floor":13,"turns":4},{"damage":8,"enemies":"Gremlin Nob","floor":14,"turns":3},{"damage":33,"enemies":"Slime Boss","floor":16,"turns":7},{"damage":21,"enemies":"3 Byrds","floor":18,"turns":5},{"damage":46,"enemies":"Chosen","floor":19,"turns":6},{"damage":9,"enemies":"Snecko","floor":22,"turns":6},{"damage":23,"enemies":"Slavers","floor":23,"turns":3}],"seed_played":"8501223017477767542","potions_obtained":[{"floor":7,"key":"GamblersBrew"},{"floor":12,"key":"SteroidPotion"},{"floor":16,"key":"Strength Potion"}],"is_trial":false,"path_per_floor":["M","?","M","?","?","R","E","$","T","E","M","M","M","E","R","B",null,"M","M","$","?","M","E"],"character_chosen":"IRONCLAD","items_purchased":["Membership Card","Oddly Smooth Stone"],"campfire_rested":0,"item_purchase_floors":[20,20],"current_hp_per_floor":[63,63,59,64,64,64,38,38,38,27,34,47,53,51,51,38,64,59,23,23,23,20,0],"gold":61,"neow_bonus":"TRANSFORM_TWO_CARDS","is_prod":false,"is_daily":false,"chose_seed":false,"campfire_upgraded":2,"win_rate":0,"timestamp":1560599779,"path_taken":["M","?","M","?","?","R","E","$","T","E","M","M","M","E","R","BOSS","M","M","$","?","M","E"],"build_version":"2019-01-23","purchased_purges":1,"victory":false,"max_hp_per_floor":[75,75,75,80,72,72,72,72,72,72,72,72,72,72,72,72,72,72,72,72,72,72,72],"card_choices":[{"not_picked":["True Grit","Iron Wave"],"picked":"Sword Boomerang","floor":1},{"not_picked":["Intimidate","Fire Breathing"],"picked":"Shrug It Off","floor":3},{"not_picked":["Clothesline","Cleave"],"picked":"Infernal Blade","floor":7},{"not_picked":["Headbutt","Pommel Strike"],"picked":"Reaper","floor":10},{"not_picked":["Anger","Perfected Strike"],"picked":"Seeing Red","floor":11},{"not_picked":["Warcry","Iron Wave"],"picked":"Pommel Strike","floor":12},{"not_picked":["Shrug It Off","Entrench","Intimidate"],"picked":"SKIP","floor":13},{"not_picked":["Shrug It Off","Entrench","Intimidate"],"picked":"SKIP","floor":13},{"not_picked":["Burning Pact","Perfected Strike"],"picked":"Dark Embrace","floor":14},{"not_picked":["Exhume","Limit Break"],"picked":"Juggernaut","floor":16},{"not_picked":["Anger","Shrug It Off"],"picked":"Dual Wield","floor":18},{"not_picked":["Ghostly Armor+1","Power Through"],"picked":"Disarm+1","floor":19},{"not_picked":["Wild Strike","Anger"],"picked":"True Grit+1","floor":22}],"player_experience":673586,"relics_obtained":[{"floor":7,"key":"Calipers"},{"floor":9,"key":"StoneCalendar"},{"floor":14,"key":"Anchor"}],"event_choices":[{"cards_removed":["Doubt"],"damage_healed":0,"gold_gain":0,"player_choice":"Forget","damage_taken":0,"max_hp_gain":0,"max_hp_loss":0,"event_name":"Living Wall","floor":2,"gold_loss":0},{"damage_healed":0,"gold_gain":0,"player_choice":"Donut","damage_taken":0,"max_hp_gain":5,"max_hp_loss":0,"event_name":"Big Fish","floor":4,"gold_loss":0},{"damage_healed":0,"gold_gain":0,"player_choice":"Lose Max HP","damage_taken":0,"relics_obtained":["Golden Idol"],"max_hp_gain":0,"max_hp_loss":8,"event_name":"Golden Idol","floor":5,"gold_loss":0},{"damage_healed":0,"gold_gain":0,"player_choice":"Got Potions","damage_taken":0,"max_hp_gain":0,"max_hp_loss":0,"event_name":"Lab","floor":21,"gold_loss":0}],"is_beta":false,"boss_relics":[{"not_picked":["Lizard Tail","Empty Cage"],"picked":"Mark of Pain"}],"items_purged_floors":[8],"is_endless":false,"potions_floor_spawned":[7,12,16,18],"killed_by":"Slavers","ascension_level":20}