{"gold_per_floor":[115,130,149,69,81,81,131,157,212,245,257,257,292,12,12,89,89,107,124,124,141,41,66,66,26,26,26,40,40,140,167,167,241,241,259,275,60,111,211,236,236,267,267,341,341,357,357,369,369,369,369,369,369,69,94,94],"floor_reached":57,"playtime":2341,"items_purged":["Writhe","Strike_R","Strike_R"],"score":3107,"play_id":"0e4506e5-1d52-4ba3-b97a-2108861681b7","local_time":"20190626150950","is_ascension_mode":true,"campfire_choices":[{"data":"Carnage","floor":6,"key":"SMITH"},{"floor":12,"key":"REST"},{"data":"Second Wind","floor":15,"key":"SMITH"},{"floor":24,"key":"REST"},{"floor":27,"key":"REST"},{"data":"Armaments","floor":32,"key":"SMITH"},{"data":"Corruption","floor":41,"key":"SMITH"},{"data":"Feel No Pain","floor":45,"key":"SMITH"},{"floor":49,"key":"RECALL"},{"data":"Sentinel","floor":53,"key":"SMITH"}],"neow_cost":"CURSE","seed_source_timestamp":349491887042600,"circlet_count":0,"master_deck":["AscendersBane","Strike_R","Strike_R","Defend_R","Defend_R+1","Defend_R","Defend_R","Bash","Carnage+1","Shockwave+1","Evolve","Pommel Strike","Power Through","Offering","Impervious","Second Wind+1","Immolate","Seeing Red","Armaments+1","Feel No Pain+1","Power Through","Flame Barrier","Shockwave","Fiend Fire","Corruption+1","Seeing Red","Rage","Shockwave+1","Seeing Red","Disarm","Seeing Red+1","Sentinel+1","Armaments+1","Demon Form+1","Body Slam","Feel No Pain+1","Exhume","Battle Trance"],"relics":["Burning Blood","Torii","Question Card","Ancient Tea Set","Strawberry","War Paint","Oddly Smooth Stone","Runic Dome","Enchiridion","Charon\u0027s Ashes","Dead Branch","Prayer Wheel","Letter Opener","Red Skull","Mark of Pain","Membership Card","Nunchaku","Turnip","Gremlin Horn","Bag of Marbles","Frozen Egg 2","Bottled Lightning","Lantern"],"potions_floor_usage":[16,16,21,40,56,56],"damage_taken":[{"damage":1,"enemies":"Cultist","floor":1,"turns":3},{"damage":2,"enemies":"2 Louse","floor":2,"turns":4},{"damage":9,"enemies":"Small Slimes","floor":3,"turns":4},{"damage":11,"enemies":"Blue Slaver","floor":5,"turns":5},{"damage":13,"enemies":"3 Sentries","floor":8,"turns":6},{"damage":42,"enemies":"Lagavulin","floor":10,"turns":8},{"damage":18,"enemies":"Exordium Thugs","floor":11,"turns":4},{"damage":17,"enemies":"3 Sentries","floor":13,"turns":7},{"damage":23,"enemies":"The Guardian","floor":16,"turns":13},{"damage":8,"enemies":"Shell Parasite","floor":18,"turns":4},{"damage":16,"enemies":"Chosen","floor":19,"turns":4},{"damage":14,"enemies":"Shelled Parasite and Fungi","floor":21,"turns":4},{"damage":29,"enemies":"Slavers","floor":23,"turns":7},{"damage":6,"enemies":"Cultist and Chosen","floor":28,"turns":5},{"damage":6,"enemies":"Colosseum Slavers","floor":30,"turns":1},{"damage":12,"enemies":"Colosseum Nobs","floor":30,"turns":3},{"damage":3,"enemies":"Gremlin Leader","floor":31,"turns":6},{"damage":23,"enemies":"Champ","floor":33,"turns":9},{"damage":0,"enemies":"3 Shapes","floor":35,"turns":2},{"damage":1,"enemies":"Orb Walker","floor":36,"turns":3},{"damage":19,"enemies":"2 Orb Walkers","floor":38,"turns":5},{"damage":6,"enemies":"Mind Bloom Boss Battle","floor":39,"turns":3},{"damage":6,"enemies":"Giant Head","floor":40,"turns":5},{"damage":0,"enemies":"Reptomancer","floor":42,"turns":2},{"damage":0,"enemies":"Maw","floor":46,"turns":5},{"damage":6,"enemies":"Writhing Mass","floor":48,"turns":3},{"damage":0,"enemies":"Donu and Deca","floor":50,"turns":3},{"damage":7,"enemies":"Time Eater","floor":51,"turns":7},{"damage":9,"enemies":"Shield and Spear","floor":55,"turns":4},{"damage":10,"enemies":"The Heart","floor":56,"turns":7}],"seed_played":"4988265366302536048","potions_obtained":[{"floor":1,"key":"SteroidPotion"},{"floor":13,"key":"PowerPotion"},{"floor":18,"key":"BloodPotion"},{"floor":25,"key":"Ancient Potion"},{"floor":25,"key":"FearPotion"},{"floor":30,"key":"EssenceOfSteel"},{"floor":35,"key":"BloodPotion"},{"floor":36,"key":"Regen Potion"},{"floor":46,"key":"FearPotion"}],"is_trial":false,"path_per_floor":["M","M","M","$","M","R","?","E","T","E","M","R","E","$","R","B",null,"M","M","?","M","$","E","R","?","T","R","M","?","?","E","R","B",null,"M","M","$","?","?","E","R","E","T","T","R","M","?","M","R","B","B",null,"R","$","E","B",null],"character_chosen":"IRONCLAD","items_purchased":["Evolve","Oddly Smooth Stone","Second Wind","Membership Card","Feel No Pain+1","Bottled Lightning","Exhume"],"campfire_rested":3,"item_purchase_floors":[4,14,14,37,54,54,54],"current_hp_per_floor":[73,75,72,72,67,67,67,60,60,31,19,43,32,32,32,15,65,63,53,32,32,32,9,33,33,33,57,57,57,51,54,54,37,71,77,82,82,69,69,82,82,82,82,82,82,82,82,82,82,82,81,82,82,82,79,75],"gold":94,"neow_bonus":"ONE_RARE_RELIC","is_prod":false,"is_daily":false,"chose_seed":false,"campfire_upgraded":6,"win_rate":0,"timestamp":1561529390,"path_taken":["M","?","M","$","M","R","?","E","T","E","M","R","E","$","R","BOSS","M","?","?","M","$","E","R","?","T","R","?","?","?","E","R","BOSS","M","M","$","?","?","E","R","E","T","?","R","M","?","M","R","BOSS","BOSS","R","$","E","BOSS"],"build_version":"2019-01-23","purchased_purges":3,"victory":true,"max_hp_per_floor":[75,75,75,75,75,75,75,75,75,82,82,82,82,82,82,82,82,82,82,82,82,82,82,82,82,82,82,82,82,82,82,82,82,82,82,82,82,82,82,82,82,82,82,82,82,82,82,82,82,82,82,82,82,82,82,82],"card_choices":[{"not_picked":["Perfected Strike","Fire Breathing","Iron Wave"],"picked":"SKIP","floor":1},{"not_picked":["Twin Strike","Seeing Red"],"picked":"Carnage","floor":2},{"not_picked":["Flame Barrier","Sword Boomerang"],"picked":"Shockwave","floor":3},{"not_picked":["Combust","Shockwave"],"picked":"Pommel Strike","floor":5},{"not_picked":["Rage","Headbutt"],"picked":"Power Through","floor":8},{"not_picked":["True Grit","Perfected Strike","Wild Strike"],"picked":"Offering","floor":10},{"not_picked":["Clash","Heavy Blade","Metallicize","Reckless Charge"],"picked":"SKIP","floor":11},{"not_picked":["Wild Strike","Havoc","Shockwave"],"picked":"Impervious","floor":13},{"not_picked":["Fiend Fire","Limit Break","Reaper"],"picked":"Immolate","floor":16},{"not_picked":["Cleave","Sword Boomerang","Thunderclap"],"picked":"Seeing Red","floor":18},{"not_picked":["Clash","Heavy Blade","Clothesline"],"picked":"Armaments","floor":19},{"not_picked":["Pummel","Clothesline+1","Wild Strike+1"],"picked":"Feel No Pain","floor":21},{"not_picked":["Havoc+1","Clash","Carnage"],"picked":"Power Through","floor":23},{"not_picked":["Havoc","Double Tap","Perfected Strike+1"],"picked":"Flame Barrier","floor":28},{"not_picked":["Rampage","Hemokinesis","Shrug It Off"],"picked":"Shockwave","floor":30},{"not_picked":["Dark Embrace","Clash","Sword Boomerang","Cleave"],"picked":"SKIP","floor":31},{"not_picked":["Dark Embrace","Juggernaut","Bludgeon"],"picked":"Fiend Fire","floor":33},{"not_picked":["Body Slam","Iron Wave","Wild Strike"],"picked":"Corruption","floor":35},{"not_picked":["Clash+1","Iron Wave","Cleave+1"],"picked":"Seeing Red","floor":35},{"not_picked":["Intimidate","Rampage","Wild Strike+1"],"picked":"Rage","floor":36},{"not_picked":["Thunderclap","Infernal Blade+1","True Grit+1"],"picked":"Shockwave+1","floor":36},{"not_picked":["Thunderclap","Anger+1","Exhume"],"picked":"Seeing Red","floor":38},{"not_picked":["Inflame+1","Evolve","Uppercut"],"picked":"Disarm","floor":39},{"not_picked":["Body Slam","Pommel Strike","Carnage"],"picked":"Seeing Red+1","floor":40},{"not_picked":["Intimidate","Sword Boomerang","Armaments"],"picked":"Sentinel","floor":42},{"not_picked":["Sever Soul","Power Through","Entrench"],"picked":"Armaments+1","floor":46},{"not_picked":["Anger+1","Whirlwind+1","Flex","Iron Wave"],"picked":"SKIP","floor":46},{"not_picked":["Anger","Warcry","Heavy Blade"],"picked":"Demon Form+1","floor":48},{"not_picked":["Perfected Strike","Clash","Wild Strike+1"],"picked":"Body Slam","floor":48},{"not_picked":["Armaments+1","Heavy Blade","Flame Barrier"],"picked":"Battle Trance","floor":55}],"player_experience":808744,"relics_obtained":[{"floor":8,"key":"Question Card"},{"floor":9,"key":"Ancient Tea Set"},{"floor":10,"key":"Strawberry"},{"floor":13,"key":"War Paint"},{"floor":20,"key":"Enchiridion"},{"floor":23,"key":"Charon\u0027s Ashes"},{"floor":26,"key":"Dead Branch"},{"floor":30,"key":"Prayer Wheel"},{"floor":30,"key":"Letter Opener"},{"floor":31,"key":"Red Skull"},{"floor":38,"key":"Nunchaku"},{"floor":39,"key":"Turnip"},{"floor":40,"key":"Gremlin Horn"},{"floor":42,"key":"Bag of Marbles"},{"floor":44,"key":"Frozen Egg 2"},{"floor":55,"key":"Lantern"}],"event_choices":[{"damage_healed":0,"gold_gain":50,"player_choice":"Pray","damage_taken":0,"max_hp_gain":0,"max_hp_loss":0,"event_name":"Golden Shrine","floor":7,"gold_loss":0},{"damage_healed":0,"gold_gain":0,"player_choice":"Obtained Book","damage_taken":21,"max_hp_gain":0,"max_hp_loss":0,"event_name":"Cursed Tome","floor":20,"gold_loss":0},{"damage_healed":0,"gold_gain":0,"player_choice":"Bought 3 Potions","damage_taken":0,"max_hp_gain":0,"max_hp_loss":0,"event_name":"The Woman in Blue","floor":25,"gold_loss":0},{"cards_removed":["Strike_R"],"damage_healed":0,"gold_gain":0,"player_choice":"Elegance","damage_taken":0,"max_hp_gain":0,"max_hp_loss":0,"event_name":"Back to Basics","floor":29,"gold_loss":0},{"damage_healed":0,"gold_gain":0,"player_choice":"Fight","damage_taken":0,"max_hp_gain":0,"max_hp_loss":0,"event_name":"Colosseum","floor":30,"gold_loss":0},{"damage_healed":0,"gold_gain":0,"player_choice":"Fought Nobs","damage_taken":0,"max_hp_gain":0,"max_hp_loss":0,"event_name":"Colosseum","floor":30,"gold_loss":0},{"damage_healed":0,"gold_gain":0,"player_choice":"Fight","damage_taken":0,"max_hp_gain":0,"max_hp_loss":0,"event_name":"Mysterious Sphere","floor":38,"gold_loss":0},{"damage_healed":0,"gold_gain":0,"player_choice":"Fight","damage_taken":0,"max_hp_gain":0,"max_hp_loss":0,"event_name":"MindBloom","floor":39,"gold_loss":0},{"damage_healed":0,"gold_gain":0,"player_choice":"Ignored","damage_taken":0,"max_hp_gain":0,"max_hp_loss":0,"event_name":"Tomb of Lord Red Mask","floor":47,"gold_loss":0}],"is_beta":false,"boss_relics":[{"not_picked":["Fusion Hammer","Eternal Feather"],"picked":"Runic Dome"},{"not_picked":["Lizard Tail","Black Blood"],"picked":"Mark of Pain"}],"items_purged_floors":[14,22,54],"is_endless":false,"potions_floor_spawned":[1,13,18,30,30,35,36,39,46],"ascension_level":20}