{"gold_per_floor":[116,191,191,211,211,245,245,280,330,374,374,395,30,30,30,123,123,142,142,67,108,91,131,131,131,131,181,181,216,241,284,284,377,377,391,391,404,472,694,737,737,768,792,220,243,243,257,295,295,295,295,295,295,30,74,74],"floor_reached":57,"playtime":2065,"items_purged":["Strike_R","Strike_R"],"score":3645,"play_id":"c04dd82a-3ebf-4e29-9705-48ef766b73ad","local_time":"20190610162800","is_ascension_mode":true,"campfire_choices":[{"data":"Bash","floor":7,"key":"SMITH"},{"data":"Armaments","floor":11,"key":"SMITH"},{"data":"Apotheosis","floor":15,"key":"SMITH"},{"data":"Bludgeon","floor":24,"key":"SMITH"},{"floor":28,"key":"REST"},{"data":"Demon Form","floor":32,"key":"SMITH"},{"floor":41,"key":"RECALL"},{"floor":46,"key":"REST"},{"floor":49,"key":"REST"},{"floor":53,"key":"REST"}],"neow_cost":"NONE","seed_source_timestamp":180626256105100,"circlet_count":0,"master_deck":["AscendersBane","Strike_R","Strike_R","Defend_R","Defend_R","Defend_R","Defend_R","Bash+1","Clothesline","Anger","Second Wind","Armaments+1","Barricade","Apotheosis+1","Impervious","Heavy Blade","Bludgeon+1","Shrug It Off+1","Barricade","Demon Form+1","Offering+1","Shrug It Off","Corruption","True Grit+1","Dark Embrace","Chrysalis","True Grit","Body Slam","Feel No Pain","Shrug It Off"],"relics":["Burning Blood","NeowsBlessing","Golden Idol","Anchor","PreservedInsect","Bird Faced Urn","Bronze Scales","Orichalcum","Oddly Smooth Stone","Snecko Eye","Red Mask","Bottled Flame","Nilry\u0027s Codex","Question Card","Pen Nib","Letter Opener","Fusion Hammer","Turnip","Red Skull","Blue Candle","Kunai","Happy Flower","Bottled Tornado","Vajra"],"potions_floor_usage":[8,8,21,22,23,38,42,56,56],"damage_taken":[{"damage":0,"enemies":"Small Slimes","floor":1,"turns":1},{"damage":0,"enemies":"Cultist","floor":4,"turns":1},{"damage":0,"enemies":"Gremlin Nob","floor":6,"turns":1},{"damage":30,"enemies":"Lagavulin","floor":8,"turns":7},{"damage":6,"enemies":"Gremlin Nob","floor":10,"turns":3},{"damage":0,"enemies":"2 Louse","floor":12,"turns":3},{"damage":31,"enemies":"Hexaghost","floor":16,"turns":9},{"damage":0,"enemies":"Spheric Guardian","floor":18,"turns":4},{"damage":29,"enemies":"Masked Bandits","floor":21,"turns":4},{"damage":2,"enemies":"2 Thieves","floor":22,"turns":4},{"damage":4,"enemies":"Gremlin Leader","floor":23,"turns":6},{"damage":0,"enemies":"Book of Stabbing","floor":29,"turns":4},{"damage":0,"enemies":"Cultist and Chosen","floor":30,"turns":3},{"damage":0,"enemies":"Slavers","floor":31,"turns":4},{"damage":0,"enemies":"Automaton","floor":33,"turns":7},{"damage":6,"enemies":"3 Shapes","floor":35,"turns":4},{"damage":6,"enemies":"Orb Walker","floor":37,"turns":4},{"damage":0,"enemies":"2 Orb Walkers","floor":38,"turns":4},{"damage":6,"enemies":"Nemesis","floor":40,"turns":5},{"damage":20,"enemies":"Reptomancer","floor":42,"turns":4},{"damage":0,"enemies":"Jaw Worm Horde","floor":45,"turns":3},{"damage":6,"enemies":"Writhing Mass","floor":47,"turns":3},{"damage":7,"enemies":"Giant Head","floor":48,"turns":2},{"damage":6,"enemies":"Time Eater","floor":50,"turns":6},{"damage":12,"enemies":"Awakened One","floor":51,"turns":6},{"damage":12,"enemies":"Shield and Spear","floor":55,"turns":3},{"damage":12,"enemies":"The Heart","floor":56,"turns":6}],"seed_played":"-6096107240469006487","potions_obtained":[{"floor":1,"key":"Regen Potion"},{"floor":6,"key":"Regen Potion"},{"floor":8,"key":"Poison Potion"},{"floor":16,"key":"Energy Potion"},{"floor":21,"key":"Swift Potion"},{"floor":22,"key":"PowerPotion"},{"floor":23,"key":"Weak Potion"},{"floor":35,"key":"Ancient Potion"},{"floor":40,"key":"Explosive Potion"},{"floor":42,"key":"LiquidBronze"}],"is_trial":false,"path_per_floor":["M","?","?","M","?","E","R","E","T","E","R","M","$","?","R","B",null,"M","?","$","?","M","E","R","?","T","?","R","E","M","E","R","B",null,"M","?","M","?","?","E","R","E","T","$","M","R","M","E","R","B","B",null,"R","$","E","B",null],"character_chosen":"IRONCLAD","items_purchased":["Apotheosis","Oddly Smooth Stone","Kunai","Chrysalis","Bottled Tornado"],"campfire_rested":4,"item_purchase_floors":[13,13,44,44,54],"current_hp_per_floor":[74,63,37,43,32,38,38,54,54,54,54,60,60,60,60,37,66,74,74,74,52,58,64,64,43,43,43,65,73,75,75,75,75,75,75,75,75,75,75,75,75,69,69,69,75,75,75,75,75,75,75,75,75,75,75,75],"gold":74,"neow_bonus":"THREE_ENEMY_KILL","is_prod":false,"is_daily":false,"chose_seed":false,"campfire_upgraded":5,"win_rate":0,"timestamp":1560151680,"path_taken":["M","?","?","M","?","E","R","E","T","E","R","M","$","?","R","BOSS","M","?","?","?","?","E","R","?","T","?","R","E","M","E","R","BOSS","M","?","?","?","?","E","R","E","T","$","M","R","M","E","R","BOSS","BOSS","R","$","E","BOSS"],"build_version":"2019-01-23","purchased_purges":2,"victory":true,"max_hp_per_floor":[75,75,75,75,75,75,75,75,75,75,75,75,75,75,75,75,75,75,75,75,75,75,75,75,75,75,75,75,75,75,75,75,75,75,75,75,75,75,75,75,75,75,75,75,75,75,75,75,75,75,75,75,75,75,75,75],"card_choices":[{"not_picked":["Burning Pact","Power Through"],"picked":"Clothesline","floor":1},{"not_picked":["Warcry","True Grit"],"picked":"Anger","floor":4},{"not_picked":["Metallicize","Sever Soul"],"picked":"Second Wind","floor":6},{"not_picked":["Clothesline","Body Slam"],"picked":"Armaments","floor":8},{"not_picked":["Inflame","Headbutt"],"picked":"Barricade","floor":10},{"not_picked":["Perfected Strike","Anger","Clash"],"picked":"SKIP","floor":12},{"not_picked":["Bludgeon","Reaper"],"picked":"Impervious","floor":16},{"not_picked":["Sword Boomerang","Pummel"],"picked":"Heavy Blade","floor":18},{"not_picked":["Dropkick","Cleave","Ghostly Armor"],"picked":"SKIP","floor":22},{"not_picked":["Perfected Strike","Rupture"],"picked":"Bludgeon","floor":23},{"not_picked":["Perfected Strike","Sword Boomerang","Burning Pact"],"picked":"Shrug It Off+1","floor":29},{"not_picked":["Uppercut+1","Seeing Red","Clash"],"picked":"Barricade","floor":30},{"not_picked":["Evolve","Shockwave","Iron Wave"],"picked":"Demon Form","floor":31},{"not_picked":["Barricade","Berserk","Juggernaut"],"picked":"Offering","floor":33},{"not_picked":["Reckless Charge","Spot Weakness","Clothesline"],"picked":"Shrug It Off","floor":35},{"not_picked":["Wild Strike","Sword Boomerang+1","Shrug It Off"],"picked":"Corruption","floor":37},{"not_picked":["Infernal Blade+1","Spot Weakness","Thunderclap"],"picked":"True Grit+1","floor":38},{"not_picked":["Wild Strike","Uppercut+1","Iron Wave+1"],"picked":"Dark Embrace","floor":40},{"not_picked":["Iron Wave+1","Havoc","Clothesline","Rupture+1"],"picked":"SKIP","floor":42},{"not_picked":["Second Wind","Rupture+1","Pummel"],"picked":"True Grit","floor":45},{"not_picked":["Thunderclap","Cleave","Warcry"],"picked":"Body Slam","floor":47},{"not_picked":["Anger","Battle Trance","Sword Boomerang"],"picked":"Feel No Pain","floor":48},{"not_picked":["Fire Breathing+1","Armaments","Clash"],"picked":"Shrug It Off","floor":55}],"player_experience":551704,"relics_obtained":[{"floor":6,"key":"PreservedInsect"},{"floor":8,"key":"Bird Faced Urn"},{"floor":9,"key":"Bronze Scales"},{"floor":10,"key":"Orichalcum"},{"floor":21,"key":"Red Mask"},{"floor":23,"key":"Bottled Flame"},{"floor":25,"key":"Nilry\u0027s Codex"},{"floor":26,"key":"Question Card"},{"floor":29,"key":"Pen Nib"},{"floor":31,"key":"Letter Opener"},{"floor":38,"key":"Turnip"},{"floor":40,"key":"Red Skull"},{"floor":42,"key":"Blue Candle"},{"floor":48,"key":"Happy Flower"},{"floor":55,"key":"Vajra"}],"event_choices":[{"damage_healed":0,"gold_gain":75,"player_choice":"Gather Gold","damage_taken":11,"max_hp_gain":0,"max_hp_loss":0,"event_name":"World of Goop","floor":2,"gold_loss":0},{"damage_healed":0,"gold_gain":0,"player_choice":"Take Damage","damage_taken":26,"relics_obtained":["Golden Idol"],"max_hp_gain":0,"max_hp_loss":0,"event_name":"Golden Idol","floor":3,"gold_loss":0},{"damage_healed":0,"gold_gain":0,"player_choice":"Success","damage_taken":11,"relics_obtained":["Anchor"],"max_hp_gain":0,"max_hp_loss":0,"event_name":"Scrap Ooze","floor":5,"gold_loss":0},{"damage_healed":0,"gold_gain":0,"player_choice":"Ignored","damage_taken":0,"max_hp_gain":0,"max_hp_loss":0,"event_name":"Liars Game","floor":14,"gold_loss":0},{"cards_removed":["Strike_R"],"damage_healed":0,"gold_gain":0,"player_choice":"Purged","damage_taken":0,"max_hp_gain":0,"max_hp_loss":0,"event_name":"Purifier","floor":19,"gold_loss":0},{"damage_healed":0,"gold_gain":0,"player_choice":"Fought Bandits","damage_taken":0,"max_hp_gain":0,"max_hp_loss":0,"event_name":"Masked Bandits","floor":21,"gold_loss":0},{"damage_healed":0,"gold_gain":0,"player_choice":"Obtained Book","damage_taken":21,"max_hp_gain":0,"max_hp_loss":0,"event_name":"Cursed Tome","floor":25,"gold_loss":0},{"damage_healed":0,"gold_gain":50,"player_choice":"Stole From Cult","damage_taken":0,"max_hp_gain":0,"max_hp_loss":0,"event_name":"Nest","floor":27,"gold_loss":0},{"damage_healed":0,"gold_gain":0,"player_choice":"Upgraded","damage_taken":0,"max_hp_gain":0,"max_hp_loss":0,"event_name":"Upgrade Shrine","floor":36,"gold_loss":0,"cards_upgraded":["Offering"]},{"damage_healed":0,"gold_gain":0,"player_choice":"Fight","damage_taken":0,"max_hp_gain":0,"max_hp_loss":0,"event_name":"Mysterious Sphere","floor":38,"gold_loss":0},{"damage_healed":0,"gold_gain":222,"player_choice":"Wore Mask","damage_taken":0,"max_hp_gain":0,"max_hp_loss":0,"event_name":"Tomb of Lord Red Mask","floor":39,"gold_loss":0}],"is_beta":false,"boss_relics":[{"not_picked":["Eternal Feather","Astrolabe"],"picked":"Snecko Eye"},{"not_picked":["Mark of Pain","White Beast Statue"],"picked":"Fusion Hammer"}],"items_purged_floors":[20,44],"is_endless":false,"potions_floor_spawned":[1,6,8,16,21,22,23,31,35,40,42,45,48,55],"ascension_level":20}