{"gold_per_floor":[113,127,127,146,146,174,174,184,234,234,246,276,276,344,344,419,419,435,435,435,448,468,468,500,500,523,227,207,207],"floor_reached":29,"playtime":2070,"items_purged":["Strike_G"],"score":452,"play_id":"c672f18a-c5ef-43b3-b4c8-ed86b960cb00","local_time":"20190515130211","is_ascension_mode":true,"campfire_choices":[{"data":"Bouncing Flask","floor":7,"key":"SMITH"},{"floor":10,"key":"REST"},{"data":"Well Laid Plans","floor":15,"key":"SMITH"},{"floor":23,"key":"REST"},{"data":"Phantasmal Killer","floor":25,"key":"SMITH"}],"neow_cost":"NONE","seed_source_timestamp":265685061809844,"circlet_count":0,"master_deck":["AscendersBane","Defend_G","Defend_G","Defend_G","Defend_G","Defend_G","Strike_G","Strike_G","Strike_G","Survivor","Neutralize","Bouncing Flask+1","Tactician","Well Laid Plans+1","PiercingWail","Riddle With Holes","Dagger Spray","Phantasmal Killer+1","PiercingWail","J.A.X.","Terror","Wraith Form v2","Burst"],"relics":["Ring of the Snake","NeowsBlessing","Mercury Hourglass","Boot","Juzu Bracelet","Gremlin Horn","Runic Dome","Bottled Flame","Ancient Tea Set","Blood Vial"],"potions_floor_usage":[6,16,21,29,29],"damage_taken":[{"damage":0,"enemies":"Jaw Worm","floor":1,"turns":1},{"damage":0,"enemies":"Cultist","floor":2,"turns":1},{"damage":0,"enemies":"2 Louse","floor":4,"turns":1},{"damage":31,"enemies":"3 Sentries","floor":6,"turns":10},{"damage":4,"enemies":"Lots of Slimes","floor":8,"turns":4},{"damage":0,"enemies":"Exordium Wildlife","floor":11,"turns":4},{"damage":12,"enemies":"Gremlin Nob","floor":12,"turns":3},{"damage":24,"enemies":"Slime Boss","floor":16,"turns":8},{"damage":0,"enemies":"3 Byrds","floor":18,"turns":3},{"damage":28,"enemies":"Shell Parasite","floor":21,"turns":6},{"damage":21,"enemies":"Sentry and Sphere","floor":22,"turns":5},{"damage":9,"enemies":"Slavers","floor":24,"turns":4},{"damage":15,"enemies":"Book of Stabbing","floor":29,"turns":6}],"seed_played":"-692125948008379867","potions_obtained":[{"floor":2,"key":"Fire Potion"},{"floor":8,"key":"SpeedPotion"},{"floor":11,"key":"GhostInAJar"},{"floor":12,"key":"Fire Potion"},{"floor":18,"key":"Weak Potion"},{"floor":22,"key":"SpeedPotion"}],"is_trial":false,"path_per_floor":["M","M","?","M","?","E","R","M","T","R","M","E","?","T","R","B",null,"M","?","?","M","M","R","E","R","T","$","?","E"],"character_chosen":"THE_SILENT","items_purchased":["Blood Vial","PowerPotion"],"campfire_rested":2,"item_purchase_floors":[27,27],"current_hp_per_floor":[59,59,59,59,59,28,28,24,24,43,43,31,31,31,31,7,51,51,51,51,23,2,21,12,12,12,12,12,0],"gold":207,"neow_bonus":"THREE_ENEMY_KILL","is_prod":false,"is_daily":false,"chose_seed":false,"campfire_upgraded":3,"win_rate":0,"timestamp":1557918131,"path_taken":["M","M","?","?","?","E","R","M","T","R","M","E","?","?","R","BOSS","M","?","?","M","M","R","E","R","T","$","?","E"],"build_version":"2019-01-23","purchased_purges":1,"victory":false,"max_hp_per_floor":[66,66,66,66,66,66,66,66,66,66,66,66,66,66,66,66,66,66,66,66,66,66,66,66,66,66,66,66,66],"card_choices":[{"not_picked":["Heel Hook","Concentrate"],"picked":"Bouncing Flask","floor":2},{"not_picked":["Underhanded Strike","Backflip"],"picked":"Well Laid Plans","floor":4},{"not_picked":["Slice","Underhanded Strike"],"picked":"PiercingWail","floor":8},{"not_picked":["Tactician","Escape Plan"],"picked":"Riddle With Holes","floor":11},{"not_picked":["Dagger Throw","Slice"],"picked":"Dagger Spray","floor":12},{"not_picked":["A Thousand Cuts","Storm of Steel"],"picked":"Phantasmal Killer","floor":16},{"not_picked":["Tactician","Prepared"],"picked":"PiercingWail","floor":18},{"not_picked":["Deflect","Dagger Spray+1"],"picked":"Wraith Form v2","floor":21},{"not_picked":["Skewer","Backstab"],"picked":"Burst","floor":24}],"player_experience":890101,"relics_obtained":[{"floor":6,"key":"Mercury Hourglass"},{"floor":9,"key":"Boot"},{"floor":12,"key":"Juzu Bracelet"},{"floor":14,"key":"Gremlin Horn"},{"floor":24,"key":"Bottled Flame"},{"floor":26,"key":"Ancient Tea Set"}],"event_choices":[{"damage_healed":0,"gold_gain":0,"cards_transformed":["Strike_G"],"player_choice":"Transformed","damage_taken":0,"max_hp_gain":0,"max_hp_loss":0,"event_name":"Transmorgrifier","floor":3,"gold_loss":0,"cards_obtained":["Tactician"]},{"damage_healed":0,"gold_gain":0,"player_choice":"0 cards matched","damage_taken":0,"max_hp_gain":0,"max_hp_loss":0,"event_name":"Match and Keep!","floor":5,"gold_loss":0,"cards_obtained":[]},{"damage_healed":0,"gold_gain":0,"player_choice":"Ignored","damage_taken":0,"max_hp_gain":0,"max_hp_loss":0,"event_name":"Shining Light","floor":13,"gold_loss":0},{"damage_healed":0,"gold_gain":0,"player_choice":"Obtain J.A.X.","damage_taken":0,"max_hp_gain":0,"max_hp_loss":0,"event_name":"Drug Dealer","floor":19,"gold_loss":0,"cards_obtained":["J.A.X."]},{"damage_healed":0,"gold_gain":0,"player_choice":"Read","damage_taken":0,"max_hp_gain":0,"max_hp_loss":0,"event_name":"The Library","floor":20,"gold_loss":0,"cards_obtained":["Terror"]},{"damage_healed":0,"gold_gain":0,"player_choice":"Bought 1 Potion","damage_taken":0,"max_hp_gain":0,"max_hp_loss":0,"event_name":"The Woman in Blue","floor":28,"gold_loss":0}],"is_beta":false,"boss_relics":[{"not_picked":["Tiny House","WristBlade"],"picked":"Runic Dome"}],"items_purged_floors":[27],"is_endless":false,"potions_floor_spawned":[2,8,11,12,18,22],"killed_by":"Book of Stabbing","ascension_level":16}