{"gold_per_floor":[364,364,378,10,24,24,44,44,44,73,93,120,191,221,221,295,295,309,309,309,326,345,345,375,375],"floor_reached":25,"playtime":948,"items_purged":[],"score":482,"play_id":"e4377063-df9a-4bc9-8fc8-9aa3ec1e9882","local_time":"20190610180512","is_ascension_mode":true,"campfire_choices":[{"data":"Sunder","floor":6,"key":"SMITH"},{"floor":15,"key":"REST"},{"floor":23,"key":"REST"}],"neow_cost":"TEN_PERCENT_HP_LOSS","seed_source_timestamp":0,"circlet_count":0,"master_deck":["AscendersBane","Strike_B","Strike_B","Strike_B","Strike_B","Defend_B","Defend_B","Defend_B","Zap","Dualcast","Cold Snap","Sunder+1","Glacier","Darkness+1","Electrodynamics","Undo","Glacier","Core Surge","Coolheaded","Chill","Capacitor"],"special_seed":0,"relics":["Cracked Core","Calipers","Regal Pillow","Orichalcum","Omamori","Cursed Key","Bag of Preparation","Ginger"],"potions_floor_usage":[7,14,16,24],"damage_taken":[{"damage":3,"enemies":"2 Louse","floor":1,"turns":2},{"damage":1,"enemies":"Cultist","floor":3,"turns":4},{"damage":2,"enemies":"Jaw Worm","floor":5,"turns":4},{"damage":3,"enemies":"Blue Slaver","floor":7,"turns":2},{"damage":16,"enemies":"3 Sentries","floor":10,"turns":8},{"damage":4,"enemies":"Exordium Thugs","floor":11,"turns":4},{"damage":25,"enemies":"Lagavulin","floor":12,"turns":6},{"damage":8,"enemies":"3 Sentries","floor":14,"turns":3},{"damage":33,"enemies":"Slime Boss","floor":16,"turns":14},{"damage":3,"enemies":"Spheric Guardian","floor":18,"turns":3},{"damage":8,"enemies":"Shell Parasite","floor":21,"turns":10},{"damage":32,"enemies":"Cultist and Chosen","floor":22,"turns":5},{"damage":27,"enemies":"Slavers","floor":24,"turns":4},{"damage":3,"enemies":"Shelled Parasite and Fungi","floor":25,"turns":3}],"seed_played":"-1537817675356520050","potions_obtained":[{"floor":3,"key":"Ancient Potion"},{"floor":10,"key":"Strength Potion"},{"floor":12,"key":"PowerPotion"},{"floor":14,"key":"Weak Potion"},{"floor":18,"key":"Swift Potion"}],"is_trial":false,"path_per_floor":["M","?","M","$","M","R","M","?","T","E","M","E","?","E","R","B",null,"M","?","?","M","M","R","E","M"],"character_chosen":"DEFECT","items_purchased":["Calipers","Fire Potion"],"campfire_rested":2,"item_purchase_floors":[4,4],"current_hp_per_floor":[61,61,60,60,58,58,55,55,55,39,35,10,10,2,36,3,49,46,46,46,38,6,40,13,10],"gold":375,"neow_bonus":"TWO_FIFTY_GOLD","is_prod":false,"is_daily":false,"chose_seed":false,"campfire_upgraded":1,"win_rate":0,"timestamp":1560157512,"path_taken":["M","?","M","$","?","R","M","?","T","E","?","E","?","E","R","BOSS","M","?","?","?","M","R","E","M"],"build_version":"2019-01-23","purchased_purges":0,"victory":false,"max_hp_per_floor":[64,64,64,64,64,64,64,64,64,64,64,64,64,64,64,64,64,64,64,64,64,64,64,64,64],"card_choices":[{"not_picked":["Hologram","Beam Cell"],"picked":"Cold Snap","floor":1},{"not_picked":["Recycle","Barrage"],"picked":"Glacier","floor":3},{"not_picked":["Storm","Coolheaded"],"picked":"Darkness","floor":5},{"not_picked":["Redo","Static Discharge","Sweeping Beam"],"picked":"SKIP","floor":7},{"not_picked":["Doom and Gloom","Melter"],"picked":"Electrodynamics","floor":10},{"not_picked":["Go for the Eyes","Melter","Barrage"],"picked":"SKIP","floor":11},{"not_picked":["Gash","Go for the Eyes"],"picked":"Undo","floor":12},{"not_picked":["Rebound","Barrage"],"picked":"Glacier","floor":14},{"not_picked":["Reboot","Rainbow"],"picked":"Core Surge","floor":16},{"not_picked":["Fusion","Gash","Streamline"],"picked":"SKIP","floor":18},{"not_picked":["Darkness","Conserve Battery"],"picked":"Coolheaded","floor":21},{"not_picked":["Compile Driver","Rebound"],"picked":"Chill","floor":22},{"not_picked":["Recycle","Core Surge"],"picked":"Capacitor","floor":24}],"player_experience":557031,"relics_obtained":[{"floor":10,"key":"Regal Pillow"},{"floor":12,"key":"Orichalcum"},{"floor":14,"key":"Omamori"},{"floor":24,"key":"Ginger"}],"event_choices":[{"damage_healed":0,"gold_gain":0,"player_choice":"1 cards matched","damage_taken":0,"max_hp_gain":0,"max_hp_loss":0,"event_name":"Match and Keep!","floor":2,"gold_loss":0,"cards_obtained":["Sunder"]},{"damage_healed":0,"gold_gain":0,"player_choice":"Forge","damage_taken":0,"max_hp_gain":0,"max_hp_loss":0,"event_name":"Accursed Blacksmith","floor":8,"gold_loss":0,"cards_upgraded":["Darkness"]},{"damage_healed":0,"gold_gain":71,"player_choice":"Gained Gold","damage_taken":0,"max_hp_gain":0,"max_hp_loss":0,"event_name":"Golden Wing","floor":13,"gold_loss":0},{"damage_healed":0,"gold_gain":0,"player_choice":"Opened","damage_taken":0,"relics_obtained":["Bag of Preparation"],"max_hp_gain":0,"max_hp_loss":0,"event_name":"The Mausoleum","floor":19,"gold_loss":0,"cards_obtained":["Writhe"]},{"cards_removed":["Defend_B"],"damage_healed":0,"gold_gain":0,"player_choice":"Purged","damage_taken":0,"max_hp_gain":0,"max_hp_loss":0,"event_name":"Purifier","floor":20,"gold_loss":0}],"is_beta":false,"boss_relics":[{"not_picked":["Eternal Feather","Astrolabe"],"picked":"Cursed Key"}],"items_purged_floors":[],"is_endless":false,"potions_floor_spawned":[3,10,12,14,18],"killed_by":"Shelled Parasite and Fungi","ascension_level":20}