{"gold_per_floor":[118,129,17,92,92,92,92,117,144,121,189,214,261,292,304,392,404,431,413,439,203,218,218,243,243,243,259,259],"floor_reached":28,"playtime":1139,"items_purged":["Strike_R"],"score":492,"play_id":"2adbd84a-b032-4636-8a65-1085ce7d01e2","local_time":"20190622164414","is_ascension_mode":true,"campfire_choices":[{"data":"Inflame","floor":6,"key":"SMITH"},{"data":"Bash","floor":15,"key":"SMITH"},{"floor":23,"key":"REST"},{"data":"Armaments","floor":25,"key":"SMITH"}],"neow_cost":"PERCENT_DAMAGE","seed_source_timestamp":10764870708700,"circlet_count":0,"master_deck":["AscendersBane","Strike_R","Defend_R","Defend_R","Defend_R","Defend_R+1","Bash+1","Feel No Pain","Cleave","Evolve","True Grit","Twin Strike","Inflame+1","Second Wind+1","Inflame","Shrug It Off","Feed","Power Through","Immolate","Sword Boomerang","Dual Wield","Armaments+1"],"relics":["Burning Blood","Ornamental Fan","MawBank","Bronze Scales","Art of War","Runic Pyramid","Happy Flower","Juzu Bracelet","Molten Egg 2"],"potions_floor_usage":[8,11,24,24,28],"damage_taken":[{"damage":7,"enemies":"Cultist","floor":1,"turns":5},{"damage":3,"enemies":"2 Louse","floor":2,"turns":3},{"damage":9,"enemies":"Lagavulin","floor":8,"turns":8},{"damage":4,"enemies":"3 Sentries","floor":11,"turns":7},{"damage":0,"enemies":"Small Slimes","floor":12,"turns":3},{"damage":10,"enemies":"3 Sentries","floor":13,"turns":8},{"damage":5,"enemies":"Looter","floor":14,"turns":5},{"damage":21,"enemies":"Hexaghost","floor":16,"turns":10},{"damage":23,"enemies":"3 Byrds","floor":18,"turns":3},{"damage":27,"enemies":"Shell Parasite","floor":20,"turns":9},{"damage":17,"enemies":"Sentry and Sphere","floor":22,"turns":7},{"damage":15,"enemies":"Gremlin Leader","floor":24,"turns":6},{"damage":24,"enemies":"3 Cultists","floor":27,"turns":4},{"damage":38,"enemies":"Slavers","floor":28,"turns":4}],"seed_played":"5041022840089036619","potions_obtained":[{"floor":1,"key":"Block Potion"},{"floor":2,"key":"Weak Potion"},{"floor":16,"key":"PowerPotion"},{"floor":19,"key":"Energy Potion"},{"floor":27,"key":"Poison Potion"}],"is_trial":false,"path_per_floor":["M","M","$","?","?","R","?","E","T","?","?","M","E","M","R","B",null,"M","?","M","$","M","R","E","R","T","M","E"],"character_chosen":"IRONCLAD","items_purchased":["Twin Strike","Inflame","Happy Flower"],"campfire_rested":1,"item_purchase_floors":[3,3,21],"current_hp_per_floor":[49,52,52,41,41,41,18,15,15,33,35,41,37,41,41,26,65,48,48,30,30,22,47,41,41,41,27,0],"gold":259,"neow_bonus":"TRANSFORM_TWO_CARDS","is_prod":false,"is_daily":false,"chose_seed":false,"campfire_upgraded":3,"win_rate":0,"timestamp":1561189454,"path_taken":["M","?","$","?","?","R","?","E","T","?","?","M","E","M","R","BOSS","M","?","M","$","M","R","E","R","T","M","E"],"build_version":"2019-01-23","purchased_purges":1,"victory":false,"max_hp_per_floor":[75,75,75,75,75,75,75,75,75,75,75,75,75,78,78,78,78,78,78,81,81,84,84,87,87,87,91,91],"card_choices":[{"not_picked":["Burning Pact","Shockwave"],"picked":"Evolve","floor":1},{"not_picked":["Clash","Perfected Strike"],"picked":"True Grit","floor":2},{"not_picked":["Infernal Blade","Reckless Charge"],"picked":"Inflame","floor":8},{"not_picked":["Clash","Second Wind"],"picked":"Shrug It Off","floor":12},{"not_picked":["Inflame","Warcry"],"picked":"Feed","floor":13},{"not_picked":["Headbutt","Flame Barrier"],"picked":"Power Through","floor":14},{"not_picked":["Demon Form","Exhume"],"picked":"Immolate","floor":16},{"not_picked":["Headbutt","Havoc","Iron Wave"],"picked":"SKIP","floor":18},{"not_picked":["Iron Wave+1","Blood for Blood"],"picked":"Sword Boomerang","floor":20},{"not_picked":["Dropkick","Whirlwind"],"picked":"Dual Wield","floor":22},{"not_picked":["Wild Strike+1","Clash"],"picked":"Armaments","floor":24},{"not_picked":["True Grit","Infernal Blade","Shrug It Off"],"picked":"SKIP","floor":27}],"player_experience":745598,"relics_obtained":[{"floor":8,"key":"Ornamental Fan"},{"floor":9,"key":"MawBank"},{"floor":11,"key":"Bronze Scales"},{"floor":13,"key":"Art of War"},{"floor":24,"key":"Juzu Bracelet"},{"floor":26,"key":"Molten Egg 2"}],"event_choices":[{"damage_healed":0,"gold_gain":75,"player_choice":"Gather Gold","damage_taken":11,"max_hp_gain":0,"max_hp_loss":0,"event_name":"World of Goop","floor":4,"gold_loss":0},{"damage_healed":0,"gold_gain":0,"cards_transformed":["Strike_R"],"player_choice":"Change","damage_taken":0,"max_hp_gain":0,"max_hp_loss":0,"event_name":"Living Wall","floor":5,"gold_loss":0,"cards_obtained":["Second Wind"]},{"damage_healed":0,"gold_gain":0,"player_choice":"Entered Light","damage_taken":23,"max_hp_gain":0,"max_hp_loss":0,"event_name":"Shining Light","floor":7,"gold_loss":0,"cards_upgraded":["Defend_R","Second Wind"]},{"damage_healed":18,"gold_gain":0,"player_choice":"Healed","damage_taken":0,"max_hp_gain":0,"max_hp_loss":0,"event_name":"The Cleric","floor":10,"gold_loss":35},{"damage_healed":0,"gold_gain":0,"player_choice":"Searched \u00271\u0027 times","damage_taken":0,"max_hp_gain":0,"max_hp_loss":0,"event_name":"Dead Adventurer","floor":11,"gold_loss":0},{"damage_healed":0,"gold_gain":0,"player_choice":"Bought 2 Potions","damage_taken":0,"max_hp_gain":0,"max_hp_loss":0,"event_name":"The Woman in Blue","floor":19,"gold_loss":0}],"is_beta":false,"boss_relics":[{"not_picked":["Pandora\u0027s Box","Black Star"],"picked":"Runic Pyramid"}],"items_purged_floors":[21],"is_endless":false,"potions_floor_spawned":[1,2,16,20,27],"killed_by":"Slavers","ascension_level":20}