{"gold_per_floor":[117,23,23,36,36,67,80,80,80,106,126,126,153,171,171,243,243,243,243,17,17,17,17,17,17,17,17,17,17,17,17,17,17],"floor_reached":33,"playtime":4098,"items_purged":[],"score":664,"play_id":"b076b4dc-47b6-4cb8-af63-f4617b3380ca","local_time":"20190718123930","is_ascension_mode":true,"campfire_choices":[{"data":"Neutralize","floor":8,"key":"SMITH"},{"data":"Noxious Fumes","floor":12,"key":"SMITH"},{"data":"Backflip","floor":15,"key":"SMITH"},{"data":"Backflip","floor":23,"key":"SMITH"},{"data":"Leg Sweep","floor":25,"key":"SMITH"},{"floor":29,"key":"REST"},{"data":"Backflip","floor":32,"key":"SMITH"}],"neow_cost":"NONE","seed_source_timestamp":605288828474827,"circlet_count":0,"master_deck":["AscendersBane","Strike_G","Strike_G","Strike_G","Strike_G","Strike_G","Defend_G","Defend_G","Defend_G","Defend_G","Defend_G","Survivor","Neutralize+1","Infinite Blades","Masterful Stab+1","Deflect","Calculated Gamble","Dagger Throw","Poisoned Stab","Noxious Fumes+1","Backflip+1","Backflip+1","Corpse Explosion","Backflip+1","PiercingWail","Blur","Leg Sweep+1","Prepared+1","Caltrops","After Image"],"relics":["Ring of the Snake","NeowsBlessing","Sundial","Blood Vial","Question Card","Regal Pillow","Ectoplasm","OrangePellets","PreservedInsect","Smiling Mask","Gremlin Horn"],"potions_floor_usage":[10,11,19,22,24,27,27],"damage_taken":[{"damage":0,"enemies":"Cultist","floor":1,"turns":1},{"damage":0,"enemies":"Small Slimes","floor":4,"turns":1},{"damage":0,"enemies":"Gremlin Nob","floor":6,"turns":1},{"damage":0,"enemies":"Jaw Worm","floor":7,"turns":3},{"damage":19,"enemies":"3 Sentries","floor":10,"turns":7},{"damage":12,"enemies":"Gremlin Gang","floor":11,"turns":5},{"damage":10,"enemies":"Lagavulin","floor":13,"turns":5},{"damage":8,"enemies":"Large Slime","floor":14,"turns":5},{"damage":9,"enemies":"The Guardian","floor":16,"turns":11},{"damage":0,"enemies":"3 Byrds","floor":18,"turns":2},{"damage":0,"enemies":"Spheric Guardian","floor":19,"turns":5},{"damage":10,"enemies":"Snake Plant","floor":21,"turns":4},{"damage":12,"enemies":"Shelled Parasite and Fungi","floor":22,"turns":6},{"damage":19,"enemies":"Gremlin Leader","floor":24,"turns":9},{"damage":8,"enemies":"Slavers","floor":27,"turns":5},{"damage":1,"enemies":"Cultist and Chosen","floor":28,"turns":5},{"damage":1,"enemies":"Centurion and Healer","floor":31,"turns":5},{"damage":34,"enemies":"Champ","floor":33,"turns":14}],"seed_played":"2646947849543469544","potions_obtained":[{"floor":1,"key":"FearPotion"},{"floor":4,"key":"Ancient Potion"},{"floor":10,"key":"Energy Potion"},{"floor":13,"key":"SpeedPotion"},{"floor":16,"key":"Dexterity Potion"},{"floor":21,"key":"Block Potion"},{"floor":22,"key":"LiquidBronze"},{"floor":24,"key":"LiquidBronze"},{"floor":28,"key":"GamblersBrew"}],"is_trial":false,"path_per_floor":["M","$","?","M","$","E","M","R","T","E","M","R","E","M","R","B",null,"M","M","$","M","M","R","E","R","T","E","M","R","?","M","R","B"],"character_chosen":"THE_SILENT","items_purchased":["Masterful Stab","Deflect","OrangePellets"],"campfire_rested":1,"item_purchase_floors":[2,2,20],"current_hp_per_floor":[59,59,59,59,59,59,59,59,59,42,32,32,24,18,18,11,52,54,56,56,48,38,38,21,21,21,15,16,50,50,51,51,19],"gold":17,"neow_bonus":"THREE_ENEMY_KILL","is_prod":false,"is_daily":false,"chose_seed":false,"campfire_upgraded":6,"win_rate":0,"timestamp":1563446370,"path_taken":["M","?","?","M","$","E","M","R","T","E","M","R","E","M","R","BOSS","M","M","$","M","M","R","E","R","T","E","M","R","?","M","R","BOSS"],"build_version":"2019-07-05","purchased_purges":0,"victory":false,"max_hp_per_floor":[66,66,66,66,66,66,66,66,66,66,66,66,66,66,66,66,66,66,66,66,66,66,66,66,66,66,66,66,66,66,66,66,66],"card_choices":[{"not_picked":["Tactician","Acrobatics"],"picked":"Infinite Blades","floor":1},{"not_picked":["Distraction","Reflex"],"picked":"Calculated Gamble","floor":4},{"not_picked":["Acrobatics","Expertise"],"picked":"Dagger Throw","floor":6},{"not_picked":["Infinite Blades","Dodge and Roll"],"picked":"Poisoned Stab","floor":7},{"not_picked":["Unload","Riddle With Holes"],"picked":"Noxious Fumes","floor":10},{"not_picked":["Deadly Poison","Bane","Poisoned Stab"],"picked":"Backflip","floor":11},{"not_picked":["Blade Dance","Heel Hook","Sucker Punch","Cloak And Dagger"],"picked":"SKIP","floor":13},{"not_picked":["Outmaneuver","Quick Slash","Setup"],"picked":"Backflip","floor":14},{"not_picked":["Bullet Time","A Thousand Cuts","Unload"],"picked":"Corpse Explosion","floor":16},{"not_picked":["Dodge and Roll","Quick Slash","Cloak And Dagger"],"picked":"Backflip","floor":18},{"not_picked":["Predator+1","Die Die Die","Crippling Poison"],"picked":"PiercingWail","floor":19},{"not_picked":["Tactician","Underhanded Strike","Prepared","Dagger Spray"],"picked":"SKIP","floor":21},{"not_picked":["Deflect","Outmaneuver","Flying Knee"],"picked":"Blur","floor":22},{"not_picked":["Calculated Gamble","Backstab+1","Finisher"],"picked":"Leg Sweep","floor":24},{"not_picked":["Dodge and Roll","Deflect","Bouncing Flask"],"picked":"Prepared+1","floor":27},{"not_picked":["Deflect","Quick Slash","Deadly Poison"],"picked":"Caltrops","floor":28},{"not_picked":["Cloak And Dagger","Predator","Quick Slash"],"picked":"After Image","floor":31}],"player_experience":1292279,"relics_obtained":[{"floor":6,"key":"Sundial"},{"floor":9,"key":"Blood Vial"},{"floor":10,"key":"Question Card"},{"floor":13,"key":"Regal Pillow"},{"floor":24,"key":"PreservedInsect"},{"floor":27,"key":"Smiling Mask"}],"event_choices":[{"damage_healed":0,"gold_gain":0,"player_choice":"Grow","damage_taken":0,"max_hp_gain":0,"max_hp_loss":0,"event_name":"Living Wall","floor":3,"gold_loss":0,"cards_upgraded":["Masterful Stab"]},{"damage_healed":0,"gold_gain":0,"player_choice":"Gave Potion","damage_taken":0,"relics_obtained":["Gremlin Horn"],"max_hp_gain":0,"max_hp_loss":0,"event_name":"WeMeetAgain","floor":30,"gold_loss":0}],"is_beta":false,"boss_relics":[{"not_picked":["Runic Dome","Calling Bell"],"picked":"Ectoplasm"}],"items_purged_floors":[],"is_endless":false,"potions_floor_spawned":[1,4,10,13,16,21,22,24,28],"killed_by":"Champ","ascension_level":20}