{"gold_per_floor":[110,110,32,52,63,63,77,105,129,139,157,157,184,184,184,259,259,277,277,3,3,3,35,46,80,80,112,112,139,139,150,150,222,222,234,244,254,354,279,279,312,312,312,312,312,312,312,343,343,343,343,343,343,45,71,71],"floor_reached":57,"playtime":2621,"items_purged":["Parasite"],"score":3067,"play_id":"d31c2255-43de-495c-a227-7240cd28d640","local_time":"20190620193354","is_ascension_mode":true,"campfire_choices":[{"data":"Defragment","floor":6,"key":"SMITH"},{"floor":12,"key":"REST"},{"data":"Barrage","floor":15,"key":"SMITH"},{"floor":30,"key":"REST"},{"data":"Consume","floor":32,"key":"SMITH"},{"floor":40,"key":"RECALL"},{"floor":42,"key":"REST"},{"floor":44,"key":"REST"},{"floor":49,"key":"REST"},{"floor":53,"key":"REST"}],"neow_cost":"NONE","seed_source_timestamp":77771482833200,"circlet_count":0,"master_deck":["AscendersBane","Zap","Self Repair+1","Defragment+1","Cold Snap+1","Cold Snap+1","Barrage+1","Electrodynamics","BootSequence","Darkness","Machine Learning","Hello World","Stack","Undo","Leap","Stack","Chill+1","Consume+1","Buffer+1","Echo Form+1","Glacier","Coolheaded+1","Coolheaded","Ball Lightning","Master of Strategy","Apotheosis","Loop+1","Recycle"],"relics":["Inserter","Anchor","Lantern","Bag of Preparation","Pandora\u0027s Box","PreservedInsect","Bottled Tornado","Frozen Egg 2","Whetstone","Juzu Bracelet","Art of War","Spirit Poop","Ancient Tea Set","Fusion Hammer","Ginger","Letter Opener","Regal Pillow","Molten Egg 2","DataDisk","Oddly Smooth Stone"],"potions_floor_usage":[16,16,23,27,56,56],"damage_taken":[{"damage":4,"enemies":"Small Slimes","floor":1,"turns":4},{"damage":14,"enemies":"Jaw Worm","floor":4,"turns":4},{"damage":0,"enemies":"2 Louse","floor":5,"turns":4},{"damage":12,"enemies":"Blue Slaver","floor":7,"turns":6},{"damage":39,"enemies":"3 Sentries","floor":8,"turns":9},{"damage":11,"enemies":"Exordium Thugs","floor":10,"turns":7},{"damage":1,"enemies":"Looter","floor":11,"turns":4},{"damage":12,"enemies":"The Guardian","floor":16,"turns":11},{"damage":11,"enemies":"2 Thieves","floor":18,"turns":4},{"damage":39,"enemies":"Book of Stabbing","floor":23,"turns":5},{"damage":0,"enemies":"Chosen","floor":24,"turns":5},{"damage":1,"enemies":"Gremlin Leader","floor":25,"turns":6},{"damage":11,"enemies":"Slavers","floor":27,"turns":4},{"damage":20,"enemies":"Gremlin Leader","floor":29,"turns":6},{"damage":0,"enemies":"Snake Plant","floor":31,"turns":4},{"damage":0,"enemies":"Automaton","floor":33,"turns":9},{"damage":0,"enemies":"Orb Walker","floor":35,"turns":4},{"damage":0,"enemies":"3 Darklings","floor":36,"turns":8},{"damage":0,"enemies":"Writhing Mass","floor":37,"turns":7},{"damage":30,"enemies":"Mind Bloom Boss Battle","floor":38,"turns":10},{"damage":0,"enemies":"Giant Head","floor":41,"turns":15},{"damage":0,"enemies":"Nemesis","floor":48,"turns":7},{"damage":0,"enemies":"Donu and Deca","floor":50,"turns":12},{"damage":35,"enemies":"Awakened One","floor":51,"turns":16},{"damage":39,"enemies":"Shield and Spear","floor":55,"turns":6},{"damage":61,"enemies":"The Heart","floor":56,"turns":14}],"seed_played":"-4464173760792493450","potions_obtained":[{"floor":4,"key":"FearPotion"},{"floor":5,"key":"Poison Potion"},{"floor":16,"key":"FearPotion"},{"floor":18,"key":"Dexterity Potion"},{"floor":25,"key":"Explosive Potion"},{"floor":31,"key":"Poison Potion"},{"floor":55,"key":"Regen Potion"}],"is_trial":false,"path_per_floor":["M","?","$","M","M","R","M","E","T","M","M","R","T","?","R","B",null,"M","?","$","?","?","E","M","E","T","E","?","E","R","M","R","B",null,"M","M","M","?","?","R","E","R","T","R","?","?","?","E","R","B","B",null,"R","$","E","B",null],"character_chosen":"DEFECT","items_purchased":["Defragment","Bottled Tornado","DataDisk","SkillPotion"],"campfire_rested":6,"item_purchase_floors":[3,20,54,54],"current_hp_per_floor":[60,39,39,35,45,45,43,14,14,13,22,43,43,66,66,64,69,68,68,68,68,48,19,29,38,38,37,37,27,49,59,59,69,74,76,76,76,66,66,66,76,76,76,76,76,66,66,76,76,76,61,72,76,73,54,18],"gold":71,"neow_bonus":"BOSS_RELIC","is_prod":false,"is_daily":false,"chose_seed":false,"campfire_upgraded":3,"win_rate":0,"timestamp":1561026834,"path_taken":["M","?","$","M","M","R","M","E","T","M","M","R","?","?","R","BOSS","M","?","$","?","?","E","M","E","T","E","?","E","R","M","R","BOSS","M","M","M","?","?","R","E","R","T","R","?","?","?","E","R","BOSS","BOSS","R","$","E","BOSS"],"build_version":"2019-01-23","purchased_purges":1,"victory":true,"max_hp_per_floor":[71,71,71,71,71,71,71,71,71,71,71,71,71,71,71,71,71,71,71,71,71,76,76,76,76,76,76,76,76,76,76,76,76,76,76,76,76,76,76,76,76,76,76,76,76,76,76,76,76,76,76,76,76,73,73,73],"card_choices":[{"not_picked":["Stack","Aggregate"],"picked":"Self Repair","floor":1},{"not_picked":["Streamline","Conserve Battery","Stack"],"picked":"SKIP","floor":4},{"not_picked":["Double Energy","Streamline"],"picked":"Cold Snap","floor":5},{"not_picked":["Lockon","Stack","Force Field"],"picked":"SKIP","floor":7},{"not_picked":["Gash","Compile Driver","Conserve Battery"],"picked":"SKIP","floor":8},{"not_picked":["Sweeping Beam","Gash"],"picked":"Cold Snap","floor":10},{"not_picked":["Double Energy","Static Discharge"],"picked":"Barrage","floor":11},{"not_picked":["Fission","All For One"],"picked":"Electrodynamics","floor":16},{"not_picked":["Streamline+1","Scrape","Gash+1"],"picked":"SKIP","floor":18},{"not_picked":["Conserve Battery+1","Tempest+1"],"picked":"Chill+1","floor":23},{"not_picked":["Go for the Eyes","Reprogram+1","Chaos"],"picked":"SKIP","floor":24},{"not_picked":["Steam","Streamline"],"picked":"Consume","floor":25},{"not_picked":["Force Field","Redo"],"picked":"Buffer+1","floor":27},{"not_picked":["Barrage","Skim","Steam"],"picked":"SKIP","floor":29},{"not_picked":["Barrage","Skim","Steam"],"picked":"SKIP","floor":29},{"not_picked":["Beam Cell","Rebound","BootSequence"],"picked":"SKIP","floor":31},{"not_picked":["Meteor Strike","Thunder Strike"],"picked":"Echo Form+1","floor":33},{"not_picked":["Beam Cell","Cold Snap+1"],"picked":"Glacier","floor":35},{"not_picked":["Storm+1","Stack"],"picked":"Coolheaded+1","floor":36},{"not_picked":["Cold Snap","Go for the Eyes"],"picked":"Coolheaded","floor":37},{"not_picked":["Stack+1","Redo"],"picked":"Ball Lightning","floor":41},{"not_picked":["Dark Shackles","Enlightenment"],"picked":"Master of Strategy","floor":46},{"not_picked":["Master of Strategy","The Bomb"],"picked":"Apotheosis","floor":46},{"not_picked":["Rebound","Aggregate"],"picked":"Loop+1","floor":48},{"not_picked":["Coolheaded","Ball Lightning+1"],"picked":"Recycle","floor":55}],"player_experience":715621,"relics_obtained":[{"floor":8,"key":"Anchor"},{"floor":9,"key":"Lantern"},{"floor":13,"key":"Bag of Preparation"},{"floor":23,"key":"Whetstone"},{"floor":25,"key":"Juzu Bracelet"},{"floor":27,"key":"Art of War"},{"floor":29,"key":"Ancient Tea Set"},{"floor":38,"key":"Ginger"},{"floor":41,"key":"Letter Opener"},{"floor":43,"key":"Regal Pillow"},{"floor":48,"key":"Molten Egg 2"},{"floor":55,"key":"Oddly Smooth Stone"}],"event_choices":[{"damage_healed":0,"gold_gain":0,"player_choice":"Entered Light","damage_taken":21,"max_hp_gain":0,"max_hp_loss":0,"event_name":"Shining Light","floor":2,"gold_loss":0,"cards_upgraded":["Self Repair","Strike_B"]},{"damage_healed":23,"gold_gain":0,"player_choice":"Banana","damage_taken":0,"max_hp_gain":0,"max_hp_loss":0,"event_name":"Big Fish","floor":14,"gold_loss":0},{"damage_healed":0,"gold_gain":0,"player_choice":"Opened","damage_taken":0,"relics_obtained":["PreservedInsect"],"max_hp_gain":0,"max_hp_loss":0,"event_name":"The Mausoleum","floor":19,"gold_loss":0,"cards_obtained":["Writhe"]},{"damage_healed":0,"gold_gain":0,"player_choice":"Stole Relic","damage_taken":0,"relics_obtained":["Frozen Egg 2"],"max_hp_gain":0,"max_hp_loss":0,"event_name":"Addict","floor":21,"gold_loss":0,"cards_obtained":["Shame"]},{"damage_healed":0,"gold_gain":0,"player_choice":"Shed Blood","damage_taken":25,"max_hp_gain":5,"max_hp_loss":0,"event_name":"Forgotten Altar","floor":22,"gold_loss":0},{"cards_removed":["Writhe"],"damage_healed":0,"gold_gain":0,"player_choice":"Offered Curse","damage_taken":0,"relics_obtained":["Spirit Poop"],"max_hp_gain":0,"max_hp_loss":0,"event_name":"Bonfire Elementals","floor":28,"gold_loss":0},{"damage_healed":0,"gold_gain":0,"player_choice":"Fight","damage_taken":0,"max_hp_gain":0,"max_hp_loss":0,"event_name":"MindBloom","floor":38,"gold_loss":0},{"cards_removed":["Shame"],"damage_healed":0,"gold_gain":0,"player_choice":"Single Remove","damage_taken":0,"max_hp_gain":0,"max_hp_loss":0,"event_name":"Designer","floor":39,"gold_loss":75},{"damage_healed":0,"gold_gain":0,"player_choice":"Ignored","damage_taken":0,"max_hp_gain":0,"max_hp_loss":0,"event_name":"Tomb of Lord Red Mask","floor":45,"gold_loss":0},{"damage_healed":0,"gold_gain":0,"player_choice":"Memory 3","damage_taken":10,"max_hp_gain":0,"max_hp_loss":0,"event_name":"SensoryStone","floor":46,"gold_loss":0},{"cards_removed":["Dualcast"],"damage_healed":0,"gold_gain":0,"player_choice":"Removed Skill","damage_taken":0,"max_hp_gain":0,"max_hp_loss":0,"event_name":"Falling","floor":47,"gold_loss":0}],"is_beta":false,"boss_relics":[{"not_picked":["Calling Bell","Eternal Feather"],"picked":"Pandora\u0027s Box"},{"not_picked":["Black Star","Orrery"],"picked":"Fusion Hammer"}],"items_purged_floors":[54],"is_endless":false,"potions_floor_spawned":[4,5,7,16,18,25,31,35,55],"ascension_level":20}