{"gold_per_floor":[113,113,113,113,113,113,127,152,152,166,166,200,200,213,213,284,284,299,299,316,335,335,335,366,366],"floor_reached":25,"playtime":782,"items_purged":[],"score":418,"play_id":"e1a68425-88ba-4f30-a6b9-29e76607aa15","local_time":"20190722200444","is_ascension_mode":true,"campfire_choices":[{"floor":6.0,"key":"REST"},{"data":"Noxious Fumes","floor":11.0,"key":"SMITH"},{"data":"Predator","floor":13.0,"key":"SMITH"},{"data":"Neutralize","floor":15.0,"key":"SMITH"},{"data":"Reflex","floor":23.0,"key":"SMITH"}],"neow_cost":"TEN_PERCENT_HP_LOSS","seed_source_timestamp":275393642039500,"circlet_count":0,"master_deck":["AscendersBane","Survivor+1","Neutralize+1","Well Laid Plans","Flying Knee","Predator+1","Noxious Fumes+1","Backstab","Deadly Poison","Tactician","Adrenaline","Noxious Fumes","Endless Agony","Prepared","Terror","Tactician","Envenom","Escape Plan","Crippling Poison","Deflect","Escape Plan","Reflex+1"],"special_seed":0,"relics":["Ring of the Snake","StoneCalendar","Meat on the Bone","Omamori","Letter Opener","Question Card","Pandora\u0027s Box","Red Mask"],"potions_floor_usage":[25,25],"damage_taken":[{"damage":24.0,"enemies":"Jaw Worm","floor":1.0,"turns":7.0},{"damage":0.0,"enemies":"Small Slimes","floor":7.0,"turns":3.0},{"damage":20.0,"enemies":"3 Sentries","floor":8.0,"turns":7.0},{"damage":0.0,"enemies":"2 Louse","floor":10.0,"turns":3.0},{"damage":30.0,"enemies":"Gremlin Nob","floor":12.0,"turns":4.0},{"damage":0.0,"enemies":"Red Slaver","floor":14.0,"turns":3.0},{"damage":7.0,"enemies":"Slime Boss","floor":16.0,"turns":7.0},{"damage":0.0,"enemies":"3 Byrds","floor":18.0,"turns":3.0},{"damage":12.0,"enemies":"Chosen","floor":20.0,"turns":4.0},{"damage":8.0,"enemies":"Centurion and Healer","floor":21.0,"turns":6.0},{"damage":20.0,"enemies":"Masked Bandits","floor":24.0,"turns":3.0},{"damage":15,"enemies":"Book of Stabbing","floor":25,"turns":3}],"seed_played":"6436460105602648225","potions_obtained":[{"floor":1.0,"key":"Poison Potion"},{"floor":12.0,"key":"Swift Potion"},{"floor":16.0,"key":"AttackPotion"},{"floor":21.0,"key":"AttackPotion"},{"floor":24.0,"key":"Poison Potion"}],"is_trial":false,"path_per_floor":["M","?","?","?","?","R","M","E","T","M","R","E","R","M","R","B",null,"M","?","M","M","?","R","?","E"],"character_chosen":"THE_SILENT","items_purchased":[],"campfire_rested":1,"item_purchase_floors":[],"current_hp_per_floor":[35,35,17,12,12,30,42,34,34,34,34,16,16,28,28,33,53,53,53,41,33,33,33,25,10],"gold":366,"neow_bonus":"ONE_RARE_RELIC","is_prod":false,"is_daily":false,"chose_seed":false,"campfire_upgraded":4,"win_rate":0,"timestamp":1563793484,"path_taken":["M","?","?","?","?","R","M","E","T","M","R","E","R","M","R","BOSS","M","?","M","?","?","R","?","E"],"build_version":"2019-07-17","purchased_purges":0,"victory":false,"max_hp_per_floor":[60,60,60,60,60,60,60,60,60,60,60,60,60,60,60,60,60,60,60,60,60,60,60,60,60],"card_choices":[{"not_picked":["Infinite Blades","Blade Dance"],"picked":"Well Laid Plans","floor":1.0},{"not_picked":["Bane","Dagger Throw"],"picked":"Predator","floor":7.0},{"not_picked":["Dodge and Roll","Sucker Punch"],"picked":"Noxious Fumes","floor":8.0},{"not_picked":["Backflip","Slice"],"picked":"Backstab","floor":10.0},{"not_picked":["Flying Knee","Flechettes"],"picked":"Deadly Poison","floor":12.0},{"not_picked":["Finisher","PiercingWail","Backflip"],"picked":"Tactician","floor":14.0},{"not_picked":["Bullet Time","Die Die Die","Storm of Steel"],"picked":"Adrenaline","floor":16.0},{"not_picked":["Blade Dance+1","Quick Slash","Deadly Poison","Cloak And Dagger"],"picked":"SKIP","floor":18.0},{"not_picked":["Blur","Cloak And Dagger","All Out Attack"],"picked":"Escape Plan","floor":20.0},{"not_picked":["Prepared","Slice","Bane+1"],"picked":"Reflex","floor":21.0}],"player_experience":1139371,"relics_obtained":[{"floor":8.0,"key":"Omamori"},{"floor":9.0,"key":"Letter Opener"},{"floor":12.0,"key":"Question Card"},{"floor":24.0,"key":"Red Mask"}],"event_choices":[{"damage_healed":0.0,"max_hp_gain":0.0,"max_hp_loss":0.0,"gold_gain":0.0,"cards_transformed":["Strike_G"],"event_name":"Living Wall","player_choice":"Change","floor":2.0,"gold_loss":0.0,"damage_taken":0.0,"cards_obtained":["Flying Knee"]},{"damage_healed":0.0,"max_hp_gain":0.0,"max_hp_loss":0.0,"gold_gain":0.0,"event_name":"Shining Light","player_choice":"Entered Light","floor":3.0,"gold_loss":0.0,"damage_taken":18.0,"cards_upgraded":["Strike_G","Survivor"]},{"damage_healed":0.0,"max_hp_gain":0.0,"max_hp_loss":0.0,"gold_gain":0.0,"event_name":"Scrap Ooze","player_choice":"Success","floor":4.0,"gold_loss":0.0,"damage_taken":5.0,"relics_obtained":["Meat on the Bone"]},{"damage_healed":0.0,"max_hp_gain":0.0,"max_hp_loss":0.0,"gold_gain":0.0,"event_name":"Liars Game","player_choice":"Ignored","floor":5.0,"gold_loss":0.0,"damage_taken":0.0},{"damage_healed":0.0,"max_hp_gain":0.0,"max_hp_loss":0.0,"gold_gain":0.0,"cards_transformed":["Distraction"],"event_name":"Transmorgrifier","player_choice":"Transformed","floor":19.0,"gold_loss":0.0,"damage_taken":0.0,"cards_obtained":["Deflect"]},{"damage_healed":0.0,"max_hp_gain":0.0,"max_hp_loss":0.0,"gold_gain":0.0,"event_name":"Vampires","player_choice":"Ignored","floor":22.0,"gold_loss":0.0,"damage_taken":0.0},{"damage_healed":0.0,"max_hp_gain":0.0,"max_hp_loss":0.0,"gold_gain":0.0,"event_name":"Masked Bandits","player_choice":"Fought Bandits","floor":24.0,"gold_loss":0.0,"damage_taken":0.0}],"is_beta":false,"boss_relics":[{"not_picked":["Snecko Eye","Ring of the Serpent"],"picked":"Pandora\u0027s Box"}],"items_purged_floors":[],"is_endless":false,"potions_floor_spawned":[1,12,16,20,21,24],"killed_by":"Book of Stabbing","ascension_level":20}