{"gold_per_floor":[20,37,50,64,64,64,92,118,118,128,146,211,236,252,252,326,326,345,361,0,0,17,46,46,62,85,110,124,138,138,63,63,137,137,152,168,168,188,188],"floor_reached":39,"playtime":1273,"items_purged":["Strike_R"],"score":949,"play_id":"f2ba66ce-0d00-4c6f-9c80-7141e0866a77","local_time":"20190613205832","is_ascension_mode":true,"campfire_choices":[{"data":"Bludgeon","floor":6,"key":"SMITH"},{"floor":15,"key":"REST"},{"floor":24,"key":"REST"},{"floor":30,"key":"REST"},{"data":"True Grit","floor":32,"key":"SMITH"}],"neow_cost":"NO_GOLD","seed_source_timestamp":20846330053900,"circlet_count":0,"master_deck":["AscendersBane","Strike_R","Strike_R","Strike_R","Strike_R+1","Defend_R","Defend_R","Defend_R","Defend_R","Bash","Bludgeon+1","True Grit+1","Rampage+1","Feed","Inflame","Metallicize","Demon Form","Impervious","Heavy Blade+1","Evolve","Disarm","Feel No Pain","Armaments+1","Seeing Red","Body Slam+1","Twin Strike+1","Barricade","Offering","Sentinel","Heavy Blade+1","Second Wind"],"relics":["Burning Blood","Odd Mushroom","Whetstone","Mercury Hourglass","Molten Egg 2","Philosopher\u0027s Stone","Lantern","Regal Pillow","Bag of Marbles","Art of War","Vajra","Fusion Hammer"],"potions_floor_usage":[8,11,11,16,22,27,38],"damage_taken":[{"damage":1,"enemies":"Cultist","floor":1,"turns":3},{"damage":0,"enemies":"Jaw Worm","floor":2,"turns":5},{"damage":2,"enemies":"Small Slimes","floor":3,"turns":3},{"damage":14,"enemies":"3 Louse","floor":4,"turns":4},{"damage":46,"enemies":"The Mushroom Lair","floor":7,"turns":5},{"damage":8,"enemies":"Gremlin Nob","floor":8,"turns":3},{"damage":26,"enemies":"Exordium Thugs","floor":10,"turns":4},{"damage":0,"enemies":"Large Slime","floor":11,"turns":5},{"damage":14,"enemies":"3 Sentries","floor":13,"turns":4},{"damage":3,"enemies":"Blue Slaver","floor":14,"turns":2},{"damage":30,"enemies":"The Guardian","floor":16,"turns":13},{"damage":27,"enemies":"Shell Parasite","floor":18,"turns":4},{"damage":8,"enemies":"Chosen","floor":19,"turns":5},{"damage":12,"enemies":"Centurion and Healer","floor":22,"turns":6},{"damage":41,"enemies":"Gremlin Leader","floor":23,"turns":7},{"damage":11,"enemies":"Chosen and Byrds","floor":25,"turns":7},{"damage":33,"enemies":"Book of Stabbing","floor":27,"turns":6},{"damage":22,"enemies":"Snake Plant","floor":28,"turns":5},{"damage":5,"enemies":"Centurion and Healer","floor":29,"turns":5},{"damage":13,"enemies":"Champ","floor":33,"turns":12},{"damage":20,"enemies":"Orb Walker","floor":35,"turns":4},{"damage":6,"enemies":"3 Shapes","floor":36,"turns":3},{"damage":59,"enemies":"Writhing Mass","floor":38,"turns":4},{"damage":30,"enemies":"3 Darklings","floor":39,"turns":5}],"seed_played":"-7390936287728648304","potions_obtained":[{"floor":2,"key":"SteroidPotion"},{"floor":3,"key":"SpeedPotion"},{"floor":7,"key":"AttackPotion"},{"floor":10,"key":"Strength Potion"},{"floor":14,"key":"BloodPotion"},{"floor":19,"key":"BloodPotion"},{"floor":23,"key":"Weak Potion"},{"floor":28,"key":"LiquidBronze"},{"floor":35,"key":"BloodPotion"}],"is_trial":false,"path_per_floor":["M","M","M","M","?","R","?","E","T","M","M","?","E","M","R","B",null,"M","M","$","?","M","E","R","M","T","E","M","M","R","?","R","B",null,"M","M","?","M","M"],"character_chosen":"IRONCLAD","items_purchased":["Evolve","Disarm","Lantern"],"campfire_rested":3,"item_purchase_floors":[20,20,20],"current_hp_per_floor":[73,75,75,67,67,67,30,28,28,11,20,20,15,18,44,28,72,51,49,49,49,54,19,61,56,56,29,13,14,56,56,56,49,80,69,73,73,29,0],"gold":188,"neow_bonus":"THREE_RARE_CARDS","is_prod":false,"is_daily":false,"chose_seed":false,"campfire_upgraded":2,"win_rate":0,"timestamp":1560427112,"path_taken":["M","M","M","?","?","R","?","E","T","M","M","?","E","M","R","BOSS","M","M","$","?","M","E","R","M","T","E","M","M","R","?","R","BOSS","M","M","?","M","M"],"build_version":"2019-01-23","purchased_purges":1,"victory":false,"max_hp_per_floor":[75,75,75,75,75,75,78,78,78,81,84,84,87,87,87,87,87,87,87,87,87,90,90,90,90,90,90,90,90,90,90,90,90,90,93,97,97,97,97],"card_choices":[{"not_picked":["Exhume","Brutality"],"picked":"Bludgeon","floor":0},{"not_picked":["Body Slam","Rage"],"picked":"True Grit","floor":1},{"not_picked":["Body Slam","Reckless Charge","Cleave"],"picked":"SKIP","floor":2},{"not_picked":["Ghostly Armor","Searing Blow"],"picked":"Rampage","floor":3},{"not_picked":["Armaments","Sword Boomerang"],"picked":"Feed","floor":4},{"not_picked":["Cleave","Intimidate"],"picked":"Inflame","floor":8},{"not_picked":["Perfected Strike","Anger","Power Through"],"picked":"SKIP","floor":10},{"not_picked":["Wild Strike","Thunderclap"],"picked":"Metallicize","floor":11},{"not_picked":["Fire Breathing","Twin Strike"],"picked":"Demon Form","floor":13},{"not_picked":["Spot Weakness","Power Through","Twin Strike+1"],"picked":"SKIP","floor":14},{"not_picked":["Spot Weakness","Power Through","Twin Strike+1"],"picked":"SKIP","floor":14},{"not_picked":["Limit Break","Double Tap"],"picked":"Impervious","floor":16},{"not_picked":["Pommel Strike+1","Reckless Charge+1"],"picked":"Heavy Blade+1","floor":18},{"not_picked":["Thunderclap+1","Sentinel","Cleave+1"],"picked":"SKIP","floor":19},{"not_picked":["Combust","Metallicize"],"picked":"Feel No Pain","floor":22},{"not_picked":["Carnage+1","Cleave+1"],"picked":"Armaments+1","floor":23},{"not_picked":["Thunderclap+1","Dual Wield"],"picked":"Seeing Red","floor":25},{"not_picked":["Pommel Strike+1","Headbutt+1"],"picked":"Body Slam+1","floor":27},{"not_picked":["Perfected Strike+1","Warcry"],"picked":"Twin Strike+1","floor":28},{"not_picked":["Havoc","Wild Strike+1"],"picked":"Barricade","floor":29},{"not_picked":["Double Tap","Brutality"],"picked":"Offering","floor":33},{"not_picked":["Rupture","Perfected Strike+1"],"picked":"Sentinel","floor":35},{"not_picked":["Dropkick+1","Body Slam+1"],"picked":"Heavy Blade+1","floor":36},{"not_picked":["Flex","Anger+1"],"picked":"Second Wind","floor":38}],"player_experience":644104,"relics_obtained":[{"floor":7,"key":"Odd Mushroom"},{"floor":8,"key":"Whetstone"},{"floor":9,"key":"Mercury Hourglass"},{"floor":13,"key":"Molten Egg 2"},{"floor":23,"key":"Bag of Marbles"},{"floor":26,"key":"Art of War"},{"floor":27,"key":"Vajra"}],"event_choices":[{"damage_healed":0,"gold_gain":0,"player_choice":"Ignored","damage_taken":0,"max_hp_gain":0,"max_hp_loss":0,"event_name":"Liars Game","floor":5,"gold_loss":0},{"damage_healed":0,"gold_gain":0,"player_choice":"Fought Mushrooms","damage_taken":0,"max_hp_gain":0,"max_hp_loss":0,"event_name":"Mushrooms","floor":7,"gold_loss":0},{"damage_healed":0,"gold_gain":65,"player_choice":"Gained Gold","damage_taken":0,"max_hp_gain":0,"max_hp_loss":0,"event_name":"Golden Wing","floor":12,"gold_loss":0},{"damage_healed":0,"gold_gain":0,"player_choice":"Stole Relic","damage_taken":0,"relics_obtained":["Regal Pillow"],"max_hp_gain":0,"max_hp_loss":0,"event_name":"Addict","floor":21,"gold_loss":0,"cards_obtained":["Shame"]},{"cards_removed":["Shame"],"damage_healed":0,"gold_gain":0,"player_choice":"Gave Gold","damage_taken":0,"max_hp_gain":0,"max_hp_loss":0,"event_name":"Beggar","floor":31,"gold_loss":75},{"damage_healed":0,"gold_gain":0,"player_choice":"Ignored","damage_taken":0,"max_hp_gain":0,"max_hp_loss":0,"event_name":"Tomb of Lord Red Mask","floor":37,"gold_loss":0}],"is_beta":false,"boss_relics":[{"not_picked":["Velvet Choker","Runic Pyramid"],"picked":"Philosopher\u0027s Stone"},{"not_picked":["Eternal Feather","Black Blood"],"picked":"Fusion Hammer"}],"items_purged_floors":[20],"is_endless":false,"potions_floor_spawned":[2,3,7,10,14,19,23,28,35],"killed_by":"3 Darklings","ascension_level":20}