{"gold_per_floor":[111,111,136,160,61,61,76,119,143,155,185,197,209,221,233,338,350,383,26,40,64,64,107,107],"floor_reached":24,"playtime":678,"items_purged":["Strike_B"],"score":432,"play_id":"9a23f486-91e3-4077-9e42-007c9f586c8a","local_time":"20190612151120","is_ascension_mode":true,"campfire_choices":[{"data":"Electrodynamics","floor":6,"key":"SMITH"},{"floor":10,"key":"REST"},{"floor":12,"key":"REST"},{"data":"Barrage","floor":15,"key":"SMITH"}],"neow_cost":"PERCENT_DAMAGE","seed_source_timestamp":350227340601800,"circlet_count":0,"master_deck":["AscendersBane","Strike_B","Strike_B","Strike_B","Defend_B","Defend_B","Defend_B","Defend_B","Zap","Dualcast","Electrodynamics","Barrage+1","Electrodynamics+1","Turbo","Chill","Auto Shields","Decay","Echo Form","BootSequence+1","Rainbow","Loop","Injury"],"relics":["Cracked Core","Golden Idol","DataDisk","MawBank","Inserter","Runic Capacitor","Smiling Mask"],"potions_floor_usage":[8,16,23,23],"damage_taken":[{"damage":0,"enemies":"2 Louse","floor":1,"turns":2},{"damage":5,"enemies":"Small Slimes","floor":3,"turns":2},{"damage":1,"enemies":"Cultist","floor":4,"turns":3},{"damage":0,"enemies":"2 Fungi Beasts","floor":7,"turns":2},{"damage":25,"enemies":"Lagavulin","floor":8,"turns":6},{"damage":14,"enemies":"Red Slaver","floor":11,"turns":2},{"damage":8,"enemies":"The Guardian","floor":16,"turns":11},{"damage":21,"enemies":"Spheric Guardian","floor":18,"turns":4},{"damage":19,"enemies":"2 Thieves","floor":20,"turns":3},{"damage":6,"enemies":"Centurion and Healer","floor":21,"turns":7},{"damage":5,"enemies":"Slavers","floor":23,"turns":2},{"damage":0,"enemies":"Shelled Parasite and Fungi","floor":24,"turns":1}],"seed_played":"8363815762813206734","potions_obtained":[{"floor":3,"key":"FocusPotion"},{"floor":7,"key":"Poison Potion"},{"floor":8,"key":"Energy Potion"},{"floor":18,"key":"Explosive Potion"}],"is_trial":false,"path_per_floor":["M","?","M","M","$","R","M","E","T","R","M","R","?","$","R","B",null,"M","$","M","M","?","E","M"],"character_chosen":"DEFECT","items_purchased":["Turbo","Runic Capacitor","Rainbow"],"campfire_rested":2,"item_purchase_floors":[5,19,19],"current_hp_per_floor":[46,46,41,40,40,40,40,15,15,34,20,39,39,39,39,31,56,35,35,16,10,10,5,5],"gold":107,"neow_bonus":"THREE_RARE_CARDS","is_prod":false,"is_daily":false,"chose_seed":false,"campfire_upgraded":2,"win_rate":0,"timestamp":1560319880,"path_taken":["M","?","M","M","$","R","M","E","T","R","M","R","?","$","R","BOSS","M","$","?","M","?","E","M"],"build_version":"2019-01-23","purchased_purges":1,"victory":false,"max_hp_per_floor":[71,64,64,64,64,64,64,64,64,64,64,64,64,64,64,64,64,64,64,64,64,64,64,64],"card_choices":[{"not_picked":["Echo Form","Multi-Cast"],"picked":"Electrodynamics","floor":0},{"not_picked":["Streamline","Steam"],"picked":"Barrage","floor":1},{"not_picked":["White Noise","Cold Snap"],"picked":"Electrodynamics","floor":3},{"not_picked":["Streamline","Conserve Battery","Redo"],"picked":"SKIP","floor":4},{"not_picked":["Gash","Auto Shields","Thunder Strike"],"picked":"SKIP","floor":7},{"not_picked":["Rebound","Aggregate"],"picked":"Chill","floor":8},{"not_picked":["Beam Cell","Turbo"],"picked":"Auto Shields","floor":11},{"not_picked":["Buffer","Core Surge"],"picked":"Echo Form","floor":16},{"not_picked":["Go for the Eyes","Melter"],"picked":"BootSequence+1","floor":18},{"not_picked":["Redo","Lockon","Compile Driver"],"picked":"SKIP","floor":20},{"not_picked":["Melter","Turbo"],"picked":"Loop","floor":21},{"not_picked":["Sweeping Beam","Aggregate","Capacitor"],"picked":"SKIP","floor":23}],"player_experience":608657,"relics_obtained":[{"floor":8,"key":"DataDisk"},{"floor":9,"key":"MawBank"},{"floor":23,"key":"Smiling Mask"}],"event_choices":[{"damage_healed":0,"gold_gain":0,"player_choice":"Lose Max HP","damage_taken":0,"relics_obtained":["Golden Idol"],"max_hp_gain":0,"max_hp_loss":7,"event_name":"Golden Idol","floor":2,"gold_loss":0},{"damage_healed":0,"gold_gain":0,"player_choice":"Cursed","damage_taken":0,"max_hp_gain":0,"max_hp_loss":0,"event_name":"Wheel of Change","floor":13,"gold_loss":0,"cards_obtained":["Decay"]},{"damage_healed":0,"gold_gain":0,"player_choice":"1 cards matched","damage_taken":0,"max_hp_gain":0,"max_hp_loss":0,"event_name":"Match and Keep!","floor":22,"gold_loss":0,"cards_obtained":["Injury"]}],"is_beta":false,"boss_relics":[{"not_picked":["Cursed Key","Calling Bell"],"picked":"Inserter"}],"items_purged_floors":[5],"is_endless":false,"potions_floor_spawned":[3,7,8,11,18,21],"killed_by":"Shelled Parasite and Fungi","ascension_level":20}