{"gold_per_floor":[109,109,120,44,68,68,93,93,120,147,185,197,227,253,265,351,363,393,422,32,51,51,51,51,77,77,77,95,95,58,87,87,160,160,179,179,0,18,118,147,147,0,0,11,11,11,11,11,11,11,11,11,11,11,44,44],"floor_reached":57,"playtime":2423,"items_purged":["Strike_B","Strike_B"],"score":2898,"play_id":"be75eb44-ec33-4c9b-977c-5795879cb2b7","local_time":"20190613202821","is_ascension_mode":true,"campfire_choices":[{"data":"Sunder","floor":6.0,"key":"SMITH"},{"data":"Loop","floor":8.0,"key":"SMITH"},{"data":"Barrage","floor":12.0,"key":"SMITH"},{"data":"Dualcast","floor":15.0,"key":"SMITH"},{"data":"Defragment","floor":23.0,"key":"SMITH"},{"data":"Biased Cognition","floor":27.0,"key":"SMITH"},{"data":"Zap","floor":29.0,"key":"SMITH"},{"data":"Capacitor","floor":32.0,"key":"SMITH"},{"data":"Defragment","floor":41.0,"key":"SMITH"},{"floor":47.0,"key":"RECALL"},{"floor":49.0,"key":"REST"},{"data":"White Noise","floor":53.0,"key":"SMITH"}],"neow_cost":"NONE","seed_source_timestamp":17505778168699,"circlet_count":0,"master_deck":["AscendersBane","Strike_B","Defend_B+1","Defend_B","Defend_B+1","Defend_B","Zap+1","Dualcast+1","Barrage+1","Sunder+1","Loop+1","White Noise+1","Cold Snap","Biased Cognition+1","Storm+1","Defragment+1","Hologram+1","Coolheaded+1","Ghostly+1","Ghostly+1","Ghostly+1","Turbo+1","Capacitor+1","Heatsinks","Amplify+1","Madness+1","Madness+1","Turbo+1","Defragment+1","Coolheaded+1","PanicButton+1","Deep Breath+1","Conserve Battery+1"],"special_seed":0,"relics":["Cracked Core","NeowsBlessing","War Paint","Meat on the Bone","MawBank","PreservedInsect","Runic Pyramid","Toxic Egg 2","Potion Belt","Symbiotic Virus","Bottled Lightning","White Beast Statue","WingedGreaves","Molten Egg 2","Red Mask","Boot"],"potions_floor_usage":[56,56],"damage_taken":[{"damage":0.0,"enemies":"2 Louse","floor":1.0,"turns":1.0},{"damage":0.0,"enemies":"Cultist","floor":3.0,"turns":1.0},{"damage":0.0,"enemies":"Lagavulin","floor":7.0,"turns":1.0},{"damage":2.0,"enemies":"Jaw Worm","floor":10.0,"turns":4.0},{"damage":11.0,"enemies":"Gremlin Nob","floor":11.0,"turns":3.0},{"damage":0.0,"enemies":"Large Slime","floor":13.0,"turns":6.0},{"damage":3.0,"enemies":"Blue Slaver","floor":14.0,"turns":3.0},{"damage":8.0,"enemies":"The Guardian","floor":16.0,"turns":9.0},{"damage":0.0,"enemies":"Chosen","floor":18.0,"turns":5.0},{"damage":15.0,"enemies":"2 Thieves","floor":19.0,"turns":3.0},{"damage":2.0,"enemies":"Snecko","floor":21.0,"turns":6.0},{"damage":0.0,"enemies":"Gremlin Leader","floor":25.0,"turns":3.0},{"damage":0.0,"enemies":"3 Cultists","floor":28.0,"turns":4.0},{"damage":4.0,"enemies":"Book of Stabbing","floor":31.0,"turns":4.0},{"damage":0.0,"enemies":"Collector","floor":33.0,"turns":7.0},{"damage":1.0,"enemies":"Orb Walker","floor":35.0,"turns":2.0},{"damage":2.0,"enemies":"3 Darklings","floor":38.0,"turns":3.0},{"damage":0.0,"enemies":"Mind Bloom Boss Battle","floor":39.0,"turns":4.0},{"damage":1.0,"enemies":"Giant Head","floor":40.0,"turns":5.0},{"damage":0.0,"enemies":"Transient","floor":44.0,"turns":6.0},{"damage":0.0,"enemies":"Time Eater","floor":50.0,"turns":10.0},{"damage":10.0,"enemies":"Awakened One","floor":51.0,"turns":17.0},{"damage":20.0,"enemies":"Shield and Spear","floor":55.0,"turns":6.0},{"damage":9,"enemies":"The Heart","floor":56,"turns":13}],"seed_played":"-8792096332812249030","potions_obtained":[{"floor":3.0,"key":"Swift Potion"},{"floor":13.0,"key":"Energy Potion"},{"floor":16.0,"key":"EssenceOfSteel"},{"floor":24.0,"key":"Fruit Juice"},{"floor":24.0,"key":"PowerPotion"},{"floor":25.0,"key":"SkillPotion"},{"floor":31.0,"key":"SmokeBomb"},{"floor":35.0,"key":"Strength Potion"},{"floor":38.0,"key":"Ancient Potion"},{"floor":40.0,"key":"Ancient Potion"},{"floor":55.0,"key":"Dexterity Potion"}],"is_trial":false,"path_per_floor":["M","?","M","$","T","R","E","R","T","M","E","R","M","M","R","B",null,"M","M","$","M","?","R","?","E","T","R","M","R","$","E","R","B",null,"M","?","$","M","?","E","R","?","T","M","$","?","R","?","R","B","B",null,"R","$","E","B",null],"character_chosen":"DEFECT","items_purchased":["Sunder","Toxic Egg 2","Hologram+1","Capacitor","FocusPotion"],"campfire_rested":1,"item_purchase_floors":[4,20,20,30,37],"current_hp_per_floor":[64,64,64,64,64,64,64,64,64,62,51,51,51,48,48,40,63,63,48,48,46,35,35,40,40,40,40,40,40,40,36,36,36,39,38,31,31,29,29,28,28,28,28,28,28,28,28,18,30,30,32,38,38,38,30,21],"gold":44,"neow_bonus":"THREE_ENEMY_KILL","is_prod":false,"is_daily":false,"chose_seed":false,"campfire_upgraded":10,"win_rate":0,"timestamp":1560425301,"path_taken":["M","?","?","?","?","R","E","R","T","M","E","R","M","?","R","BOSS","M","M","$","M","?","R","?","E","T","R","M","R","$","E","R","BOSS","M","?","$","M","?","E","R","?","T","?","?","?","R","?","R","BOSS","BOSS","R","$","E","BOSS"],"build_version":"2019-01-23","purchased_purges":2,"victory":true,"max_hp_per_floor":[71,71,71,71,71,71,71,71,71,71,71,71,71,71,71,71,71,71,71,71,71,35,35,40,40,40,40,40,40,40,40,40,40,40,40,40,40,40,40,40,40,40,40,40,40,40,40,40,40,40,40,40,40,40,40,40],"card_choices":[{"not_picked":["Compile Driver","Fusion","Gash"],"picked":"SKIP","floor":1.0},{"not_picked":["Redo","Skim"],"picked":"Barrage","floor":3.0},{"not_picked":["BootSequence","Streamline"],"picked":"Loop","floor":7.0},{"not_picked":["Thunder Strike","Leap","Scrape"],"picked":"SKIP","floor":10.0},{"not_picked":["Tempest","Rebound"],"picked":"White Noise","floor":11.0},{"not_picked":["Auto Shields","Beam Cell","Conserve Battery"],"picked":"SKIP","floor":13.0},{"not_picked":["Stack","Recycle"],"picked":"Cold Snap","floor":14.0},{"not_picked":["All For One","Thunder Strike"],"picked":"Biased Cognition","floor":16.0},{"not_picked":["Steam","Barrage"],"picked":"Storm+1","floor":18.0},{"not_picked":["Hologram","Stack"],"picked":"Defragment","floor":19.0},{"not_picked":["Leap+1","Hello World"],"picked":"Coolheaded+1","floor":21.0},{"not_picked":["Rebound","Sweeping Beam","Streamline"],"picked":"SKIP","floor":25.0},{"not_picked":["Go for the Eyes","Ball Lightning"],"picked":"Turbo+1","floor":28.0},{"not_picked":["Go for the Eyes","Reprogram+1"],"picked":"Heatsinks","floor":31.0},{"not_picked":["Hyperbeam","Thunder Strike"],"picked":"Amplify+1","floor":33.0},{"not_picked":["Stack+1","Steam+1","Genetic Algorithm+1"],"picked":"SKIP","floor":35.0},{"not_picked":["Hello World+1","Redo+1"],"picked":"Turbo+1","floor":38.0},{"not_picked":["Lockon+1","Sweeping Beam"],"picked":"Defragment","floor":39.0},{"not_picked":["Doom and Gloom+1","Chaos+1"],"picked":"Coolheaded+1","floor":40.0},{"not_picked":["Rebound+1","Redo+1","Reprogram+1"],"picked":"SKIP","floor":44.0},{"not_picked":["Rebound+1","Redo+1","Reprogram+1"],"picked":"SKIP","floor":44.0},{"not_picked":["Swift Strike+1","Impatience+1"],"picked":"PanicButton+1","floor":48.0},{"not_picked":["Trip+1","Impatience+1"],"picked":"Deep Breath+1","floor":48.0},{"not_picked":["Ball Lightning+1","BootSequence+1"],"picked":"Conserve Battery+1","floor":55.0}],"player_experience":641681,"relics_obtained":[{"floor":5.0,"key":"War Paint"},{"floor":7.0,"key":"Meat on the Bone"},{"floor":9.0,"key":"MawBank"},{"floor":11.0,"key":"PreservedInsect"},{"floor":25.0,"key":"Potion Belt"},{"floor":26.0,"key":"Symbiotic Virus"},{"floor":31.0,"key":"Bottled Lightning"},{"floor":39.0,"key":"WingedGreaves"},{"floor":40.0,"key":"Molten Egg 2"},{"floor":55.0,"key":"Boot"}],"event_choices":[{"cards_removed":["Strike_B"],"damage_healed":0.0,"max_hp_gain":0.0,"max_hp_loss":0.0,"gold_gain":0.0,"event_name":"Purifier","player_choice":"Purged","floor":2.0,"gold_loss":0.0,"damage_taken":0.0},{"damage_healed":0.0,"max_hp_gain":0.0,"max_hp_loss":36.0,"gold_gain":0.0,"event_name":"Ghosts","player_choice":"Became a Ghost","floor":22.0,"gold_loss":0.0,"damage_taken":0.0,"cards_obtained":["Ghostly","Ghostly","Ghostly"]},{"damage_healed":0.0,"max_hp_gain":0.0,"max_hp_loss":0.0,"gold_gain":0.0,"event_name":"Lab","player_choice":"Got Potions","floor":24.0,"gold_loss":0.0,"damage_taken":0.0},{"damage_healed":0.0,"max_hp_gain":0.0,"max_hp_loss":0.0,"gold_gain":0.0,"event_name":"Winding Halls","player_choice":"Embrace Madness","floor":36.0,"gold_loss":0.0,"damage_taken":7.0,"cards_obtained":["Madness","Madness"]},{"damage_healed":0.0,"max_hp_gain":0.0,"max_hp_loss":0.0,"gold_gain":0.0,"event_name":"MindBloom","player_choice":"Fight","floor":39.0,"gold_loss":0.0,"damage_taken":0.0},{"damage_healed":0.0,"max_hp_gain":0.0,"max_hp_loss":0.0,"gold_gain":0.0,"event_name":"Tomb of Lord Red Mask","player_choice":"Paid","floor":42.0,"gold_loss":147.0,"damage_taken":0.0,"relics_obtained":["Red Mask"]},{"damage_healed":0.0,"max_hp_gain":0.0,"max_hp_loss":0.0,"gold_gain":0.0,"event_name":"Mysterious Sphere","player_choice":"Ignored","floor":46.0,"gold_loss":0.0,"damage_taken":0.0},{"damage_healed":0.0,"max_hp_gain":0.0,"max_hp_loss":0.0,"gold_gain":0.0,"event_name":"SensoryStone","player_choice":"Memory 3","floor":48.0,"gold_loss":0.0,"damage_taken":10.0}],"is_beta":false,"boss_relics":[{"not_picked":["Tiny House","Orrery"],"picked":"Runic Pyramid"},{"not_picked":["Coffee Dripper","Eternal Feather"],"picked":"White Beast Statue"}],"items_purged_floors":[20,37],"is_endless":false,"potions_floor_spawned":[3,13,14,16,25,31,35,38,39,40,44,55],"ascension_level":20}