{"gold_per_floor":[11,23,42,42,58,58,133,133,207,207,233,245,270,316,328,414,426,456,468,395,407,432,472,484,85,85,85,46,46,46,72,72,72],"floor_reached":33,"playtime":871,"items_purged":["Injury"],"score":558,"play_id":"66d4270c-2a95-4241-b768-ef8949f638aa","local_time":"20190730193731","is_ascension_mode":true,"campfire_choices":[{"data":"Rampage","floor":6,"key":"SMITH"},{"data":"Bash","floor":8,"key":"SMITH"},{"data":"Twin Strike","floor":10,"key":"SMITH"},{"data":"Shrug It Off","floor":15,"key":"SMITH"},{"data":"Double Tap","floor":24,"key":"SMITH"},{"data":"Feed","floor":27,"key":"SMITH"},{"floor":30,"key":"REST"},{"data":"Armaments","floor":32,"key":"SMITH"}],"neow_cost":"NO_GOLD","seed_source_timestamp":965048509173500,"circlet_count":0,"master_deck":["AscendersBane","Strike_R","Strike_R","Strike_R","Defend_R+1","Defend_R","Defend_R","Defend_R","Bash+1","Shockwave+1","Twin Strike+1","Rampage+1","Shrug It Off+1","Feed+1","Double Tap+1","Cleave+1","Intimidate","Sever Soul","Clothesline","Pain","Power Through","Armaments+1"],"relics":["Burning Blood","Pocketwatch","War Paint","Pantograph","MawBank","Cursed Key","Art of War","Vajra","Red Skull","Happy Flower","Strawberry","Singing Bowl"],"potions_floor_usage":[14,23,33,33],"damage_taken":[{"damage":5,"enemies":"Small Slimes","floor":1,"turns":4},{"damage":9,"enemies":"Jaw Worm","floor":2,"turns":4},{"damage":0,"enemies":"2 Louse","floor":3,"turns":3},{"damage":3,"enemies":"Looter","floor":5,"turns":3},{"damage":26,"enemies":"Blue Slaver","floor":13,"turns":3},{"damage":37,"enemies":"3 Sentries","floor":14,"turns":10},{"damage":12,"enemies":"The Guardian","floor":16,"turns":9},{"damage":27,"enemies":"Shell Parasite","floor":18,"turns":4},{"damage":11,"enemies":"Spheric Guardian","floor":22,"turns":4},{"damage":35,"enemies":"Book of Stabbing","floor":23,"turns":5},{"damage":19,"enemies":"Gremlin Leader","floor":31,"turns":5},{"damage":16,"enemies":"Collector","floor":33,"turns":7}],"seed_played":"1426529661032586611","potions_obtained":[{"floor":3,"key":"Swift Potion"},{"floor":5,"key":"Regen Potion"},{"floor":14,"key":"Dexterity Potion"},{"floor":31,"key":"GamblersBrew"}],"is_trial":false,"path_per_floor":["M","M","M","?","M","R","?","R","T","R","T","?","M","E","R","B",null,"M","?","?","T","M","E","R","$","T","R","$","?","R","E","R","B"],"character_chosen":"IRONCLAD","items_purchased":["Happy Flower","Strawberry","Power Through"],"campfire_rested":1,"item_purchase_floors":[25,25,28],"current_hp_per_floor":[69,66,72,46,49,49,38,38,38,38,38,63,43,27,27,46,68,50,50,50,50,45,16,16,23,23,23,23,23,48,35,35,44],"gold":72,"neow_bonus":"ONE_RARE_RELIC","is_prod":false,"is_daily":false,"chose_seed":false,"campfire_upgraded":7,"win_rate":0,"timestamp":1564483051,"path_taken":["M","M","M","?","M","R","?","R","T","R","?","?","M","E","R","BOSS","M","?","?","?","?","E","R","$","T","R","?","?","R","E","R","BOSS"],"build_version":"2019-07-17","purchased_purges":1,"victory":false,"max_hp_per_floor":[75,75,75,75,75,75,75,75,75,75,75,75,75,75,75,75,75,78,78,78,78,78,78,78,85,85,85,85,85,85,85,85,85],"card_choices":[{"not_picked":["Clash","Cleave"],"picked":"Shockwave","floor":1},{"not_picked":["Warcry","Wild Strike"],"picked":"Twin Strike","floor":2},{"not_picked":["True Grit","Anger","Perfected Strike"],"picked":"SKIP","floor":3},{"not_picked":["Blood for Blood","Fire Breathing"],"picked":"Rampage","floor":5},{"not_picked":["Twin Strike","Power Through"],"picked":"Shrug It Off","floor":13},{"not_picked":["Havoc","Heavy Blade"],"picked":"Feed","floor":14},{"not_picked":["Limit Break","Dark Embrace"],"picked":"Double Tap","floor":16},{"not_picked":["Sword Boomerang","Headbutt"],"picked":"Cleave+1","floor":18},{"not_picked":["Warcry","Infernal Blade"],"picked":"Clothesline","floor":22},{"not_picked":["Cleave","Heavy Blade","Pummel"],"picked":"SKIP","floor":23},{"not_picked":["Feed","Pommel Strike"],"picked":"Armaments","floor":31}],"player_experience":1306913,"relics_obtained":[{"floor":9,"key":"Pantograph"},{"floor":11,"key":"MawBank"},{"floor":21,"key":"Vajra"},{"floor":23,"key":"Red Skull"},{"floor":31,"key":"Singing Bowl"}],"event_choices":[{"damage_healed":0,"gold_gain":0,"player_choice":"Success","damage_taken":26,"relics_obtained":["War Paint"],"max_hp_gain":0,"max_hp_loss":0,"event_name":"Scrap Ooze","floor":4,"gold_loss":0},{"damage_healed":0,"gold_gain":75,"player_choice":"Gather Gold","damage_taken":11,"max_hp_gain":0,"max_hp_loss":0,"event_name":"World of Goop","floor":7,"gold_loss":0},{"damage_healed":25,"gold_gain":0,"player_choice":"Banana","damage_taken":0,"max_hp_gain":0,"max_hp_loss":0,"event_name":"Big Fish","floor":12,"gold_loss":0},{"damage_healed":0,"gold_gain":0,"cards_transformed":["Strike_R","Strike_R"],"player_choice":"Became Test Subject","damage_taken":0,"max_hp_gain":0,"max_hp_loss":0,"event_name":"Drug Dealer","floor":19,"gold_loss":0,"cards_obtained":["Intimidate","Sever Soul"]},{"damage_healed":0,"gold_gain":0,"player_choice":"Obtained Relic","damage_taken":0,"relics_obtained":["Art of War"],"max_hp_gain":0,"max_hp_loss":0,"event_name":"Addict","floor":20,"gold_loss":85},{"damage_healed":0,"gold_gain":0,"player_choice":"Ignored","damage_taken":0,"max_hp_gain":0,"max_hp_loss":0,"event_name":"Vampires","floor":29,"gold_loss":0}],"is_beta":false,"boss_relics":[{"not_picked":["Coffee Dripper","Mark of Pain"],"picked":"Cursed Key"}],"items_purged_floors":[25],"is_endless":false,"potions_floor_spawned":[3,5,14,22,31],"killed_by":"Collector","ascension_level":20}