{"gold_per_floor":[361,361,91,107,118,118,143,143,211,83,95,95,125,144,144,144],"floor_reached":16,"playtime":620,"items_purged":["Strike_B"],"score":220,"play_id":"31253fe4-77db-4d4f-9b23-17960c2f49fe","local_time":"20190704201310","is_ascension_mode":true,"campfire_choices":[{"data":"Dualcast","floor":6,"key":"SMITH"},{"data":"Coolheaded","floor":8,"key":"SMITH"},{"data":"Turbo","floor":12,"key":"SMITH"},{"floor":15,"key":"REST"}],"neow_cost":"TEN_PERCENT_HP_LOSS","seed_source_timestamp":474144834145100,"circlet_count":0,"master_deck":["AscendersBane","Strike_B","Strike_B","Strike_B","Defend_B","Defend_B","Defend_B","Defend_B","Zap+1","Dualcast+1","Turbo+1","Cold Snap","Cold Snap","Coolheaded+1","Chaos","Meteor Strike"],"relics":["Cracked Core","Frozen Egg 2","Omamori","Boot"],"potions_floor_usage":[7,16,16],"damage_taken":[{"damage":0,"enemies":"Small Slimes","floor":1,"turns":3},{"damage":0,"enemies":"Cultist","floor":4,"turns":3},{"damage":0,"enemies":"Jaw Worm","floor":5,"turns":3},{"damage":15,"enemies":"Lagavulin","floor":7,"turns":7},{"damage":2,"enemies":"Looter","floor":11,"turns":3},{"damage":13,"enemies":"3 Sentries","floor":13,"turns":16},{"damage":8,"enemies":"Exordium Thugs","floor":14,"turns":4},{"damage":57,"enemies":"The Guardian","floor":16,"turns":17}],"seed_played":"-842726556715328184","potions_obtained":[{"floor":4,"key":"Explosive Potion"},{"floor":7,"key":"SkillPotion"}],"is_trial":false,"path_per_floor":["M","?","$","M","M","R","E","R","T","$","M","R","E","M","R","B"],"character_chosen":"DEFECT","items_purchased":["Frozen Egg 2","Fire Potion"],"campfire_rested":1,"item_purchase_floors":[3,10],"current_hp_per_floor":[64,64,64,64,64,64,49,49,49,49,47,47,34,26,45,0],"gold":144,"neow_bonus":"TWO_FIFTY_GOLD","is_prod":false,"is_daily":false,"chose_seed":false,"campfire_upgraded":3,"win_rate":0,"timestamp":1562238790,"path_taken":["M","?","$","M","M","R","E","R","T","?","?","R","E","M","R","BOSS"],"build_version":"2019-07-01","purchased_purges":1,"victory":false,"max_hp_per_floor":[64,64,64,64,64,64,64,64,64,64,64,64,64,64,64,64],"card_choices":[{"not_picked":["Streamline","Static Discharge"],"picked":"Turbo","floor":1},{"not_picked":["Hologram","Chaos"],"picked":"Cold Snap","floor":4},{"not_picked":["Gash","Melter"],"picked":"Cold Snap","floor":5},{"not_picked":["Sweeping Beam","Force Field"],"picked":"Coolheaded","floor":7},{"not_picked":["Go for the Eyes","Sweeping Beam","Rebound"],"picked":"SKIP","floor":11},{"not_picked":["Stack","Coolheaded"],"picked":"Chaos","floor":13},{"not_picked":["Cold Snap","Gash"],"picked":"Meteor Strike","floor":14}],"player_experience":924443,"relics_obtained":[{"floor":7,"key":"Omamori"},{"floor":13,"key":"Boot"}],"event_choices":[{"damage_healed":0,"gold_gain":0,"player_choice":"Upgraded","damage_taken":0,"max_hp_gain":0,"max_hp_loss":0,"event_name":"Upgrade Shrine","floor":2,"gold_loss":0,"cards_upgraded":["Zap"]}],"is_beta":false,"boss_relics":[],"items_purged_floors":[10],"is_endless":false,"potions_floor_spawned":[4,7,11,13],"killed_by":"The Guardian","ascension_level":20}