{"gold_per_floor":[119,133,133,0,15,15,42,58,58,77,93,121,132,132,132,206,206,221,250,87,105,120,120],"floor_reached":23,"playtime":1817,"items_purged":["Pain"],"score":369,"play_id":"9106cd8f-e394-4482-8ddc-ed46a7a50e65","local_time":"20190515133255","is_ascension_mode":true,"campfire_choices":[{"data":"Neutralize","floor":6,"key":"SMITH"},{"data":"Dagger Spray","floor":15,"key":"SMITH"}],"neow_cost":"CURSE","seed_source_timestamp":267785091120896,"circlet_count":0,"master_deck":["AscendersBane","Defend_G","Defend_G","Defend_G","Defend_G","Defend_G","Strike_G","Strike_G","Survivor","Neutralize+1","Slice","Flying Knee","Dagger Throw","Dagger Spray+1","Tactician","Crippling Poison","Backflip","Dagger Throw+1","Terror","Night Terror","Flying Knee+1","Deadly Poison+1","A Thousand Cuts+1","Deflect+1","Adrenaline","Leg Sweep"],"relics":["Ring of the Snake","Mango","Calipers","Meat on the Bone","Molten Egg 2","Astrolabe","Red Mask"],"potions_floor_usage":[7,12,18,19,19],"damage_taken":[{"damage":8,"enemies":"Cultist","floor":1,"turns":5},{"damage":0,"enemies":"2 Louse","floor":2,"turns":5},{"damage":4,"enemies":"Small Slimes","floor":5,"turns":4},{"damage":7,"enemies":"3 Sentries","floor":7,"turns":7},{"damage":4,"enemies":"2 Fungi Beasts","floor":8,"turns":3},{"damage":4,"enemies":"3 Louse","floor":10,"turns":2},{"damage":5,"enemies":"Large Slime","floor":11,"turns":4},{"damage":14,"enemies":"Gremlin Nob","floor":12,"turns":4},{"damage":4,"enemies":"Exordium Wildlife","floor":13,"turns":4},{"damage":42,"enemies":"The Guardian","floor":16,"turns":17},{"damage":1,"enemies":"Chosen","floor":18,"turns":6},{"damage":8,"enemies":"Masked Bandits","floor":19,"turns":2},{"damage":16,"enemies":"2 Thieves","floor":21,"turns":3},{"damage":5,"enemies":"Chosen and Byrds","floor":22,"turns":5},{"damage":41,"enemies":"Slavers","floor":23,"turns":4}],"seed_played":"-9093917825592593546","potions_obtained":[{"floor":1,"key":"AttackPotion"},{"floor":7,"key":"SteroidPotion"},{"floor":13,"key":"Block Potion"},{"floor":16,"key":"FearPotion"},{"floor":18,"key":"Energy Potion"}],"is_trial":false,"path_per_floor":["M","M","$","$","M","R","E","M","T","M","M","E","M","?","R","B",null,"M","?","$","M","M","E"],"character_chosen":"THE_SILENT","items_purchased":["Dagger Throw","Adrenaline"],"campfire_rested":0,"item_purchase_floors":[4,20],"current_hp_per_floor":[65,65,65,65,61,61,54,50,50,46,41,39,47,47,47,17,64,63,55,55,51,46,5],"gold":120,"neow_bonus":"ONE_RARE_RELIC","is_prod":false,"is_daily":false,"chose_seed":false,"campfire_upgraded":2,"win_rate":0,"timestamp":1557919975,"path_taken":["M","M","?","$","M","R","E","M","T","M","?","E","M","?","R","BOSS","M","?","$","M","M","E"],"build_version":"2019-01-23","purchased_purges":1,"victory":false,"max_hp_per_floor":[80,80,80,80,80,80,80,80,80,80,80,80,80,80,80,80,80,80,80,80,80,80,80],"card_choices":[{"not_picked":["Blade Dance","Bane"],"picked":"Slice","floor":1},{"not_picked":["Deadly Poison","Eviscerate"],"picked":"Flying Knee","floor":2},{"not_picked":["Outmaneuver","Dagger Throw"],"picked":"Dagger Spray","floor":5},{"not_picked":["Catalyst","Quick Slash"],"picked":"Tactician","floor":7},{"not_picked":["Deflect","Flying Knee"],"picked":"Crippling Poison","floor":8},{"not_picked":["Blade Dance","Grand Finale"],"picked":"Backflip","floor":11},{"not_picked":["Reflex","Skewer"],"picked":"Dagger Throw","floor":12},{"not_picked":["PiercingWail","Flechettes+1"],"picked":"Terror","floor":13},{"not_picked":["After Image","Venomology"],"picked":"Night Terror","floor":16},{"not_picked":["Riddle With Holes+1","Setup"],"picked":"Deflect+1","floor":19},{"not_picked":["Deflect","Backflip","Slice+1"],"picked":"SKIP","floor":21},{"not_picked":["Tactician","Expertise"],"picked":"Leg Sweep","floor":22}],"player_experience":892171,"relics_obtained":[{"floor":7,"key":"Calipers"},{"floor":9,"key":"Meat on the Bone"},{"floor":12,"key":"Molten Egg 2"},{"floor":19,"key":"Red Mask"}],"event_choices":[{"damage_healed":0,"gold_gain":0,"player_choice":"Ignored","damage_taken":0,"max_hp_gain":0,"max_hp_loss":0,"event_name":"Liars Game","floor":14,"gold_loss":0},{"damage_healed":0,"gold_gain":0,"player_choice":"Fought Bandits","damage_taken":0,"max_hp_gain":0,"max_hp_loss":0,"event_name":"Masked Bandits","floor":19,"gold_loss":0}],"is_beta":false,"boss_relics":[{"not_picked":["Ectoplasm","Runic Dome"],"picked":"Astrolabe"}],"items_purged_floors":[4],"is_endless":false,"potions_floor_spawned":[1,7,13,16,18],"killed_by":"Slavers","ascension_level":16}