{"gold_per_floor":[118,131,131,131,131,164,164,239,269,304,340,352,404,429,441,542,554,586,18,18,18],"floor_reached":21,"playtime":510,"items_purged":["Strike_B"],"score":444,"play_id":"d7031c86-7e9b-4286-92b7-1786c35e61d1","local_time":"20190624174338","is_ascension_mode":true,"campfire_choices":[{"data":"Zap","floor":7,"key":"SMITH"},{"floor":12,"key":"REST"},{"floor":15,"key":"REST"}],"neow_cost":"NONE","seed_source_timestamp":187757328622000,"circlet_count":0,"master_deck":["AscendersBane","Strike_B","Strike_B","Strike_B","Defend_B","Defend_B","Defend_B","Defend_B","Zap+1","Dualcast","FTL","Ball Lightning","Consume","Echo Form","Turbo","Defragment","Darkness"],"relics":["Cracked Core","NeowsBlessing","Lantern","Golden Idol","Letter Opener","Tiny Chest","MawBank","Bronze Scales","Coffee Dripper","Runic Capacitor"],"potions_floor_usage":[13,14,16,20],"damage_taken":[{"damage":0,"enemies":"Small Slimes","floor":1,"turns":1},{"damage":0,"enemies":"2 Louse","floor":2,"turns":1},{"damage":0,"enemies":"Gremlin Nob","floor":6,"turns":1},{"damage":26,"enemies":"Lagavulin","floor":10,"turns":8},{"damage":2,"enemies":"Jaw Worm","floor":11,"turns":3},{"damage":11,"enemies":"3 Sentries","floor":13,"turns":5},{"damage":0,"enemies":"Looter","floor":14,"turns":2},{"damage":41,"enemies":"The Guardian","floor":16,"turns":10},{"damage":30,"enemies":"Shell Parasite","floor":18,"turns":4},{"damage":0,"enemies":"2 Thieves","floor":20,"turns":1},{"damage":20,"enemies":"Sentry and Sphere","floor":21,"turns":3}],"seed_played":"3004203423470319723","potions_obtained":[{"floor":2,"key":"EssenceOfSteel"},{"floor":10,"key":"Energy Potion"},{"floor":13,"key":"Block Potion"}],"is_trial":false,"path_per_floor":["M","M","?","?","?","E","R","?","T","E","M","R","E","M","R","B",null,"M","$","M","M"],"character_chosen":"DEFECT","items_purchased":["Defragment","Runic Capacitor","SmokeBomb","Darkness"],"campfire_rested":2,"item_purchase_floors":[19,19,19,19],"current_hp_per_floor":[64,64,64,57,57,57,57,46,46,20,18,37,26,26,45,4,49,19,19,19,0],"gold":18,"neow_bonus":"THREE_ENEMY_KILL","is_prod":false,"is_daily":false,"chose_seed":false,"campfire_upgraded":1,"win_rate":0,"timestamp":1561365818,"path_taken":["M","M","?","?","?","E","R","?","T","E","?","R","E","M","R","BOSS","M","$","M","M"],"build_version":"2019-01-23","purchased_purges":1,"victory":false,"max_hp_per_floor":[71,71,71,71,64,64,64,64,64,64,64,64,64,64,64,64,64,64,64,64,64],"card_choices":[{"not_picked":["Gash","Stack","Compile Driver"],"picked":"SKIP","floor":1},{"not_picked":["Undo","Hello World","Rebound"],"picked":"SKIP","floor":2},{"not_picked":["Leap","Compile Driver","Stack"],"picked":"SKIP","floor":6},{"not_picked":["Redo","Meteor Strike"],"picked":"FTL","floor":10},{"not_picked":["Stack","Compile Driver"],"picked":"Ball Lightning","floor":11},{"not_picked":["Steam","Redo"],"picked":"Consume","floor":13},{"not_picked":["Scrape","Streamline","Compile Driver"],"picked":"SKIP","floor":14},{"not_picked":["Fission","Thunder Strike"],"picked":"Echo Form","floor":16},{"not_picked":["Barrage","Fusion"],"picked":"Turbo","floor":18}],"player_experience":792984,"relics_obtained":[{"floor":6,"key":"Letter Opener"},{"floor":9,"key":"Tiny Chest"},{"floor":10,"key":"MawBank"},{"floor":13,"key":"Bronze Scales"}],"event_choices":[{"damage_healed":0,"gold_gain":0,"player_choice":"Box","damage_taken":0,"relics_obtained":["Lantern"],"max_hp_gain":0,"max_hp_loss":0,"event_name":"Big Fish","floor":3,"gold_loss":0,"cards_obtained":["Regret"]},{"cards_removed":["Regret"],"damage_healed":0,"gold_gain":0,"player_choice":"Card Removal","damage_taken":7,"max_hp_gain":0,"max_hp_loss":0,"event_name":"Golden Wing","floor":4,"gold_loss":0},{"damage_healed":0,"gold_gain":0,"player_choice":"Lose Max HP","damage_taken":0,"relics_obtained":["Golden Idol"],"max_hp_gain":0,"max_hp_loss":7,"event_name":"Golden Idol","floor":5,"gold_loss":0},{"damage_healed":0,"gold_gain":75,"player_choice":"Gather Gold","damage_taken":11,"max_hp_gain":0,"max_hp_loss":0,"event_name":"World of Goop","floor":8,"gold_loss":0}],"is_beta":false,"boss_relics":[{"not_picked":["Lizard Tail","White Beast Statue"],"picked":"Coffee Dripper"}],"items_purged_floors":[19],"is_endless":false,"potions_floor_spawned":[2,10,13],"killed_by":"Sentry and Sphere","ascension_level":20}