{"gold_per_floor":[116,133,58,58,71,98,98,127,151,151,151,76,76,26,26,100,100,118,135,135,135],"floor_reached":21,"playtime":463,"items_purged":["Strike_R","Strike_R"],"score":370,"play_id":"d64d1de4-88df-47cb-b2b8-251208e104b3","local_time":"20190612211615","is_ascension_mode":true,"campfire_choices":[{"data":"Carnage","floor":7,"key":"SMITH"},{"data":"Armaments","floor":11,"key":"SMITH"},{"data":"Bash","floor":15,"key":"SMITH"}],"neow_cost":"NONE","seed_source_timestamp":372337173154800,"circlet_count":0,"master_deck":["AscendersBane","Strike_R","Defend_R","Defend_R","Defend_R","Defend_R","Bash+1","Carnage+1","Armaments+1","Rampage","Feed"],"relics":["Burning Blood","NeowsBlessing","Oddly Smooth Stone","Smiling Mask","Art of War","Centennial Puzzle","Sozu"],"potions_floor_usage":[6,6,18],"damage_taken":[{"damage":0,"enemies":"2 Louse","floor":1,"turns":1},{"damage":0,"enemies":"Cultist","floor":2,"turns":1},{"damage":0,"enemies":"Small Slimes","floor":5,"turns":2},{"damage":22,"enemies":"Lagavulin","floor":6,"turns":5},{"damage":8,"enemies":"Gremlin Nob","floor":8,"turns":3},{"damage":18,"enemies":"The Guardian","floor":16,"turns":9},{"damage":18,"enemies":"3 Byrds","floor":18,"turns":3},{"damage":25,"enemies":"Shell Parasite","floor":19,"turns":4},{"damage":15,"enemies":"Snecko","floor":21,"turns":4}],"seed_played":"-8082246340030842713","potions_obtained":[{"floor":1,"key":"Weak Potion"},{"floor":4,"key":"Energy Potion"},{"floor":8,"key":"LiquidBronze"},{"floor":16,"key":"FearPotion"}],"is_trial":false,"path_per_floor":["M","M","$","?","M","E","R","E","T","?","R","?","?","$","R","B",null,"M","M","?","M"],"character_chosen":"IRONCLAD","items_purchased":[],"campfire_rested":0,"item_purchase_floors":[],"current_hp_per_floor":[74,75,75,75,75,59,59,57,57,50,50,50,50,50,50,38,66,54,39,16,1],"gold":135,"neow_bonus":"THREE_ENEMY_KILL","is_prod":false,"is_daily":false,"chose_seed":false,"campfire_upgraded":3,"win_rate":0,"timestamp":1560341775,"path_taken":["M","M","$","?","?","E","R","E","T","?","R","?","?","$","R","BOSS","M","M","?","M"],"build_version":"2019-01-23","purchased_purges":2,"victory":false,"max_hp_per_floor":[75,75,75,75,75,75,75,75,75,75,75,75,75,75,75,75,75,75,79,84,84],"card_choices":[{"not_picked":["Burning Pact","Reckless Charge"],"picked":"Carnage","floor":1},{"not_picked":["Heavy Blade","Intimidate","Perfected Strike"],"picked":"SKIP","floor":2},{"not_picked":["Heavy Blade","Warcry"],"picked":"Armaments","floor":5},{"not_picked":["Hemokinesis","Thunderclap"],"picked":"Rampage","floor":6},{"not_picked":["Heavy Blade","Spot Weakness"],"picked":"True Grit","floor":8},{"not_picked":["Dark Embrace","Reaper"],"picked":"Feed","floor":16},{"not_picked":["Anger+1","Thunderclap+1","Metallicize"],"picked":"SKIP","floor":18},{"not_picked":["Perfected Strike+1","Armaments","Sentinel"],"picked":"SKIP","floor":19}],"player_experience":620042,"relics_obtained":[{"floor":6,"key":"Oddly Smooth Stone"},{"floor":8,"key":"Smiling Mask"},{"floor":9,"key":"Art of War"}],"event_choices":[{"damage_healed":0,"gold_gain":0,"player_choice":"Got Potions","damage_taken":0,"max_hp_gain":0,"max_hp_loss":0,"event_name":"Lab","floor":4,"gold_loss":0},{"cards_removed":["Strike_R"],"damage_healed":0,"gold_gain":0,"player_choice":"Card Removal","damage_taken":7,"max_hp_gain":0,"max_hp_loss":0,"event_name":"Golden Wing","floor":10,"gold_loss":0},{"cards_removed":["Strike_R"],"damage_healed":0,"gold_gain":0,"player_choice":"Card Removal","damage_taken":0,"max_hp_gain":0,"max_hp_loss":0,"event_name":"The Cleric","floor":12,"gold_loss":75},{"cards_removed":["True Grit"],"damage_healed":0,"gold_gain":0,"player_choice":"Gave Card","damage_taken":0,"relics_obtained":["Centennial Puzzle"],"max_hp_gain":0,"max_hp_loss":0,"event_name":"WeMeetAgain","floor":13,"gold_loss":0},{"damage_healed":0,"gold_gain":0,"player_choice":"Shed Blood","damage_taken":28,"max_hp_gain":5,"max_hp_loss":0,"event_name":"Forgotten Altar","floor":20,"gold_loss":0}],"is_beta":false,"boss_relics":[{"not_picked":["Orrery","Pandora\u0027s Box"],"picked":"Sozu"}],"items_purged_floors":[3,14],"is_endless":false,"potions_floor_spawned":[1,8,16,19],"killed_by":"Snecko","ascension_level":20}