{"gold_per_floor":[364,364,380,37,54,54,54,54,54,54,66,82,7,41,41,120,120,130,156,4,4,4,14,14,31,78,111,111,146,146,196,196,271,271,281,281,294,294,2,2,37,37,37,370,370,381,381,174,174,174,174,174,174,5,34,34],"floor_reached":57,"playtime":2826,"items_purged":["Strike_G","Strike_G","Defend_G","Defend_G"],"score":3359,"play_id":"37d989f8-377a-4c94-b0a0-e34fd0df5c7d","local_time":"20190727175844","is_ascension_mode":true,"campfire_choices":[{"data":"A Thousand Cuts","floor":6,"key":"SMITH"},{"data":"Neutralize","floor":8,"key":"SMITH"},{"data":"Calculated Gamble","floor":10,"key":"SMITH"},{"data":"Deadly Poison","floor":15,"key":"SMITH"},{"data":"Ghostly","floor":28,"key":"SMITH"},{"data":"Ghostly","floor":32,"key":"SMITH"},{"data":"Acrobatics","floor":40,"key":"SMITH"},{"data":"Ghostly","floor":42,"key":"SMITH"},{"data":"After Image","floor":45,"key":"SMITH"},{"floor":49,"key":"RECALL"},{"data":"Escape Plan","floor":53,"key":"SMITH"}],"neow_cost":"TEN_PERCENT_HP_LOSS","seed_source_timestamp":697951933707900,"circlet_count":0,"master_deck":["AscendersBane","Defend_G","Neutralize+1","Dagger Spray+1","Calculated Gamble+1","A Thousand Cuts+1","Acrobatics+1","Escape Plan","Deadly Poison+1","Die Die Die","Escape Plan","Backflip","Escape Plan+1","Ghostly+1","Ghostly+1","Ghostly+1","Well Laid Plans+1","Heel Hook+1","Bouncing Flask","Accuracy","After Image+1","Backflip+1","Adrenaline+1"],"relics":["Ring of the Snake","Happy Flower","Ornamental Fan","FossilizedHelix","Sundial","Coffee Dripper","Red Mask","Boot","Calipers","Letter Opener","Empty Cage","Omamori","Toxic Egg 2","Old Coin","Oddly Smooth Stone"],"potions_floor_usage":[16,19,33,56,56],"damage_taken":[{"damage":0,"enemies":"2 Louse","floor":1,"turns":3},{"damage":2,"enemies":"Cultist","floor":3,"turns":4},{"damage":8,"enemies":"Jaw Worm","floor":5,"turns":4},{"damage":0,"enemies":"Looter","floor":11,"turns":3},{"damage":0,"enemies":"Blue Slaver","floor":12,"turns":3},{"damage":5,"enemies":"3 Sentries","floor":14,"turns":3},{"damage":12,"enemies":"Hexaghost","floor":16,"turns":8},{"damage":0,"enemies":"3 Byrds","floor":18,"turns":3},{"damage":8,"enemies":"Masked Bandits","floor":19,"turns":3},{"damage":0,"enemies":"Chosen","floor":23,"turns":4},{"damage":0,"enemies":"Centurion and Healer","floor":25,"turns":7},{"damage":0,"enemies":"Book of Stabbing","floor":27,"turns":5},{"damage":0,"enemies":"Slavers","floor":29,"turns":4},{"damage":0,"enemies":"Collector","floor":33,"turns":6},{"damage":0,"enemies":"Orb Walker","floor":35,"turns":3},{"damage":0,"enemies":"3 Darklings","floor":37,"turns":4},{"damage":0,"enemies":"Giant Head","floor":41,"turns":4},{"damage":0,"enemies":"Reptomancer","floor":44,"turns":4},{"damage":0,"enemies":"Writhing Mass","floor":46,"turns":4},{"damage":0,"enemies":"Donu and Deca","floor":50,"turns":4},{"damage":0,"enemies":"Awakened One","floor":51,"turns":4},{"damage":0,"enemies":"Shield and Spear","floor":55,"turns":3},{"damage":11,"enemies":"The Heart","floor":56,"turns":8}],"seed_played":"6854756384761459307","potions_obtained":[{"floor":3,"key":"Regen Potion"},{"floor":11,"key":"Fire Potion"},{"floor":16,"key":"Dexterity Potion"},{"floor":19,"key":"Energy Potion"},{"floor":41,"key":"LiquidBronze"},{"floor":44,"key":"Energy Potion"}],"is_trial":false,"path_per_floor":["M","?","M","$","M","R","T","R","T","R","M","M","?","E","R","B",null,"M","?","$","?","$","M","?","M","T","E","R","E","?","?","R","B",null,"M","?","M","?","$","R","E","R","T","E","R","M","?","$","R","B","B",null,"R","$","E","B",null],"character_chosen":"THE_SILENT","items_purchased":["Happy Flower","Calculated Gamble","PowerPotion","Backflip","Omamori","Dexterity Potion","Adrenaline+1"],"campfire_rested":0,"item_purchase_floors":[4,4,4,20,39,48,54],"current_hp_per_floor":[59,59,57,57,49,49,49,49,49,49,49,49,49,44,44,32,53,53,45,45,45,45,45,30,30,30,30,30,30,30,30,30,30,30,30,30,30,30,30,30,30,30,30,30,30,30,30,30,30,30,30,30,30,30,30,19],"gold":34,"neow_bonus":"TWO_FIFTY_GOLD","is_prod":false,"is_daily":false,"chose_seed":false,"campfire_upgraded":10,"win_rate":0,"timestamp":1564217924,"path_taken":["M","?","M","?","M","R","?","R","T","R","M","M","?","E","R","BOSS","M","?","$","?","?","M","?","?","T","E","R","E","?","?","R","BOSS","M","?","M","?","$","R","E","R","T","E","R","?","?","?","R","BOSS","BOSS","R","$","E","BOSS"],"build_version":"2019-07-17","purchased_purges":4,"victory":true,"max_hp_per_floor":[60,60,60,60,60,60,60,60,60,60,60,60,60,60,60,60,60,60,60,60,60,60,60,30,30,30,30,30,30,30,30,30,30,30,30,30,30,30,30,30,30,30,30,30,30,30,30,30,30,30,30,30,30,30,30,30],"card_choices":[{"not_picked":["Flying Knee","Dodge and Roll"],"picked":"Dagger Spray","floor":1},{"not_picked":["Outmaneuver","Dagger Spray","Flying Knee"],"picked":"SKIP","floor":3},{"not_picked":["Backstab","Quick Slash"],"picked":"A Thousand Cuts","floor":5},{"not_picked":["Bane","Concentrate"],"picked":"Acrobatics","floor":11},{"not_picked":["Outmaneuver","Endless Agony"],"picked":"Escape Plan","floor":12},{"not_picked":["PiercingWail","Predator"],"picked":"Deadly Poison","floor":14},{"not_picked":["Malaise","Unload"],"picked":"Die Die Die","floor":16},{"not_picked":["Noxious Fumes","Bane"],"picked":"Escape Plan","floor":18},{"not_picked":["Noxious Fumes","Backstab"],"picked":"Escape Plan","floor":23},{"not_picked":["Poisoned Stab","Dodge and Roll"],"picked":"Well Laid Plans","floor":25},{"not_picked":["Accuracy+1","Envenom","Slice"],"picked":"SKIP","floor":27},{"not_picked":["Deadly Poison","Sucker Punch"],"picked":"Heel Hook+1","floor":29},{"not_picked":["Storm of Steel","Doppelganger"],"picked":"After Image","floor":33},{"not_picked":["Cloak And Dagger+1","Heel Hook","Prepared"],"picked":"SKIP","floor":35},{"not_picked":["Finisher","Blade Dance"],"picked":"Backflip+1","floor":37},{"not_picked":["Burst","Flying Knee+1","Riddle With Holes"],"picked":"SKIP","floor":41},{"not_picked":["Terror+1","Skewer","Deadly Poison+1"],"picked":"SKIP","floor":44},{"not_picked":["Backflip+1","Sucker Punch","Deadly Poison+1"],"picked":"SKIP","floor":46},{"not_picked":["Masterful Stab","Expertise+1","Bouncing Flask+1"],"picked":"SKIP","floor":55}],"player_experience":1243188,"relics_obtained":[{"floor":7,"key":"Ornamental Fan"},{"floor":9,"key":"FossilizedHelix"},{"floor":14,"key":"Sundial"},{"floor":19,"key":"Red Mask"},{"floor":26,"key":"Boot"},{"floor":27,"key":"Calipers"},{"floor":29,"key":"Letter Opener"},{"floor":41,"key":"Toxic Egg 2"},{"floor":44,"key":"Old Coin"},{"floor":55,"key":"Oddly Smooth Stone"}],"event_choices":[{"damage_healed":0,"gold_gain":0,"player_choice":"Upgraded","damage_taken":0,"max_hp_gain":0,"max_hp_loss":0,"event_name":"Upgrade Shrine","floor":2,"gold_loss":0,"cards_upgraded":["Dagger Spray"]},{"cards_removed":["Strike_G"],"damage_healed":0,"gold_gain":0,"player_choice":"Card Removal","damage_taken":0,"max_hp_gain":0,"max_hp_loss":0,"event_name":"The Cleric","floor":13,"gold_loss":75},{"damage_healed":0,"gold_gain":0,"player_choice":"Fought Bandits","damage_taken":0,"max_hp_gain":0,"max_hp_loss":0,"event_name":"Masked Bandits","floor":19,"gold_loss":0},{"damage_healed":0,"gold_gain":0,"player_choice":"Ignored","damage_taken":0,"max_hp_gain":0,"max_hp_loss":0,"event_name":"The Mausoleum","floor":21,"gold_loss":0},{"damage_healed":0,"gold_gain":0,"player_choice":"Became a Ghost","damage_taken":0,"max_hp_gain":0,"max_hp_loss":30,"event_name":"Ghosts","floor":24,"gold_loss":0,"cards_obtained":["Ghostly","Ghostly","Ghostly"]},{"damage_healed":0,"gold_gain":0,"cards_transformed":["Strike_G","Strike_G"],"player_choice":"Became Test Subject","damage_taken":0,"max_hp_gain":0,"max_hp_loss":0,"event_name":"Drug Dealer","floor":30,"gold_loss":0,"cards_obtained":["Bouncing Flask","Accuracy"]},{"damage_healed":0,"gold_gain":50,"player_choice":"Stole From Cult","damage_taken":0,"max_hp_gain":0,"max_hp_loss":0,"event_name":"Nest","floor":31,"gold_loss":0},{"cards_removed":["Survivor"],"damage_healed":0,"gold_gain":0,"player_choice":"Removed Skill","damage_taken":0,"max_hp_gain":0,"max_hp_loss":0,"event_name":"Falling","floor":36,"gold_loss":0},{"damage_healed":0,"gold_gain":0,"player_choice":"Upgraded","damage_taken":0,"max_hp_gain":0,"max_hp_loss":0,"event_name":"Upgrade Shrine","floor":38,"gold_loss":0,"cards_upgraded":["Well Laid Plans"]},{"damage_healed":0,"gold_gain":0,"player_choice":"Ignored","damage_taken":0,"max_hp_gain":0,"max_hp_loss":0,"event_name":"SecretPortal","floor":47,"gold_loss":0}],"is_beta":false,"boss_relics":[{"not_picked":["Lizard Tail","Snecko Eye"],"picked":"Coffee Dripper"},{"not_picked":["Tiny House","WristBlade"],"picked":"Empty Cage"}],"items_purged_floors":[4,20,39,48],"is_endless":false,"potions_floor_spawned":[3,11,12,16,19,23,41,44],"ascension_level":20}