{"gold_per_floor":[114,39,54,129,129,129,148,148,148,172,190,233,233,264,264,357,357,372,372,390,4,18,18,53,72,72,72,252,266,282,282],"floor_reached":31,"playtime":1108,"items_purged":["Strike_R"],"score":634,"play_id":"4465565c-4ff1-4622-8171-c08ff514e672","local_time":"20190728123210","is_ascension_mode":true,"campfire_choices":[{"data":"Shockwave","floor":6,"key":"SMITH"},{"data":"Uppercut","floor":8,"key":"SMITH"},{"data":"Pommel Strike","floor":13,"key":"SMITH"},{"floor":15,"key":"REST"},{"data":"Juggernaut","floor":23,"key":"SMITH"},{"floor":27,"key":"REST"}],"neow_cost":"NONE","seed_source_timestamp":766486396647700,"circlet_count":0,"master_deck":["AscendersBane","Strike_R","Strike_R","Strike_R","Defend_R","Defend_R","Defend_R","Defend_R","Bash","Shockwave+1","Uppercut+1","Pommel Strike+1","Feel No Pain","Offering+1","Juggernaut+1","Berserk","Metallicize","Battle Trance","Feel No Pain","True Grit","Carnage","Corruption"],"relics":["Mark of Pain","Golden Idol","Incense Burner","Ancient Tea Set","Self Forming Clay","Eternal Feather","Membership Card","Happy Flower","Omamori"],"potions_floor_usage":[12,16,24,24,30,30],"damage_taken":[{"damage":7,"enemies":"Jaw Worm","floor":1,"turns":4},{"damage":2,"enemies":"2 Louse","floor":3,"turns":4},{"damage":3,"enemies":"Cultist","floor":7,"turns":4},{"damage":6,"enemies":"Red Slaver","floor":10,"turns":3},{"damage":0,"enemies":"Gremlin Gang","floor":11,"turns":6},{"damage":10,"enemies":"Lagavulin","floor":12,"turns":7},{"damage":25,"enemies":"Gremlin Nob","floor":14,"turns":4},{"damage":6,"enemies":"Slime Boss","floor":16,"turns":7},{"damage":6,"enemies":"Spheric Guardian","floor":18,"turns":4},{"damage":15,"enemies":"Shell Parasite","floor":20,"turns":4},{"damage":12,"enemies":"Snake Plant","floor":22,"turns":4},{"damage":21,"enemies":"Gremlin Leader","floor":24,"turns":5},{"damage":9,"enemies":"Snecko","floor":25,"turns":5},{"damage":2,"enemies":"Centurion and Healer","floor":29,"turns":6},{"damage":12,"enemies":"3 Cultists","floor":30,"turns":6},{"damage":9,"enemies":"Slavers","floor":31,"turns":1}],"seed_played":"5941058328229450799","potions_obtained":[{"floor":1,"key":"AttackPotion"},{"floor":10,"key":"EssenceOfSteel"},{"floor":14,"key":"PowerPotion"},{"floor":20,"key":"Strength Potion"},{"floor":29,"key":"Regen Potion"}],"is_trial":false,"path_per_floor":["M","?","M","?","?","R","M","R","T","M","M","E","R","E","R","B",null,"M","?","M","$","M","R","E","M","T","R","?","M","M","E"],"character_chosen":"IRONCLAD","items_purchased":["Membership Card","Happy Flower","Feel No Pain"],"campfire_rested":2,"item_purchase_floors":[21,21,21],"current_hp_per_floor":[61,61,59,48,48,48,45,45,45,39,39,29,29,4,24,18,56,50,50,35,35,23,35,14,5,5,37,7,5,8,0],"gold":282,"neow_bonus":"BOSS_RELIC","is_prod":false,"is_daily":false,"chose_seed":false,"campfire_upgraded":4,"win_rate":0,"timestamp":1564284730,"path_taken":["M","?","M","?","?","R","M","R","T","M","M","E","R","E","R","BOSS","M","?","?","?","?","R","E","M","T","R","?","M","?","E"],"build_version":"2019-07-17","purchased_purges":1,"victory":false,"max_hp_per_floor":[75,75,75,75,68,68,68,68,68,68,68,68,68,68,68,68,68,68,68,68,68,68,68,68,68,68,68,68,68,68,68],"card_choices":[{"not_picked":["Intimidate","Headbutt","Twin Strike"],"picked":"SKIP","floor":1},{"not_picked":["Havoc","Sentinel"],"picked":"Shockwave","floor":3},{"not_picked":["Power Through","Wild Strike"],"picked":"Uppercut","floor":7},{"not_picked":["Bloodletting","Armaments"],"picked":"Pommel Strike","floor":10},{"not_picked":["Battle Trance","Carnage"],"picked":"Feel No Pain","floor":11},{"not_picked":["Bloodletting","Clothesline"],"picked":"Offering","floor":12},{"not_picked":["Clash","Shockwave"],"picked":"Juggernaut","floor":14},{"not_picked":["Double Tap","Brutality"],"picked":"Berserk","floor":16},{"not_picked":["Flex","Entrench"],"picked":"Metallicize","floor":18},{"not_picked":["Havoc+1","Warcry"],"picked":"Battle Trance","floor":20},{"not_picked":["Clothesline","Cleave"],"picked":"True Grit","floor":22},{"not_picked":["Anger","Havoc","Clash"],"picked":"SKIP","floor":24},{"not_picked":["Thunderclap","Entrench"],"picked":"Carnage","floor":25},{"not_picked":["Heavy Blade","Inflame+1"],"picked":"Corruption","floor":29},{"not_picked":["Wild Strike","Iron Wave","Thunderclap"],"picked":"SKIP","floor":30}],"player_experience":1249602,"relics_obtained":[{"floor":9,"key":"Incense Burner"},{"floor":12,"key":"Ancient Tea Set"},{"floor":14,"key":"Self Forming Clay"},{"floor":24,"key":"Omamori"}],"event_choices":[{"cards_removed":["Strike_R"],"damage_healed":0,"gold_gain":0,"player_choice":"Card Removal","damage_taken":0,"max_hp_gain":0,"max_hp_loss":0,"event_name":"The Cleric","floor":2,"gold_loss":75},{"damage_healed":0,"gold_gain":75,"player_choice":"Gather Gold","damage_taken":11,"max_hp_gain":0,"max_hp_loss":0,"event_name":"World of Goop","floor":4,"gold_loss":0},{"damage_healed":0,"gold_gain":0,"player_choice":"Lose Max HP","damage_taken":0,"relics_obtained":["Golden Idol"],"max_hp_gain":0,"max_hp_loss":7,"event_name":"Golden Idol","floor":5,"gold_loss":0},{"damage_healed":0,"gold_gain":0,"player_choice":"Upgraded","damage_taken":0,"max_hp_gain":0,"max_hp_loss":0,"event_name":"Upgrade Shrine","floor":19,"gold_loss":0,"cards_upgraded":["Offering"]},{"damage_healed":0,"gold_gain":180,"player_choice":"POTION POTION GOLD GOLD ","damage_taken":30,"max_hp_gain":0,"max_hp_loss":0,"event_name":"Knowing Skull","floor":28,"potions_obtained":["AttackPotion","Swift Potion"],"gold_loss":0,"cards_obtained":[]}],"is_beta":false,"boss_relics":[{"not_picked":["Velvet Choker","Tiny House"],"picked":"Eternal Feather"}],"items_purged_floors":[21],"is_endless":false,"potions_floor_spawned":[1,10,14,20,29],"killed_by":"Slavers","ascension_level":20}