{"path_per_floor":["M","?","M","?","M","R","E","R","T","$","?","M","E","?","R","B",null,"M","?","?","M","M","R","$","?","T","E","M","M","M","?","R","B",null,"M","M","$","?","M","E","R","$","T","M","M","R","E","M","R","B"],"character_chosen":"THE_SILENT","items_purchased":["Slice","Energy Potion","Endless Agony","Whetstone","Adrenaline"],"gold_per_floor":[119,119,129,129,153,153,186,186,211,40,40,64,100,100,100,229,229,242,167,167,191,216,216,116,116,116,151,176,195,215,215,215,338,338,358,378,43,376,395,423,423,129,129,144,160,160,191,209,209,209],"floor_reached":51,"campfire_rested":4,"playtime":5994,"current_hp_per_floor":[68,43,43,43,43,64,26,47,47,47,47,47,43,29,50,30,70,70,70,70,58,53,53,53,37,37,42,46,47,55,55,55,20,70,69,49,49,49,44,28,49,49,49,59,60,60,58,62,62,27],"items_purged":["Injury","Defend_G","Regret","Defend_G"],"gold":209,"score":589,"play_id":"df1566ac-7b06-4bf1-94c6-666f87e050c7","is_prod":false,"is_daily":false,"is_ascension_mode":false,"campfire_upgraded":4,"path_taken":["M","?","M","?","M","R","E","R","T","$","?","M","E","?","R","BOSS","M","?","?","M","M","R","$","?","T","E","M","M","M","?","R","BOSS","M","M","$","?","M","E","R","?","T","M","M","R","E","M","R","BOSS"],"build_version":"2018-02-08-PROD1","purchased_purges":6,"victory":true,"master_deck":["Defend_G+1","Defend_G+1","Survivor","Neutralize","Blade Dance","Dagger Throw","Slice","Slice","A Thousand Cuts+1","Calculated Gamble","Phantasmal Killer+1","Well Laid Plans+1","Bite+1","Bite","Bite","Bite","Bite","Slice","Doppelganger+1","Masterful Stab","Slice","Endless Agony+1","Slice","After Image+1","Blade Dance+1","Adrenaline+1","Deflect+1","Finisher","Endless Agony"],"max_hp_per_floor":[70,70,70,70,70,70,70,70,70,70,70,70,70,70,70,70,70,70,70,70,70,70,70,70,70,70,70,70,70,70,70,70,70,70,70,70,70,70,70,70,70,70,70,70,70,70,70,70,70,70],"relics":["Ring of the Snake","Pantograph","Unceasing Top","Orichalcum","Sozu","Enchiridion","Oddly Smooth Stone","Omamori","Calling Bell","Vajra","War Paint","Dream Catcher","Whetstone","Frozen Egg 2","Torii","Lantern"],"card_choices":[{"not_picked":["Deflect","Dash"],"picked":"Blade Dance"},{"not_picked":["Night Terror","PiercingWail"],"picked":"Dagger Throw"},{"not_picked":["Deflect","Flying Knee"],"picked":"Slice"},{"not_picked":["Catalyst","Outmaneuver"],"picked":"Calculated Gamble"},{"not_picked":["Tools of the Trade","Unload"],"picked":"Phantasmal Killer"},{"not_picked":["Acrobatics","Crippling Poison"],"picked":"Well Laid Plans"},{"not_picked":["PiercingWail","Masterful Stab"],"picked":"Slice"},{"not_picked":["PiercingWail","Poisoned Stab"],"picked":"Doppelganger"},{"not_picked":["Reflex","Expertise"],"picked":"Masterful Stab"},{"not_picked":["Cloak And Dagger","Deflect"],"picked":"Slice"},{"not_picked":["Infinite Blades","Flying Knee"],"picked":"Slice"},{"not_picked":["Underhanded Strike","Deflect"],"picked":"After Image"},{"not_picked":["Underhanded Strike","Quick Slash"],"picked":"Blade Dance"},{"not_picked":["Terror","Bane"],"picked":"Deflect"},{"not_picked":["Expertise","Choke"],"picked":"Finisher"},{"not_picked":["Underhanded Strike","Accuracy"],"picked":"Endless Agony"}],"player_experience":120756,"potions_floor_usage":[7,13,16,16,16],"damage_taken":[{"damage":2,"enemies":"Blue Slaver","floor":1,"turns":6},{"damage":0,"enemies":"2 Louse","floor":3,"turns":3},{"damage":0,"enemies":"Small Slimes","floor":5,"turns":4},{"damage":38,"enemies":"Lagavulin","floor":7,"turns":8},{"damage":0,"enemies":"Exordium Wildlife","floor":12,"turns":4},{"damage":4,"enemies":"3 Sentries","floor":13,"turns":6},{"damage":40,"enemies":"The Guardian","floor":16,"turns":14},{"damage":0,"enemies":"3 Byrds","floor":18,"turns":3},{"damage":14,"enemies":"Chosen","floor":21,"turns":5},{"damage":17,"enemies":"Snake Plant","floor":22,"turns":4},{"damage":9,"enemies":"Gremlin Leader","floor":27,"turns":4},{"damage":8,"enemies":"Cultist and Chosen","floor":28,"turns":5},{"damage":9,"enemies":"Snecko","floor":29,"turns":4},{"damage":10,"enemies":"Centurion and Healer","floor":30,"turns":5},{"damage":72,"enemies":"Automaton","floor":33,"turns":9},{"damage":5,"enemies":"3 Darklings","floor":35,"turns":3},{"damage":25,"enemies":"3 Shapes","floor":36,"turns":5},{"damage":18,"enemies":"Sphere and 2 Shapes","floor":39,"turns":4},{"damage":34,"enemies":"Nemesis","floor":40,"turns":6},{"damage":10,"enemies":"Maw","floor":44,"turns":6},{"damage":4,"enemies":"4 Shapes","floor":45,"turns":3},{"damage":9,"enemies":"2 Orb Walkers","floor":47,"turns":3},{"damage":1,"enemies":"3 Darklings","floor":48,"turns":3},{"damage":63,"enemies":"Donu and Deca","floor":50,"turns":8}],"event_choices":[{"event_name":"Scrap Ooze","player_choice":"success","floor":2,"damage_taken":25},{"event_name":"Golden Idol","player_choice":"Take Wound","floor":4,"damage_taken":0},{"event_name":"Match and Keep!","player_choice":"1 cards matched","floor":11,"damage_taken":0},{"event_name":"Shining Light","player_choice":"Entered Light","floor":14,"damage_taken":0},{"event_name":"Beggar","player_choice":"Gave Gold","floor":19,"damage_taken":0},{"event_name":"Vampires","player_choice":"Became a vampire (Vial)","floor":20,"damage_taken":0},{"event_name":"Cursed Tome","player_choice":"Obtained Book","floor":25,"damage_taken":0},{"event_name":"The Woman in Blue","player_choice":"Bought 0 Potions","floor":31,"damage_taken":0},{"event_name":"The Moai Head","player_choice":"Gave Idol","floor":38,"damage_taken":0}],"boss_relics":[{"not_picked":["Philosopher\u0027s Stone","Question Card"],"picked":"Sozu"},{"not_picked":["Velvet Choker","Astrolabe"],"picked":"Calling Bell"}],"potions_floor_spawned":[1,7,12,13,27,28,35,40,44],"seed_played":"5597910651682006762","ascension_level":0,"is_trial":false}