{"gold_per_floor":[118,190,265,276,286,286,304,329,375,427,427,440,458,469,469,469],"floor_reached":16,"playtime":711,"items_purged":[],"score":146,"play_id":"f978c672-2bc0-4c74-8443-29faa68dd1ee","local_time":"20190610183419","is_ascension_mode":true,"campfire_choices":[{"floor":6,"key":"REST"},{"floor":15,"key":"REST"}],"neow_cost":"NONE","seed_source_timestamp":1310173881388825,"circlet_count":0,"master_deck":["Defend_G","Defend_G","Defend_G","Defend_G","Defend_G","Strike_G","Strike_G","Strike_G","Strike_G","Strike_G","Survivor","Neutralize","Underhanded Strike","Infinite Blades","Acrobatics","Underhanded Strike","Infinite Blades","Escape Plan+1","Expertise+1","Cloak And Dagger+1"],"relics":["Ring of the Snake","Regal Pillow","Toxic Egg 2","Orichalcum","Bag of Preparation","Art of War"],"potions_floor_usage":[12,13],"damage_taken":[{"damage":6,"enemies":"Small Slimes","floor":1,"turns":5},{"damage":7,"enemies":"Jaw Worm","floor":4,"turns":6},{"damage":0,"enemies":"Cultist","floor":5,"turns":4},{"damage":3,"enemies":"2 Fungi Beasts","floor":7,"turns":5},{"damage":40,"enemies":"Gremlin Nob","floor":8,"turns":5},{"damage":2,"enemies":"Lots of Slimes","floor":12,"turns":4},{"damage":1,"enemies":"3 Louse","floor":13,"turns":3},{"damage":4,"enemies":"Blue Slaver","floor":14,"turns":3},{"damage":0,"enemies":"The Guardian","floor":16,"turns":1}],"seed_played":"-6339789175826966286","potions_obtained":[{"floor":7,"key":"Explosive Potion"},{"floor":8,"key":"Poison Potion"},{"floor":12,"key":"Block Potion"},{"floor":14,"key":"Dexterity Potion"}],"is_trial":false,"path_per_floor":["M","?","?","M","M","R","M","E","T","T","?","M","M","M","R","B"],"character_chosen":"THE_SILENT","items_purchased":[],"campfire_rested":2,"item_purchase_floors":[],"current_hp_per_floor":[57,57,46,39,39,70,67,27,27,27,27,25,24,20,56,56],"gold":469,"neow_bonus":"RANDOM_COMMON_RELIC","is_prod":false,"is_daily":false,"chose_seed":false,"campfire_upgraded":0,"win_rate":0,"timestamp":1560180859,"path_taken":["M","?","?","M","M","R","M","E","T","?","?","?","M","M","R","BOSS"],"build_version":"2019-01-23","purchased_purges":0,"victory":false,"max_hp_per_floor":[70,70,70,70,70,70,70,70,70,70,70,70,70,70,70,70],"card_choices":[{"not_picked":["Backflip","Quick Slash"],"picked":"Underhanded Strike","floor":1},{"not_picked":["Bouncing Flask","Quick Slash"],"picked":"Infinite Blades","floor":4},{"not_picked":["Deadly Poison","Poisoned Stab"],"picked":"Acrobatics","floor":5},{"not_picked":["Sucker Punch","Acrobatics"],"picked":"Underhanded Strike","floor":7},{"not_picked":["Noxious Fumes","Grand Finale"],"picked":"Infinite Blades","floor":8},{"not_picked":["Blade Dance+1","Bane"],"picked":"Escape Plan+1","floor":12},{"not_picked":["Catalyst+1","Dodge and Roll+1"],"picked":"Expertise+1","floor":13},{"not_picked":["Noxious Fumes","Bouncing Flask+1"],"picked":"Cloak And Dagger+1","floor":14}],"player_experience":1502960,"relics_obtained":[{"floor":8,"key":"Toxic Egg 2"},{"floor":9,"key":"Orichalcum"},{"floor":10,"key":"Bag of Preparation"}],"event_choices":[{"damage_healed":0,"gold_gain":72,"player_choice":"Gained Gold","damage_taken":0,"max_hp_gain":0,"max_hp_loss":0,"event_name":"Golden Wing","floor":2,"gold_loss":0},{"damage_healed":0,"gold_gain":75,"player_choice":"Gather Gold","damage_taken":11,"max_hp_gain":0,"max_hp_loss":0,"event_name":"World of Goop","floor":3,"gold_loss":0},{"damage_healed":0,"gold_gain":0,"player_choice":"Gave Potion","damage_taken":0,"relics_obtained":["Art of War"],"max_hp_gain":0,"max_hp_loss":0,"event_name":"WeMeetAgain","floor":11,"gold_loss":0}],"is_beta":false,"boss_relics":[],"items_purged_floors":[],"is_endless":false,"potions_floor_spawned":[7,8,12,14],"killed_by":"The Guardian","ascension_level":8}