{"gold_per_floor":[119,119,44,60,60,95,95,130,155,155,169,169],"floor_reached":12,"playtime":906,"items_purged":["Regret"],"score":172,"play_id":"c71f0cec-a094-4b03-a8b0-8308cc09d74d","local_time":"20190711222028","is_ascension_mode":true,"campfire_choices":[{"floor":7,"key":"REST"},{"floor":10,"key":"REST"}],"neow_cost":"NONE","seed_source_timestamp":75218894137248,"circlet_count":0,"master_deck":["AscendersBane","Strike_G","Strike_G","Strike_G","Strike_G","Strike_G","Defend_G","Defend_G","Defend_G","Defend_G","Defend_G","Survivor","Neutralize","Slice","Poisoned Stab+1","PiercingWail","Backflip","Poisoned Stab"],"relics":["Ring of the Snake","Bronze Scales","Happy Flower","Smiling Mask","Strawberry","Omamori"],"potions_floor_usage":[8,8,12],"damage_taken":[{"damage":6,"enemies":"Small Slimes","floor":1,"turns":4},{"damage":2,"enemies":"Jaw Worm","floor":4,"turns":5},{"damage":32,"enemies":"3 Sentries","floor":6,"turns":12},{"damage":32,"enemies":"Lagavulin","floor":8,"turns":7},{"damage":1,"enemies":"2 Louse","floor":11,"turns":3},{"damage":29,"enemies":"3 Sentries","floor":12,"turns":8}],"seed_played":"-8140405588101584207","potions_obtained":[{"floor":1,"key":"GhostInAJar"},{"floor":4,"key":"Weak Potion"},{"floor":8,"key":"FearPotion"}],"is_trial":false,"path_per_floor":["M","?","$","M","?","E","R","E","T","R","M","E"],"character_chosen":"THE_SILENT","items_purchased":[],"campfire_rested":2,"item_purchase_floors":[],"current_hp_per_floor":[53,53,53,51,51,19,38,13,13,34,33,4],"gold":169,"neow_bonus":"RANDOM_COMMON_RELIC","is_prod":false,"is_daily":false,"chose_seed":false,"campfire_upgraded":0,"win_rate":0,"timestamp":1562876428,"path_taken":["M","?","$","M","?","E","R","E","T","R","M","E"],"build_version":"2019-07-05","purchased_purges":1,"victory":false,"max_hp_per_floor":[66,66,66,66,66,66,66,73,73,73,73,73],"card_choices":[{"not_picked":["Caltrops","Terror"],"picked":"Slice","floor":1},{"not_picked":["Cloak And Dagger","Deflect"],"picked":"Poisoned Stab","floor":4},{"not_picked":["Slice","Expertise"],"picked":"PiercingWail","floor":6},{"not_picked":["After Image","Skewer"],"picked":"Backflip","floor":8},{"not_picked":["Acrobatics","Dodge and Roll"],"picked":"Poisoned Stab","floor":11}],"player_experience":1210731,"relics_obtained":[{"floor":6,"key":"Smiling Mask"},{"floor":8,"key":"Strawberry"},{"floor":9,"key":"Omamori"}],"event_choices":[{"damage_healed":0,"gold_gain":0,"player_choice":"Box","damage_taken":0,"relics_obtained":["Happy Flower"],"max_hp_gain":0,"max_hp_loss":0,"event_name":"Big Fish","floor":2,"gold_loss":0,"cards_obtained":["Regret"]},{"damage_healed":0,"gold_gain":0,"player_choice":"Grow","damage_taken":0,"max_hp_gain":0,"max_hp_loss":0,"event_name":"Living Wall","floor":5,"gold_loss":0,"cards_upgraded":["Poisoned Stab"]}],"is_beta":false,"boss_relics":[],"items_purged_floors":[3],"is_endless":false,"potions_floor_spawned":[1,4,8],"killed_by":"3 Sentries","ascension_level":20}