{"gold_per_floor":[118,118,134,5,280,280,324,52,132,205,221,237,237,272,272,366,366,384,216,241,241,241,241,280,280,306,306,306,345,381,149,149,245,245,261,261,285,285,310,310],"floor_reached":40,"playtime":1131,"items_purged":["Defend_B","Regret"],"score":955,"play_id":"51c648ce-adaf-47f0-a35c-4ba0a93151d3","local_time":"20190626183546","is_ascension_mode":true,"campfire_choices":[{"data":"Zap","floor":6.0,"key":"SMITH"},{"data":"Blizzard","floor":13.0,"key":"SMITH"},{"data":"Static Discharge","floor":15.0,"key":"SMITH"},{"data":"Creative AI","floor":23.0,"key":"SMITH"},{"floor":25.0,"key":"REST"},{"floor":27.0,"key":"REST"},{"data":"Creative AI","floor":32.0,"key":"SMITH"}],"neow_cost":"NONE","seed_source_timestamp":362973549815200,"circlet_count":0,"master_deck":["AscendersBane","Zap+1","Dualcast","Glacier","Chill","Ball Lightning","Loop","Self Repair","Rip and Tear","Coolheaded","Blizzard+1","Core Surge","Beam Cell","Static Discharge+1","Reboot","Meteor Strike","Rebound","Creative AI+1","All For One","Creative AI+1","Scrape","Turbo","Cold Snap","Cold Snap+1","Cold Snap+1","Coolheaded","Defragment","Core Surge","Panacea","Finesse","Blizzard+1"],"special_seed":0,"relics":["Cracked Core","NeowsBlessing","Golden Idol","Mummified Hand","Shuriken","Tiny Chest","Du-Vu Doll","Pandora\u0027s Box","DataDisk","Ornamental Fan","Bronze Scales","Enchiridion","MawBank","Happy Flower","Busted Crown","GremlinMask"],"potions_floor_usage":[],"damage_taken":[{"damage":0.0,"enemies":"Jaw Worm","floor":1.0,"turns":1.0},{"damage":0.0,"enemies":"2 Louse","floor":3.0,"turns":1.0},{"damage":0.0,"enemies":"Lagavulin","floor":7.0,"turns":1.0},{"damage":27.0,"enemies":"Gremlin Nob","floor":10.0,"turns":4.0},{"damage":0.0,"enemies":"Cultist","floor":11.0,"turns":3.0},{"damage":2.0,"enemies":"Exordium Thugs","floor":12.0,"turns":3.0},{"damage":13.0,"enemies":"Lagavulin","floor":14.0,"turns":7.0},{"damage":24.0,"enemies":"Hexaghost","floor":16.0,"turns":7.0},{"damage":0.0,"enemies":"Chosen","floor":18.0,"turns":3.0},{"damage":5.0,"enemies":"Spheric Guardian","floor":20.0,"turns":3.0},{"damage":46.0,"enemies":"Book of Stabbing","floor":24.0,"turns":4.0},{"damage":14.0,"enemies":"Gremlin Leader","floor":29.0,"turns":4.0},{"damage":3.0,"enemies":"Snecko","floor":30.0,"turns":3.0},{"damage":13.0,"enemies":"Automaton","floor":33.0,"turns":9.0},{"damage":6.0,"enemies":"3 Darklings","floor":35.0,"turns":2.0},{"damage":5.0,"enemies":"3 Shapes","floor":37.0,"turns":4.0},{"damage":36.0,"enemies":"Writhing Mass","floor":39.0,"turns":4.0},{"damage":11,"enemies":"Reptomancer","floor":40,"turns":1}],"seed_played":"449139759186378436","potions_obtained":[{"floor":3.0,"key":"Energy Potion"},{"floor":10.0,"key":"Energy Potion"},{"floor":18.0,"key":"Ancient Potion"},{"floor":24.0,"key":"Block Potion"},{"floor":33.0,"key":"Energy Potion"}],"is_trial":false,"path_per_floor":["M","?","M","$","?","R","E","$","T","E","M","M","R","E","R","B",null,"M","$","M","?","?","R","E","R","T","R","?","E","M","$","R","B",null,"M","?","M","?","M","E"],"character_chosen":"DEFECT","items_purchased":["Ball Lightning","Self Repair","Rip and Tear","Coolheaded","DataDisk","Happy Flower","Defragment"],"campfire_rested":2,"item_purchase_floors":[4,8,8,8,19,31,31],"current_hp_per_floor":[64,64,64,64,64,64,64,64,64,44,44,49,49,43,43,26,55,55,55,50,50,50,50,11,30,30,49,28,21,25,25,25,19,53,54,44,46,46,10,0],"gold":310,"neow_bonus":"THREE_ENEMY_KILL","is_prod":false,"is_daily":false,"chose_seed":false,"campfire_upgraded":5,"win_rate":0,"timestamp":1561541746,"path_taken":["M","?","M","$","?","R","E","$","T","E","?","M","R","E","R","BOSS","M","$","M","?","?","R","E","R","T","R","?","E","M","$","R","BOSS","M","?","M","?","M","E"],"build_version":"2019-01-23","purchased_purges":2,"victory":false,"max_hp_per_floor":[71,64,64,64,64,64,64,64,64,64,64,64,64,64,64,64,64,64,64,64,64,64,64,64,64,64,64,64,64,64,64,64,64,64,64,64,64,64,64,64],"card_choices":[{"not_picked":["Conserve Battery","Double Energy"],"picked":"Glacier","floor":1.0},{"not_picked":["Genetic Algorithm","Coolheaded"],"picked":"Chill","floor":3.0},{"not_picked":["Leap","Steam"],"picked":"Loop","floor":7.0},{"not_picked":["Steam","Self Repair"],"picked":"Blizzard","floor":10.0},{"not_picked":["Chaos","Compile Driver"],"picked":"Core Surge","floor":11.0},{"not_picked":["Hologram","Aggregate"],"picked":"Beam Cell","floor":12.0},{"not_picked":["Cold Snap","Conserve Battery"],"picked":"Static Discharge","floor":14.0},{"not_picked":["Thunder Strike","Core Surge"],"picked":"Reboot","floor":16.0},{"not_picked":["Barrage","Reinforced Body+1"],"picked":"Turbo","floor":18.0},{"not_picked":["Conserve Battery+1","Redo"],"picked":"Cold Snap","floor":20.0},{"not_picked":["Rainbow","Conserve Battery"],"picked":"Cold Snap+1","floor":24.0},{"not_picked":["Recycle","Conserve Battery"],"picked":"Cold Snap+1","floor":29.0},{"not_picked":["Compile Driver","Hologram"],"picked":"Coolheaded","floor":30.0},{"not_picked":["Amplify","Reboot"],"picked":"Core Surge","floor":33.0},{"not_picked":["Scrape"],"picked":"SKIP","floor":35.0},{"not_picked":[],"picked":"Panacea","floor":36.0},{"not_picked":[],"picked":"Finesse","floor":36.0},{"not_picked":[],"picked":"Blizzard+1","floor":37.0},{"not_picked":["Go for the Eyes+1"],"picked":"SKIP","floor":39.0}],"player_experience":815238,"relics_obtained":[{"floor":7.0,"key":"Mummified Hand"},{"floor":9.0,"key":"Shuriken"},{"floor":10.0,"key":"Tiny Chest"},{"floor":14.0,"key":"Du-Vu Doll"},{"floor":24.0,"key":"Ornamental Fan"},{"floor":26.0,"key":"Bronze Scales"},{"floor":28.0,"key":"Enchiridion"},{"floor":29.0,"key":"MawBank"}],"event_choices":[{"damage_healed":0.0,"max_hp_gain":0.0,"max_hp_loss":7.0,"gold_gain":0.0,"event_name":"Golden Idol","player_choice":"Lose Max HP","floor":2.0,"gold_loss":0.0,"damage_taken":0.0,"relics_obtained":["Golden Idol"]},{"damage_healed":0.0,"max_hp_gain":0.0,"max_hp_loss":0.0,"gold_gain":275.0,"event_name":"Golden Shrine","player_choice":"Desecrate","floor":5.0,"gold_loss":0.0,"damage_taken":0.0,"cards_obtained":["Regret"]},{"damage_healed":0.0,"max_hp_gain":0.0,"max_hp_loss":0.0,"gold_gain":0.0,"event_name":"Ghosts","player_choice":"Ignored","floor":21.0,"gold_loss":0.0,"damage_taken":0.0},{"cards_removed":["Doom and Gloom"],"damage_healed":0.0,"max_hp_gain":0.0,"max_hp_loss":0.0,"gold_gain":0.0,"event_name":"Back to Basics","player_choice":"Elegance","floor":22.0,"gold_loss":0.0,"damage_taken":0.0},{"damage_healed":0.0,"max_hp_gain":0.0,"max_hp_loss":0.0,"gold_gain":0.0,"event_name":"Cursed Tome","player_choice":"Obtained Book","floor":28.0,"gold_loss":0.0,"damage_taken":21.0},{"damage_healed":0.0,"max_hp_gain":0.0,"max_hp_loss":0.0,"gold_gain":0.0,"event_name":"SensoryStone","player_choice":"Memory 3","floor":36.0,"gold_loss":0.0,"damage_taken":10.0},{"damage_healed":0.0,"max_hp_gain":0.0,"max_hp_loss":0.0,"gold_gain":0.0,"event_name":"FaceTrader","player_choice":"Trade","floor":38.0,"gold_loss":0.0,"damage_taken":0.0,"relics_obtained":["GremlinMask"]}],"is_beta":false,"boss_relics":[{"not_picked":["Velvet Choker","Eternal Feather"],"picked":"Pandora\u0027s Box"},{"not_picked":["Sozu","Runic Pyramid"],"picked":"Busted Crown"}],"items_purged_floors":[4,8],"is_endless":false,"potions_floor_spawned":[3,10,12,18,24,33],"killed_by":"Reptomancer","ascension_level":20}