{"gold_per_floor":[19,38,55,71,36,36,49,49,98,98,110,140,205,231,231,302,302,316,316,316,329,155,481,492,492,492,19,19,19,29,55,55,132,132,143,158,158,380,317,345,367,404,443,470,482,509,538,569,581,593,605],"floor_reached":51,"playtime":2297,"items_purged":["Defend_B","Fusion","Go for the Eyes"],"score":1743,"play_id":"c95ed3db-323b-4d49-b729-d753250e6dc2","local_time":"20190623200731","is_ascension_mode":true,"campfire_choices":[{"data":"Defragment","floor":6.0,"key":"SMITH"},{"data":"Fission","floor":8.0,"key":"SMITH"},{"data":"Creative AI","floor":10.0,"key":"SMITH"},{"data":"Coolheaded","floor":15.0,"key":"SMITH"},{"data":"Reboot","floor":25.0,"key":"SMITH"},{"data":"Loop","floor":32.0,"key":"SMITH"},{"floor":45.0,"key":"RECALL"},{"data":"Consume","floor":49.0,"key":"SMITH"}],"neow_cost":"NO_GOLD","seed_source_timestamp":107952672448000,"circlet_count":0,"master_deck":["AscendersBane","Defend_B","Zap","Dualcast","Fission+1","Coolheaded+1","Defragment+1","Coolheaded+1","Creative AI+1","Cold Snap+1","Tempest+1","Core Surge","Turbo","Ghostly","Ghostly","Ghostly","Reboot+1","Rip and Tear+1","Self Repair","Defragment","Loop+1","Electrodynamics","Blizzard","Consume+1","Chill"],"special_seed":0,"relics":["Cracked Core","Art of War","Shuriken","War Paint","Singing Bowl","Empty Cage","Old Coin","Symbiotic Virus","Membership Card","Bottled Tornado","Red Mask","Runic Dome","MawBank","Whetstone"],"potions_floor_usage":[],"damage_taken":[{"damage":6.0,"enemies":"Cultist","floor":1.0,"turns":3.0},{"damage":4.0,"enemies":"2 Louse","floor":2.0,"turns":2.0},{"damage":2.0,"enemies":"Jaw Worm","floor":3.0,"turns":4.0},{"damage":4.0,"enemies":"Looter","floor":4.0,"turns":4.0},{"damage":1.0,"enemies":"2 Fungi Beasts","floor":7.0,"turns":4.0},{"damage":9.0,"enemies":"Blue Slaver","floor":11.0,"turns":5.0},{"damage":0.0,"enemies":"Gremlin Nob","floor":12.0,"turns":3.0},{"damage":11.0,"enemies":"Gremlin Nob","floor":13.0,"turns":3.0},{"damage":0.0,"enemies":"Lagavulin","floor":14.0,"turns":6.0},{"damage":0.0,"enemies":"The Guardian","floor":16.0,"turns":14.0},{"damage":12.0,"enemies":"Chosen","floor":18.0,"turns":4.0},{"damage":0.0,"enemies":"Shell Parasite","floor":21.0,"turns":7.0},{"damage":12.0,"enemies":"Slavers","floor":23.0,"turns":8.0},{"damage":7.0,"enemies":"Sentry and Sphere","floor":24.0,"turns":6.0},{"damage":15.0,"enemies":"Snake Plant","floor":30.0,"turns":3.0},{"damage":2.0,"enemies":"Masked Bandits","floor":31.0,"turns":5.0},{"damage":0.0,"enemies":"Collector","floor":33.0,"turns":11.0},{"damage":4.0,"enemies":"3 Shapes","floor":35.0,"turns":4.0},{"damage":0.0,"enemies":"Orb Walker","floor":36.0,"turns":4.0},{"damage":0.0,"enemies":"Reptomancer","floor":40.0,"turns":5.0},{"damage":3.0,"enemies":"4 Shapes","floor":41.0,"turns":3.0},{"damage":18.0,"enemies":"Transient","floor":44.0,"turns":6.0},{"damage":0.0,"enemies":"Sphere and 2 Shapes","floor":46.0,"turns":4.0},{"damage":0.0,"enemies":"Maw","floor":47.0,"turns":6.0},{"damage":0.0,"enemies":"3 Darklings","floor":48.0,"turns":3.0},{"damage":41.0,"enemies":"Time Eater","floor":50.0,"turns":17.0},{"damage":0,"enemies":"Awakened One","floor":51,"turns":1}],"seed_played":"1849471717621998115","potions_obtained":[{"floor":2.0,"key":"Swift Potion"},{"floor":3.0,"key":"Explosive Potion"},{"floor":11.0,"key":"AttackPotion"},{"floor":23.0,"key":"Strength Potion"},{"floor":33.0,"key":"Block Potion"},{"floor":36.0,"key":"SkillPotion"},{"floor":46.0,"key":"Dexterity Potion"}],"is_trial":false,"path_per_floor":["M","M","M","M","?","R","M","R","T","R","M","E","?","E","R","B",null,"M","?","?","M","$","E","M","R","T","$","?","$","M","?","R","B",null,"M","M","?","?","$","E","M","T","T","M","R","M","M","M","R","B","B"],"character_chosen":"DEFECT","items_purchased":["Rip and Tear","Swift Potion","Membership Card","Bottled Tornado","PowerPotion","Defragment"],"campfire_rested":0,"item_purchase_floors":[22,22,27,27,27,27],"current_hp_per_floor":[58,54,52,48,65,65,64,64,64,64,55,55,44,46,46,46,66,54,36,36,38,38,26,28,28,28,28,28,28,22,29,29,43,44,46,46,42,42,42,51,50,50,50,39,39,46,55,60,60,26,26],"gold":605,"neow_bonus":"TRANSFORM_TWO_CARDS","is_prod":false,"is_daily":false,"chose_seed":false,"campfire_upgraded":7,"win_rate":0,"timestamp":1561288051,"path_taken":["M","?","M","M","?","R","M","R","T","R","M","E","?","E","R","BOSS","M","?","?","M","$","E","M","R","T","$","?","?","?","?","R","BOSS","M","M","?","?","$","E","M","?","T","?","R","M","M","M","R","BOSS","BOSS"],"build_version":"2019-01-23","purchased_purges":3,"victory":false,"max_hp_per_floor":[71,71,71,71,71,71,71,71,71,71,71,71,71,73,73,73,73,73,36,36,38,38,38,40,40,40,40,40,40,42,44,44,44,44,46,46,52,52,52,54,56,56,56,56,56,56,58,60,60,60,60],"card_choices":[{"not_picked":["Turbo","Skim"],"picked":"Coolheaded","floor":1.0},{"not_picked":["Redo","Sweeping Beam"],"picked":"Defragment","floor":2.0},{"not_picked":["Beam Cell","Undo"],"picked":"Coolheaded","floor":3.0},{"not_picked":["Turbo","Genetic Algorithm","Force Field"],"picked":"SKIP","floor":4.0},{"not_picked":["Chaos","Sweeping Beam"],"picked":"Creative AI","floor":7.0},{"not_picked":["Redo","Turbo"],"picked":"Cold Snap","floor":11.0},{"not_picked":["Coolheaded","Go for the Eyes"],"picked":"Tempest","floor":12.0},{"not_picked":["Steam","Go for the Eyes","Redo"],"picked":"Singing Bowl","floor":14.0},{"not_picked":["Machine Learning","Amplify"],"picked":"Core Surge","floor":16.0},{"not_picked":["Cold Snap","Stack+1"],"picked":"Turbo","floor":18.0},{"not_picked":["Turbo","Rip and Tear","Skim"],"picked":"Singing Bowl","floor":21.0},{"not_picked":["Lockon","Tempest"],"picked":"Self Repair","floor":23.0},{"not_picked":["Beam Cell","Leap","Compile Driver"],"picked":"Singing Bowl","floor":24.0},{"not_picked":["Barrage","Sweeping Beam","Creative AI"],"picked":"Singing Bowl","floor":30.0},{"not_picked":["Redo+1","Gash","Compile Driver"],"picked":"Singing Bowl","floor":31.0},{"not_picked":["Machine Learning","Rainbow"],"picked":"Electrodynamics","floor":33.0},{"not_picked":["Cold Snap","Doom and Gloom","Compile Driver"],"picked":"Singing Bowl","floor":35.0},{"not_picked":["Force Field","Sweeping Beam"],"picked":"Blizzard","floor":36.0},{"not_picked":["PanicButton","Good Instincts","Forethought"],"picked":"Singing Bowl","floor":37.0},{"not_picked":["Chrysalis","Jack Of All Trades","Enlightenment"],"picked":"Singing Bowl","floor":37.0},{"not_picked":["Deep Breath","Impatience","Metamorphosis"],"picked":"Singing Bowl","floor":37.0},{"not_picked":["Conserve Battery","Sunder","Static Discharge"],"picked":"Singing Bowl","floor":40.0},{"not_picked":["Melter","Go for the Eyes+1","Cold Snap+1"],"picked":"Singing Bowl","floor":41.0},{"not_picked":["Reprogram+1","Steam+1"],"picked":"Consume","floor":44.0},{"not_picked":["Go for the Eyes","Conserve Battery"],"picked":"Chill","floor":46.0},{"not_picked":["Ball Lightning","Redo+1","BootSequence"],"picked":"Singing Bowl","floor":47.0},{"not_picked":["Compile Driver","Hologram","Cold Snap"],"picked":"Singing Bowl","floor":48.0}],"player_experience":774998,"relics_obtained":[{"floor":9.0,"key":"Art of War"},{"floor":12.0,"key":"Shuriken"},{"floor":13.0,"key":"War Paint"},{"floor":14.0,"key":"Singing Bowl"},{"floor":23.0,"key":"Old Coin"},{"floor":26.0,"key":"Symbiotic Virus"},{"floor":31.0,"key":"Red Mask"},{"floor":40.0,"key":"MawBank"},{"floor":43.0,"key":"Whetstone"}],"event_choices":[{"damage_healed":17.0,"max_hp_gain":0.0,"max_hp_loss":0.0,"gold_gain":0.0,"event_name":"The Cleric","player_choice":"Healed","floor":5.0,"gold_loss":35.0,"damage_taken":0.0},{"damage_healed":0.0,"max_hp_gain":0.0,"max_hp_loss":0.0,"gold_gain":0.0,"event_name":"Dead Adventurer","player_choice":"Searched \u00271\u0027 times","floor":13.0,"gold_loss":0.0,"damage_taken":0.0},{"damage_healed":0.0,"max_hp_gain":0.0,"max_hp_loss":37.0,"gold_gain":0.0,"event_name":"Ghosts","player_choice":"Became a Ghost","floor":19.0,"gold_loss":0.0,"damage_taken":0.0,"cards_obtained":["Ghostly","Ghostly","Ghostly"]},{"damage_healed":0.0,"max_hp_gain":0.0,"max_hp_loss":0.0,"gold_gain":0.0,"cards_transformed":["Strike_B","Strike_B"],"event_name":"Drug Dealer","player_choice":"Became Test Subject","floor":20.0,"gold_loss":0.0,"damage_taken":0.0,"cards_obtained":["Fusion","Reboot"]},{"damage_healed":0.0,"max_hp_gain":0.0,"max_hp_loss":0.0,"gold_gain":0.0,"event_name":"The Library","player_choice":"Read","floor":28.0,"gold_loss":0.0,"damage_taken":0.0,"cards_obtained":["Loop"]},{"damage_healed":0.0,"max_hp_gain":0.0,"max_hp_loss":0.0,"gold_gain":0.0,"event_name":"Masked Bandits","player_choice":"Fought Bandits","floor":31.0,"gold_loss":0.0,"damage_taken":0.0},{"damage_healed":0.0,"max_hp_gain":0.0,"max_hp_loss":0.0,"gold_gain":0.0,"event_name":"SensoryStone","player_choice":"Memory 3","floor":37.0,"gold_loss":0.0,"damage_taken":10.0},{"damage_healed":0.0,"max_hp_gain":0.0,"max_hp_loss":0.0,"gold_gain":222.0,"event_name":"Tomb of Lord Red Mask","player_choice":"Wore Mask","floor":38.0,"gold_loss":0.0,"damage_taken":0.0}],"is_beta":false,"boss_relics":[{"not_picked":["Eternal Feather","Coffee Dripper"],"picked":"Empty Cage"},{"not_picked":["Snecko Eye","Calling Bell"],"picked":"Runic Dome"}],"items_purged_floors":[22,27,39],"is_endless":false,"potions_floor_spawned":[2,3,11,23,31,33,36,40,46,48],"killed_by":"Awakened One","ascension_level":20}