{"gold_per_floor":[118,136,136,136,161,161,202,202,252,285,285,303,327,347,347,471,471,484,498,4,24,24,62,62,93,120,120],"floor_reached":27,"playtime":1927,"items_purged":[],"score":380,"play_id":"910b80e0-e118-4812-897f-0a144f978dd4","local_time":"20190608123353","is_ascension_mode":true,"campfire_choices":[{"floor":6,"key":"REST"},{"floor":8,"key":"REST"},{"floor":15,"key":"REST"},{"floor":24,"key":"REST"}],"neow_cost":"NONE","seed_source_timestamp":1114531822393859,"circlet_count":0,"master_deck":["Defend_G","Defend_G","Defend_G","Defend_G","Defend_G","Strike_G","Strike_G","Strike_G","Strike_G","Strike_G","Survivor","Neutralize","Quick Slash","Dagger Throw","Backstab","Prepared","Well Laid Plans","Acrobatics","Expertise","Dash","Reflex","Underhanded Strike","Prepared","Unload","Calculated Gamble","Underhanded Strike","Quick Slash","Metamorphosis","Leg Sweep","Underhanded Strike","Underhanded Strike","Distraction","Underhanded Strike"],"relics":["Ring of the Snake","Dream Catcher","Golden Idol","Happy Flower","Ancient Tea Set","Calipers","Snecko Eye","Vajra","Torii","Singing Bowl","Bag of Preparation"],"potions_floor_usage":[14,16,16,18,19,21,21,23,25],"damage_taken":[{"damage":0,"enemies":"Small Slimes","floor":1,"turns":5},{"damage":1,"enemies":"Jaw Worm","floor":2,"turns":4},{"damage":0,"enemies":"Cultist","floor":5,"turns":3},{"damage":19,"enemies":"3 Sentries","floor":7,"turns":10},{"damage":29,"enemies":"Gremlin Nob","floor":10,"turns":5},{"damage":3,"enemies":"Looter","floor":12,"turns":2},{"damage":0,"enemies":"Red Slaver","floor":13,"turns":2},{"damage":7,"enemies":"Large Slime","floor":14,"turns":7},{"damage":14,"enemies":"Hexaghost","floor":16,"turns":12},{"damage":12,"enemies":"2 Thieves","floor":18,"turns":4},{"damage":12,"enemies":"Shell Parasite","floor":19,"turns":6},{"damage":13,"enemies":"Chosen and Byrds","floor":21,"turns":7},{"damage":1,"enemies":"Book of Stabbing","floor":23,"turns":4},{"damage":45,"enemies":"Slavers","floor":25,"turns":7},{"damage":11,"enemies":"3 Cultists","floor":27,"turns":3}],"seed_played":"-5453044488756641693","potions_obtained":[{"floor":7,"key":"LiquidBronze"},{"floor":12,"key":"Weak Potion"},{"floor":13,"key":"SpeedPotion"},{"floor":14,"key":"Block Potion"},{"floor":16,"key":"Block Potion"},{"floor":21,"key":"GhostInAJar"},{"floor":23,"key":"Ancient Potion"},{"floor":25,"key":"Fruit Juice"}],"is_trial":false,"path_per_floor":["M","M","?","?","M","R","E","R","T","E","?","M","M","M","R","B",null,"M","M","$","M","?","E","R","E","T","M"],"character_chosen":"THE_SILENT","items_purchased":["Calculated Gamble","Underhanded Strike","Quick Slash","Metamorphosis","SkillPotion","Weak Potion","Leg Sweep"],"campfire_rested":4,"item_purchase_floors":[20,20,20,20,20,20,20],"current_hp_per_floor":[63,62,62,45,45,66,47,68,68,39,44,41,41,34,56,42,67,55,43,43,30,30,29,51,11,11,0],"gold":120,"neow_bonus":"RANDOM_COMMON_RELIC","is_prod":false,"is_daily":false,"chose_seed":false,"campfire_upgraded":0,"win_rate":0,"timestamp":1559986433,"path_taken":["M","M","?","?","M","R","E","R","T","E","?","M","M","?","R","BOSS","M","M","$","M","?","E","R","E","T","?"],"build_version":"2019-01-23","purchased_purges":0,"victory":false,"max_hp_per_floor":[70,70,70,70,70,70,70,70,70,70,75,75,75,75,75,75,75,75,75,75,75,75,75,75,80,80,80],"card_choices":[{"not_picked":["Deflect","Underhanded Strike"],"picked":"Quick Slash","floor":1},{"not_picked":["Cloak And Dagger","Dash"],"picked":"Dagger Throw","floor":2},{"not_picked":["Expertise","Deflect"],"picked":"Backstab","floor":5},{"not_picked":["Expertise","Wraith Form v2"],"picked":"Prepared","floor":6},{"not_picked":["Deadly Poison","Choke"],"picked":"Well Laid Plans","floor":7},{"not_picked":["Flying Knee","Riddle With Holes"],"picked":"Acrobatics","floor":8},{"not_picked":["Crippling Poison","Cloak And Dagger"],"picked":"Expertise","floor":10},{"not_picked":["Slice","Outmaneuver"],"picked":"Dash","floor":12},{"not_picked":["Prepared","Cloak And Dagger"],"picked":"Reflex","floor":13},{"not_picked":["Bane","All Out Attack"],"picked":"Underhanded Strike","floor":14},{"not_picked":["Accuracy","Slice"],"picked":"Prepared","floor":15},{"not_picked":["Storm of Steel","Venomology"],"picked":"Unload","floor":16},{"not_picked":["Dagger Spray+1","Deflect","Finisher"],"picked":"SKIP","floor":18},{"not_picked":["Blur+1","Masterful Stab","Deflect"],"picked":"SKIP","floor":19},{"not_picked":["Deflect","Leg Sweep+1"],"picked":"Underhanded Strike","floor":21},{"not_picked":["Setup","Backstab"],"picked":"Underhanded Strike","floor":23},{"not_picked":["Eviscerate","Backstab"],"picked":"Distraction","floor":24},{"not_picked":["Skewer","Setup"],"picked":"Underhanded Strike","floor":25}],"player_experience":1485483,"relics_obtained":[{"floor":7,"key":"Happy Flower"},{"floor":9,"key":"Ancient Tea Set"},{"floor":10,"key":"Calipers"},{"floor":22,"key":"Vajra"},{"floor":23,"key":"Torii"},{"floor":25,"key":"Singing Bowl"},{"floor":26,"key":"Bag of Preparation"}],"event_choices":[{"damage_healed":0,"gold_gain":0,"player_choice":"Ignored","damage_taken":0,"max_hp_gain":0,"max_hp_loss":0,"event_name":"Golden Wing","floor":3,"gold_loss":0},{"damage_healed":0,"gold_gain":0,"player_choice":"Take Damage","damage_taken":17,"relics_obtained":["Golden Idol"],"max_hp_gain":0,"max_hp_loss":0,"event_name":"Golden Idol","floor":4,"gold_loss":0},{"damage_healed":0,"gold_gain":0,"player_choice":"Donut","damage_taken":0,"max_hp_gain":5,"max_hp_loss":0,"event_name":"Big Fish","floor":11,"gold_loss":0},{"damage_healed":0,"gold_gain":0,"player_choice":"Relic","damage_taken":0,"max_hp_gain":0,"max_hp_loss":0,"event_name":"Wheel of Change","floor":22,"gold_loss":0}],"is_beta":false,"boss_relics":[{"not_picked":["Runic Dome","Busted Crown"],"picked":"Snecko Eye"}],"items_purged_floors":[],"is_endless":false,"potions_floor_spawned":[7,12,13,14,16,21,23,25],"killed_by":"3 Cultists","ascension_level":7}