{"gold_per_floor":[113,113,133,150,150,150,180,180,180,214,214,239,253,265,265,265],"floor_reached":16,"playtime":561,"items_purged":[],"score":240,"play_id":"7ca5f930-fa34-41f6-812c-8cfd53989e73","local_time":"20190715201635","is_ascension_mode":true,"campfire_choices":[{"data":"Predator","floor":6,"key":"SMITH"},{"data":"Neutralize","floor":8,"key":"SMITH"},{"floor":11,"key":"REST"},{"data":"Cloak And Dagger","floor":15,"key":"SMITH"}],"neow_cost":"NONE","seed_source_timestamp":239507441698400,"circlet_count":0,"master_deck":["AscendersBane","Strike_G","Strike_G","Strike_G","Strike_G","Strike_G","Defend_G","Defend_G","Defend_G","Defend_G","Defend_G","Survivor","Neutralize+1","Predator+1","Backflip","Flying Knee","Tactician","Acrobatics","Cloak And Dagger+1","Deflect","Crippling Poison"],"relics":["White Beast Statue","FaceOfCleric","Ancient Tea Set","Kunai","Centennial Puzzle","Letter Opener"],"potions_floor_usage":[7,7,10,12,16,16],"damage_taken":[{"damage":21,"enemies":"Jaw Worm","floor":1,"turns":8},{"damage":3,"enemies":"Cultist","floor":3,"turns":4},{"damage":1,"enemies":"Small Slimes","floor":4,"turns":4},{"damage":12,"enemies":"3 Sentries","floor":7,"turns":6},{"damage":24,"enemies":"Gremlin Nob","floor":10,"turns":4},{"damage":20,"enemies":"3 Sentries","floor":12,"turns":10},{"damage":2,"enemies":"2 Fungi Beasts","floor":13,"turns":4},{"damage":0,"enemies":"Large Slime","floor":14,"turns":6},{"damage":16,"enemies":"Slime Boss","floor":16,"turns":9}],"seed_played":"-6866305910402251919","potions_obtained":[{"floor":1,"key":"Explosive Potion"},{"floor":3,"key":"SteroidPotion"},{"floor":7,"key":"Poison Potion"},{"floor":10,"key":"Block Potion"},{"floor":12,"key":"SkillPotion"},{"floor":13,"key":"Ancient Potion"},{"floor":14,"key":"Weak Potion"}],"is_trial":false,"path_per_floor":["M","?","M","M","?","R","E","R","T","E","R","E","M","M","R","B"],"character_chosen":"THE_SILENT","items_purchased":[],"campfire_rested":1,"item_purchase_floors":[],"current_hp_per_floor":[38,60,57,56,56,56,45,45,45,22,42,23,22,23,23,7],"gold":265,"neow_bonus":"BOSS_RELIC","is_prod":false,"is_daily":false,"chose_seed":false,"campfire_upgraded":3,"win_rate":0,"timestamp":1563189395,"path_taken":["M","?","M","M","?","R","E","R","T","E","R","E","?","M","R","BOSS"],"build_version":"2019-07-05","purchased_purges":0,"victory":false,"max_hp_per_floor":[66,66,66,66,66,66,67,67,67,68,68,69,70,71,71,71],"card_choices":[{"not_picked":["Blade Dance","Deadly Poison"],"picked":"Predator","floor":1},{"not_picked":["Eviscerate","Quick Slash"],"picked":"Backflip","floor":3},{"not_picked":["Expertise","Acrobatics"],"picked":"Flying Knee","floor":4},{"not_picked":["Terror","Flying Knee"],"picked":"Tactician","floor":7},{"not_picked":["Predator","Accuracy"],"picked":"Acrobatics","floor":10},{"not_picked":["Skewer","Crippling Poison"],"picked":"Cloak And Dagger","floor":12},{"not_picked":["Dash","Sucker Punch"],"picked":"Deflect","floor":13},{"not_picked":["Accuracy","Acrobatics"],"picked":"Crippling Poison","floor":14}],"player_experience":1053390,"relics_obtained":[{"floor":7,"key":"Ancient Tea Set"},{"floor":9,"key":"Kunai"},{"floor":10,"key":"Centennial Puzzle"},{"floor":12,"key":"Letter Opener"}],"event_choices":[{"damage_healed":22,"gold_gain":0,"player_choice":"Banana","damage_taken":0,"max_hp_gain":0,"max_hp_loss":0,"event_name":"Big Fish","floor":2,"gold_loss":0},{"damage_healed":0,"gold_gain":0,"player_choice":"Trade","damage_taken":0,"relics_obtained":["FaceOfCleric"],"max_hp_gain":0,"max_hp_loss":0,"event_name":"FaceTrader","floor":5,"gold_loss":0}],"is_beta":false,"boss_relics":[],"items_purged_floors":[],"is_endless":false,"potions_floor_spawned":[1,3,4,7,10,12,13,14],"killed_by":"Slime Boss","ascension_level":20}