{"path_per_floor":["M","?","M","?","M","M","R","M","T","$","E","M","R","?","R","B",null,"M","?","M","$","?","R","E"],"character_chosen":"THE_SILENT","items_purchased":["Kunai","Accuracy","Blade Dance"],"gold_per_floor":[112,112,128,303,313,333,333,343,343,20,53,68,68,68,68,172,202,221,146,112,8,8,8,39],"floor_reached":25,"campfire_rested":1,"playtime":3069,"current_hp_per_floor":[61,61,61,61,61,63,63,63,63,63,59,48,48,48,63,40,68,56,56,55,55,55,55,23],"items_purged":["Doubt"],"gold":39,"score":221,"play_id":"b0350568-3745-4c3f-a1de-630d7029bbf9","is_prod":false,"is_daily":false,"is_ascension_mode":false,"campfire_upgraded":3,"path_taken":["M","?","?","?","M","M","R","M","T","$","E","?","R","?","R","BOSS","M","?","M","$","?","R","E","M"],"build_version":"2018-02-15-PROD1","purchased_purges":1,"victory":false,"master_deck":["Defend_G","Defend_G+1","Defend_G","Defend_G","Defend_G","Strike_G","Strike_G","Strike_G","Strike_G","Strike_G","Survivor","Neutralize","Acrobatics","Dagger Throw","Poisoned Stab","Dagger Throw","Slice","Blade Dance+1","Die Die Die","A Thousand Cuts","Dagger Throw","Infinite Blades","Cloak And Dagger","Accuracy+1","Blade Dance","Masterful Stab"],"max_hp_per_floor":[63,63,63,63,63,63,63,63,63,63,63,63,63,63,63,63,68,68,68,68,68,68,68,68],"relics":["Ring of the Snake","Ninja Scroll","Paper Crane","Kunai","Regal Pillow","Tiny House","Pantograph"],"card_choices":[{"not_picked":["Bullet Time","Burst"],"picked":"Corpse Explosion"},{"not_picked":["Backflip","Underhanded Strike"],"picked":"Acrobatics"},{"not_picked":["Acrobatics","Deflect"],"picked":"Dagger Throw"},{"not_picked":["Dodge and Roll","Prepared"],"picked":"Noxious Fumes"},{"not_picked":["Infinite Blades","Deadly Poison"],"picked":"Poisoned Stab"},{"not_picked":["Flying Knee","Bullet Time"],"picked":"Dagger Throw"},{"not_picked":["Dagger Throw","Bane"],"picked":"Slice"},{"not_picked":["Crippling Poison","Caltrops"],"picked":"Blade Dance"},{"not_picked":["Doppelganger","Wraith Form"],"picked":"A Thousand Cuts"},{"not_picked":["Outmaneuver","Heel Hook"],"picked":"Dagger Throw"},{"not_picked":["Deadly Poison","PiercingWail"],"picked":"Infinite Blades"},{"not_picked":["PiercingWail","Escape Plan"],"picked":"Cloak And Dagger"},{"not_picked":["Expertise","Acrobatics"],"picked":"Masterful Stab"}],"player_experience":139831,"potions_floor_usage":[20,24,24,25],"damage_taken":[{"damage":2.0,"enemies":"Jaw Worm","floor":1.0,"turns":5.0},{"damage":0.0,"enemies":"Cultist","floor":3.0,"turns":5.0},{"damage":0.0,"enemies":"Small Slimes","floor":5.0,"turns":2.0},{"damage":6.0,"enemies":"Exordium Wildlife","floor":6.0,"turns":7.0},{"damage":0.0,"enemies":"Lots of Slimes","floor":8.0,"turns":5.0},{"damage":4.0,"enemies":"3 Sentries","floor":11.0,"turns":7.0},{"damage":11.0,"enemies":"3 Louse","floor":12.0,"turns":3.0},{"damage":35.0,"enemies":"Slime Boss","floor":16.0,"turns":7.0},{"damage":12.0,"enemies":"Shell Parasite","floor":18.0,"turns":4.0},{"damage":1,"enemies":"2 Thieves","floor":20,"turns":5},{"damage":32,"enemies":"Book of Stabbing","floor":24,"turns":6},{"damage":23,"enemies":"Chosen and Byrds","floor":25,"turns":4}],"event_choices":[{"event_name":"Accursed Blacksmith","player_choice":"Rummage","floor":2.0,"damage_taken":0.0},{"event_name":"Liars Game","player_choice":"agreed","floor":4.0,"damage_taken":0.0},{"event_name":"Living Wall","player_choice":"Change","floor":14.0,"damage_taken":0.0},{"event_name":"Beggar","player_choice":"Gave Gold","floor":19.0,"damage_taken":0.0},{"event_name":"The Lab","player_choice":"Got Potions","floor":22,"damage_taken":0}],"boss_relics":[],"potions_floor_spawned":[3,11,12,18],"seed_played":"2959398487647878294","killed_by":"Chosen and Byrds","ascension_level":0,"is_trial":false}