{"gold_per_floor":[114,114,193,208,208,238,238,238,262,275,303,316,328,9,9,114,114,129,148,160,160,33,33,33],"floor_reached":24,"playtime":1229,"items_purged":["Writhe"],"score":320,"play_id":"3949a664-f4e2-4e25-9b06-94dfb2863ca2","local_time":"20190620183933","is_ascension_mode":true,"campfire_choices":[{"floor":8,"key":"REST"},{"floor":15,"key":"REST"},{"floor":23,"key":"REST"}],"neow_cost":"NONE","seed_source_timestamp":603669923756765,"circlet_count":0,"master_deck":["Defend_G+1","Defend_G","Defend_G","Defend_G","Defend_G","Strike_G","Strike_G","Strike_G","Strike_G","Strike_G","Survivor","Neutralize","Masterful Stab+1","Reflex","Prepared","Blade Dance","Distraction","Dagger Throw","Apotheosis","Endless Agony","Cloak And Dagger","Die Die Die","Accuracy","Flying Knee","Terror","Accuracy","Backflip","Calculated Gamble","Endless Agony","Blade Dance"],"relics":["Ring of the Snake","NeowsBlessing","Dead Branch","Strawberry","Potion Belt","Odd Mushroom","Orrery","Lantern"],"potions_floor_usage":[16,16],"damage_taken":[{"damage":0,"enemies":"Cultist","floor":1,"turns":1},{"damage":0,"enemies":"Small Slimes","floor":4,"turns":1},{"damage":0,"enemies":"Gremlin Nob","floor":6,"turns":1},{"damage":0,"enemies":"Jaw Worm","floor":10,"turns":3},{"damage":15,"enemies":"The Mushroom Lair","floor":11,"turns":6},{"damage":14,"enemies":"Large Slime","floor":12,"turns":7},{"damage":3,"enemies":"Looter","floor":13,"turns":3},{"damage":14,"enemies":"Hexaghost","floor":16,"turns":7},{"damage":4,"enemies":"Chosen","floor":18,"turns":3},{"damage":0,"enemies":"3 Byrds","floor":19,"turns":3},{"damage":9,"enemies":"Centurion and Healer","floor":20,"turns":6},{"damage":84,"enemies":"Gremlin Leader","floor":24,"turns":8}],"seed_played":"521829347757479105","potions_obtained":[{"floor":1,"key":"Dexterity Potion"},{"floor":4,"key":"Weak Potion"}],"is_trial":false,"path_per_floor":["M","$","?","M","?","E","?","R","T","M","?","M","M","$","R","B",null,"M","M","M","?","$","R","E"],"character_chosen":"THE_SILENT","items_purchased":["Apotheosis","Endless Agony","Cloak And Dagger","Blade Dance"],"campfire_rested":3,"item_purchase_floors":[14,14,14,22],"current_hp_per_floor":[63,63,63,63,49,49,53,76,76,76,61,47,44,44,67,53,71,67,67,58,58,58,77,0],"gold":33,"neow_bonus":"THREE_ENEMY_KILL","is_prod":false,"is_daily":false,"chose_seed":false,"campfire_upgraded":0,"win_rate":0,"timestamp":1561045173,"path_taken":["M","$","?","M","?","E","?","R","T","M","?","M","M","?","R","BOSS","M","M","M","?","$","R","E"],"build_version":"2019-01-23","purchased_purges":1,"victory":false,"max_hp_per_floor":[70,70,70,70,70,70,77,77,77,77,77,77,77,77,77,77,77,77,77,77,77,77,77,77],"card_choices":[{"not_picked":["Outmaneuver","Eviscerate"],"picked":"Masterful Stab","floor":1},{"not_picked":["PiercingWail","Prepared"],"picked":"Reflex","floor":4},{"not_picked":["Deflect","Backflip"],"picked":"Prepared","floor":6},{"not_picked":["Dagger Spray","PiercingWail"],"picked":"Blade Dance","floor":10},{"not_picked":["Bouncing Flask","Skewer"],"picked":"Distraction","floor":11},{"not_picked":["Flechettes","Deadly Poison","Unload"],"picked":"SKIP","floor":12},{"not_picked":["Dodge and Roll","Heel Hook"],"picked":"Dagger Throw","floor":13},{"not_picked":["Tools of the Trade","Envenom"],"picked":"Die Die Die","floor":16},{"not_picked":["Concentrate","Deflect"],"picked":"Accuracy","floor":17},{"not_picked":["Dash","Expertise"],"picked":"Flying Knee","floor":17},{"not_picked":["Slice","Underhanded Strike"],"picked":"Terror","floor":17},{"not_picked":["Terror","Quick Slash"],"picked":"Accuracy","floor":17},{"not_picked":["Dodge and Roll","Slice"],"picked":"Backflip","floor":17},{"not_picked":["Footwork","Heel Hook"],"picked":"Calculated Gamble","floor":18},{"not_picked":["Dodge and Roll","Slice+1"],"picked":"Endless Agony","floor":19},{"not_picked":["Backflip","Slice","Unload"],"picked":"SKIP","floor":20}],"player_experience":1551093,"relics_obtained":[{"floor":6,"key":"Dead Branch"},{"floor":9,"key":"Potion Belt"},{"floor":11,"key":"Odd Mushroom"}],"event_choices":[{"damage_healed":0,"gold_gain":79,"player_choice":"Gained Gold","damage_taken":0,"max_hp_gain":0,"max_hp_loss":0,"event_name":"Golden Wing","floor":3,"gold_loss":0},{"damage_healed":0,"gold_gain":0,"player_choice":"Entered Light","damage_taken":14,"max_hp_gain":0,"max_hp_loss":0,"event_name":"Shining Light","floor":5,"gold_loss":0,"cards_upgraded":["Masterful Stab","Defend_G"]},{"damage_healed":0,"gold_gain":0,"player_choice":"Success","damage_taken":3,"relics_obtained":["Strawberry"],"max_hp_gain":0,"max_hp_loss":0,"event_name":"Scrap Ooze","floor":7,"gold_loss":0},{"damage_healed":0,"gold_gain":0,"player_choice":"Fought Mushrooms","damage_taken":0,"max_hp_gain":0,"max_hp_loss":0,"event_name":"Mushrooms","floor":11,"gold_loss":0},{"damage_healed":0,"gold_gain":0,"player_choice":"Opened","damage_taken":0,"relics_obtained":["Lantern"],"max_hp_gain":0,"max_hp_loss":0,"event_name":"The Mausoleum","floor":21,"gold_loss":0,"cards_obtained":["Writhe"]}],"is_beta":false,"boss_relics":[{"not_picked":["Astrolabe","Empty Cage"],"picked":"Orrery"}],"items_purged_floors":[22],"is_endless":false,"potions_floor_spawned":[1,4],"killed_by":"Gremlin Leader","ascension_level":9}