{"gold_per_floor":[20,20,20,38,57,57,101,101,128,128,161,32,32,32],"floor_reached":14,"playtime":436,"items_purged":["Strike_R"],"score":192,"play_id":"3ef6daa1-50f0-428b-8d37-69b57ccb9e0e","local_time":"20190728115555","is_ascension_mode":true,"campfire_choices":[{"data":"Whirlwind","floor":6,"key":"SMITH"},{"data":"Berserk","floor":8,"key":"SMITH"},{"floor":10,"key":"REST"},{"data":"Bash","floor":13,"key":"SMITH"}],"neow_cost":"NO_GOLD","seed_source_timestamp":764985037627200,"circlet_count":0,"master_deck":["AscendersBane","Strike_R","Strike_R","Defend_R","Defend_R","Defend_R","Defend_R","Bash+1","Disarm","Whirlwind+1","True Grit","Berserk+1","Flame Barrier","Evolve"],"relics":["Burning Blood","Golden Idol","Potion Belt","Dream Catcher","Regal Pillow","Bronze Scales"],"potions_floor_usage":[7,11],"damage_taken":[{"damage":15,"enemies":"Small Slimes","floor":1,"turns":6},{"damage":5,"enemies":"2 Louse","floor":4,"turns":3},{"damage":2,"enemies":"Cultist","floor":5,"turns":4},{"damage":28,"enemies":"3 Sentries","floor":7,"turns":7},{"damage":42,"enemies":"Lagavulin","floor":11,"turns":8},{"damage":36,"enemies":"Exordium Thugs","floor":14,"turns":5}],"seed_played":"8247579427134354384","potions_obtained":[{"floor":1,"key":"Explosive Potion"},{"floor":4,"key":"FearPotion"}],"is_trial":false,"path_per_floor":["M","?","?","M","M","R","E","R","T","R","E","$","R","M"],"character_chosen":"IRONCLAD","items_purchased":["Strength Potion"],"campfire_rested":1,"item_purchase_floors":[12],"current_hp_per_floor":[59,33,33,34,38,38,16,16,16,53,17,17,17,0],"gold":32,"neow_bonus":"TRANSFORM_TWO_CARDS","is_prod":false,"is_daily":false,"chose_seed":false,"campfire_upgraded":3,"win_rate":0,"timestamp":1564282555,"path_taken":["M","?","?","?","M","R","E","R","T","R","E","$","R","M"],"build_version":"2019-07-17","purchased_purges":1,"victory":false,"max_hp_per_floor":[75,75,75,75,75,75,75,75,75,75,75,75,75,75],"card_choices":[{"not_picked":["Rampage","Spot Weakness"],"picked":"Whirlwind","floor":1},{"not_picked":["Cleave","Whirlwind"],"picked":"True Grit","floor":4},{"not_picked":["True Grit","Sever Soul","Searing Blow"],"picked":"SKIP","floor":5},{"not_picked":["Body Slam","Thunderclap"],"picked":"Berserk","floor":7},{"not_picked":["Body Slam","Thunderclap"],"picked":"Flame Barrier","floor":10},{"not_picked":["Battle Trance","Pommel Strike"],"picked":"Evolve","floor":11}],"player_experience":1248118,"relics_obtained":[{"floor":7,"key":"Dream Catcher"},{"floor":9,"key":"Regal Pillow"},{"floor":11,"key":"Bronze Scales"}],"event_choices":[{"damage_healed":0,"gold_gain":0,"player_choice":"Take Damage","damage_taken":26,"relics_obtained":["Golden Idol"],"max_hp_gain":0,"max_hp_loss":0,"event_name":"Golden Idol","floor":2,"gold_loss":0},{"cards_removed":["Uppercut"],"damage_healed":0,"gold_gain":0,"player_choice":"Gave Card","damage_taken":0,"relics_obtained":["Potion Belt"],"max_hp_gain":0,"max_hp_loss":0,"event_name":"WeMeetAgain","floor":3,"gold_loss":0}],"is_beta":false,"boss_relics":[],"items_purged_floors":[12],"is_endless":false,"potions_floor_spawned":[1,4],"killed_by":"Exordium Thugs","ascension_level":20}