{"gold_per_floor":[116,116,116,12,12,12,12,51,51,51,69,110,128,169,169,262,262,278,193,226,226,242,276,276,29,53,68,68,68,68,86,86,184,184,207,228,228,252,276,320,320,363,363,386,427,649,649,667,667,667,667,667,667,51,85,85],"floor_reached":57,"playtime":3114,"items_purged":["Strike_B","Strike_B"],"score":3098,"play_id":"13cd3a9d-8327-4661-a547-800ab339b4a3","local_time":"20190627210808","is_ascension_mode":true,"campfire_choices":[{"data":"Cold Snap","floor":6,"key":"SMITH"},{"data":"Defend_B","floor":10,"key":"SMITH"},{"data":"Defragment","floor":15,"key":"SMITH"},{"data":"Echo Form","floor":24,"key":"SMITH"},{"data":"Hologram","floor":28,"key":"SMITH"},{"data":"Doom and Gloom","floor":32,"key":"SMITH"},{"data":"Hologram","floor":41,"key":"SMITH"},{"floor":49,"key":"RECALL"},{"data":"Coolheaded","floor":53,"key":"SMITH"}],"neow_cost":"NONE","seed_source_timestamp":66144858029800,"circlet_count":0,"master_deck":["AscendersBane","Strike_B","Strike_B","Defend_B","Defend_B","Defend_B+1","Defend_B","Zap","Dualcast","Glacier+1","Cold Snap+1","Recycle","Echo Form+1","Glacier","Doom and Gloom+1","Hologram+1","Defragment+1","All For One","Glacier","Tempest+1","Self Repair","Meteor Strike","Glacier","Biased Cognition","Coolheaded+1","Hologram+1","Seek+1","Coolheaded+1","Enlightenment+1","Hologram+1","Blizzard","Heatsinks","Static Discharge+1"],"relics":["Snecko Eye","Golden Idol","Turnip","Pantograph","Omamori","Philosopher\u0027s Stone","Strawberry","Red Mask","Necronomicon","Blue Candle","PreservedInsect","Nloth\u0027s Gift","Inserter","Bag of Marbles","Toxic Egg 2","Bronze Scales","Mummified Hand","Anchor","Blood Vial","Pen Nib","DataDisk"],"potions_floor_usage":[14,20,20,23,42,51,56],"damage_taken":[{"damage":1,"enemies":"Small Slimes","floor":1,"turns":3},{"damage":1,"enemies":"3 Sentries","floor":8,"turns":13},{"damage":1,"enemies":"2 Louse","floor":11,"turns":2},{"damage":14,"enemies":"Gremlin Nob","floor":12,"turns":6},{"damage":0,"enemies":"Cultist","floor":13,"turns":3},{"damage":7,"enemies":"3 Sentries","floor":14,"turns":5},{"damage":0,"enemies":"Slime Boss","floor":16,"turns":10},{"damage":0,"enemies":"Spheric Guardian","floor":18,"turns":4},{"damage":10,"enemies":"Masked Bandits","floor":20,"turns":5},{"damage":3,"enemies":"3 Byrds","floor":22,"turns":4},{"damage":0,"enemies":"Book of Stabbing","floor":23,"turns":4},{"damage":0,"enemies":"3 Cultists","floor":27,"turns":2},{"damage":0,"enemies":"Cultist and Chosen","floor":31,"turns":7},{"damage":5,"enemies":"Champ","floor":33,"turns":10},{"damage":0,"enemies":"3 Darklings","floor":35,"turns":5},{"damage":1,"enemies":"Orb Walker","floor":36,"turns":3},{"damage":0,"enemies":"Jaw Worm Horde","floor":38,"turns":3},{"damage":12,"enemies":"Nemesis","floor":40,"turns":5},{"damage":3,"enemies":"Reptomancer","floor":42,"turns":6},{"damage":0,"enemies":"Maw","floor":44,"turns":5},{"damage":0,"enemies":"Giant Head","floor":45,"turns":2},{"damage":0,"enemies":"Writhing Mass","floor":48,"turns":5},{"damage":21,"enemies":"Donu and Deca","floor":50,"turns":10},{"damage":16,"enemies":"Time Eater","floor":51,"turns":8},{"damage":0,"enemies":"Shield and Spear","floor":55,"turns":2},{"damage":24,"enemies":"The Heart","floor":56,"turns":10}],"seed_played":"-3481932841333779647","potions_obtained":[{"floor":12,"key":"Explosive Potion"},{"floor":13,"key":"Explosive Potion"},{"floor":16,"key":"EssenceOfSteel"},{"floor":20,"key":"GamblersBrew"},{"floor":27,"key":"Strength Potion"},{"floor":31,"key":"Energy Potion"},{"floor":35,"key":"Swift Potion"},{"floor":44,"key":"SkillPotion"},{"floor":45,"key":"AttackPotion"}],"is_trial":false,"path_per_floor":["M","$","?","$","?","R","?","E","T","R","M","E","M","E","R","B",null,"M","?","?","?","M","E","R","$","T","M","R","T","?","M","R","B",null,"M","M","?","M","T","E","R","E","T","M","E","?","?","M","R","B","B",null,"R","$","E","B",null],"character_chosen":"DEFECT","items_purchased":["Cold Snap","Recycle","Meteor Strike","Blizzard","Heatsinks","Blood Vial","Pen Nib","Strength Potion"],"campfire_rested":0,"item_purchase_floors":[4,4,25,54,54,54,54,54],"current_hp_per_floor":[63,63,68,68,68,68,68,67,67,67,66,52,52,45,45,69,69,69,76,66,45,42,42,42,42,42,42,42,42,42,56,56,76,76,76,76,72,72,72,72,72,72,72,72,72,72,62,72,72,65,63,70,70,70,72,55],"gold":85,"neow_bonus":"BOSS_RELIC","is_prod":false,"is_daily":false,"chose_seed":false,"campfire_upgraded":8,"win_rate":0,"timestamp":1561637288,"path_taken":["M","$","?","$","?","R","?","E","T","R","M","E","?","E","R","BOSS","M","?","?","?","M","E","R","?","T","?","R","?","?","M","R","BOSS","M","?","?","M","?","E","R","E","T","M","E","?","?","M","R","BOSS","BOSS","R","$","E","BOSS"],"build_version":"2019-01-23","purchased_purges":2,"victory":true,"max_hp_per_floor":[71,71,76,76,69,69,69,69,69,69,69,69,69,69,69,69,69,69,76,76,76,76,76,76,76,76,76,76,76,76,76,76,76,76,76,76,72,72,72,72,72,72,72,72,72,72,72,72,72,72,72,72,72,72,72,72],"card_choices":[{"not_picked":["Gash","Sweeping Beam"],"picked":"Glacier","floor":1},{"not_picked":["Redo","Sweeping Beam"],"picked":"Echo Form","floor":8},{"not_picked":["Stack","Gash"],"picked":"Glacier","floor":11},{"not_picked":["Barrage","Loop"],"picked":"Doom and Gloom","floor":12},{"not_picked":["Sweeping Beam","Redo"],"picked":"Hologram","floor":13},{"not_picked":["Double Energy","Heatsinks"],"picked":"Defragment","floor":14},{"not_picked":["Fission","Rainbow"],"picked":"All For One","floor":16},{"not_picked":["Steam Power","Hello World"],"picked":"Glacier","floor":18},{"not_picked":["Leap","Redo"],"picked":"Tempest+1","floor":20},{"not_picked":["Compile Driver","Hologram"],"picked":"Self Repair","floor":22},{"not_picked":["Aggregate","Undo","Compile Driver"],"picked":"SKIP","floor":23},{"not_picked":["Force Field","Aggregate"],"picked":"Glacier","floor":27},{"not_picked":["Conserve Battery","Stack","Turbo"],"picked":"SKIP","floor":31},{"not_picked":["Multi-Cast","Hyperbeam"],"picked":"Biased Cognition","floor":33},{"not_picked":["Chill+1","Streamline"],"picked":"Coolheaded","floor":35},{"not_picked":["Redo","Rebound"],"picked":"Hologram","floor":36},{"not_picked":["Ball Lightning+1","Tempest","Auto Shields"],"picked":"SKIP","floor":38},{"not_picked":["Go for the Eyes","Hologram"],"picked":"Seek","floor":40},{"not_picked":["Rebound","Buffer"],"picked":"Coolheaded+1","floor":42},{"not_picked":["Chill+1","Beam Cell","Hyperbeam"],"picked":"SKIP","floor":44},{"not_picked":["Go for the Eyes","Seek+1","Sunder"],"picked":"SKIP","floor":45},{"not_picked":["HandOfGreed","Deep Breath+1"],"picked":"Enlightenment+1","floor":47},{"not_picked":["Steam+1","Rip and Tear"],"picked":"Hologram+1","floor":48},{"not_picked":["Fission+1","Turbo+1"],"picked":"Static Discharge+1","floor":55}],"player_experience":838848,"relics_obtained":[{"floor":8,"key":"Turnip"},{"floor":12,"key":"Pantograph"},{"floor":14,"key":"Omamori"},{"floor":20,"key":"Red Mask"},{"floor":21,"key":"Necronomicon"},{"floor":23,"key":"Blue Candle"},{"floor":26,"key":"PreservedInsect"},{"floor":29,"key":"Mercury Hourglass"},{"floor":39,"key":"Bag of Marbles"},{"floor":40,"key":"Toxic Egg 2"},{"floor":42,"key":"Bronze Scales"},{"floor":43,"key":"Mummified Hand"},{"floor":45,"key":"Anchor"},{"floor":55,"key":"DataDisk"}],"event_choices":[{"damage_healed":0,"gold_gain":0,"player_choice":"Donut","damage_taken":0,"max_hp_gain":5,"max_hp_loss":0,"event_name":"Big Fish","floor":3,"gold_loss":0},{"damage_healed":0,"gold_gain":0,"player_choice":"Lose Max HP","damage_taken":0,"relics_obtained":["Golden Idol"],"max_hp_gain":0,"max_hp_loss":7,"event_name":"Golden Idol","floor":5,"gold_loss":0},{"damage_healed":0,"gold_gain":0,"player_choice":"Upgraded","damage_taken":0,"max_hp_gain":0,"max_hp_loss":0,"event_name":"Upgrade Shrine","floor":7,"gold_loss":0,"cards_upgraded":["Glacier"]},{"damage_healed":0,"gold_gain":0,"player_choice":"Obtained Relic","damage_taken":0,"relics_obtained":["Strawberry"],"max_hp_gain":0,"max_hp_loss":0,"event_name":"Addict","floor":19,"gold_loss":85},{"damage_healed":0,"gold_gain":0,"player_choice":"Fought Bandits","damage_taken":0,"max_hp_gain":0,"max_hp_loss":0,"event_name":"Masked Bandits","floor":20,"gold_loss":0},{"damage_healed":0,"gold_gain":0,"player_choice":"Obtained Book","damage_taken":21,"max_hp_gain":0,"max_hp_loss":0,"event_name":"Cursed Tome","floor":21,"gold_loss":0},{"damage_healed":0,"gold_gain":0,"player_choice":"Traded Relic","damage_taken":0,"relics_obtained":["Nloth\u0027s Gift"],"max_hp_gain":0,"max_hp_loss":0,"event_name":"N\u0027loth","floor":30,"relics_lost":["Mercury Hourglass"],"gold_loss":0},{"damage_healed":0,"gold_gain":0,"player_choice":"Max HP","damage_taken":0,"max_hp_gain":0,"max_hp_loss":4,"event_name":"Winding Halls","floor":37,"gold_loss":0},{"damage_healed":0,"gold_gain":222,"player_choice":"Wore Mask","damage_taken":0,"max_hp_gain":0,"max_hp_loss":0,"event_name":"Tomb of Lord Red Mask","floor":46,"gold_loss":0},{"damage_healed":0,"gold_gain":0,"player_choice":"Memory 3","damage_taken":10,"max_hp_gain":0,"max_hp_loss":0,"event_name":"SensoryStone","floor":47,"gold_loss":0}],"is_beta":false,"boss_relics":[{"not_picked":["Lizard Tail","Busted Crown"],"picked":"Philosopher\u0027s Stone"},{"not_picked":["Pandora\u0027s Box","Empty Cage"],"picked":"Inserter"}],"items_purged_floors":[25,54],"is_endless":false,"potions_floor_spawned":[12,13,16,20,27,31,35,44,45,48],"ascension_level":20}