{"gold_per_floor":[112,112,112,124,137,162,162,178,178,178,143,170,181,214,214,214],"floor_reached":16,"playtime":273,"items_purged":[],"score":240,"play_id":"0128591e-0e0a-4ebd-84fd-301e8c1cf814","local_time":"20190612215811","is_ascension_mode":true,"campfire_choices":[{"data":"Whirlwind","floor":7,"key":"SMITH"},{"data":"Bash","floor":10,"key":"SMITH"},{"floor":15,"key":"REST"}],"neow_cost":"NONE","seed_source_timestamp":375044211915300,"circlet_count":0,"master_deck":["AscendersBane","Strike_R","Strike_R","Strike_R","Strike_R","Strike_R","Defend_R","Defend_R","Defend_R","Defend_R","Bash+1","Anger","Rage","Feel No Pain","Whirlwind+1","Seeing Red","Shockwave"],"relics":["Burning Blood","NeowsBlessing","Omamori","Peace Pipe","Happy Flower"],"potions_floor_usage":[12,16],"damage_taken":[{"damage":0,"enemies":"Jaw Worm","floor":1,"turns":1},{"damage":0,"enemies":"Small Slimes","floor":4,"turns":1},{"damage":0,"enemies":"Cultist","floor":5,"turns":1},{"damage":56,"enemies":"Gremlin Nob","floor":6,"turns":5},{"damage":0,"enemies":"3 Louse","floor":8,"turns":1},{"damage":19,"enemies":"3 Sentries","floor":12,"turns":5},{"damage":9,"enemies":"Red Slaver","floor":13,"turns":2},{"damage":35,"enemies":"Lagavulin","floor":14,"turns":6},{"damage":22,"enemies":"Slime Boss","floor":16,"turns":7}],"seed_played":"2161786348899936748","potions_obtained":[{"floor":6,"key":"FearPotion"},{"floor":12,"key":"PowerPotion"},{"floor":14,"key":"LiquidBronze"}],"is_trial":false,"path_per_floor":["M","?","?","M","M","E","R","M","T","R","?","E","M","E","R","B"],"character_chosen":"IRONCLAD","items_purchased":[],"campfire_rested":1,"item_purchase_floors":[],"current_hp_per_floor":[74,79,79,80,80,30,30,36,36,36,56,43,40,11,35,13],"gold":214,"neow_bonus":"THREE_ENEMY_KILL","is_prod":false,"is_daily":false,"chose_seed":false,"campfire_upgraded":2,"win_rate":0,"timestamp":1560344291,"path_taken":["M","?","?","M","?","E","R","M","T","R","?","E","M","E","R","BOSS"],"build_version":"2019-01-23","purchased_purges":0,"victory":false,"max_hp_per_floor":[75,80,80,80,80,80,80,80,80,80,80,80,80,80,80,80],"card_choices":[{"not_picked":["Iron Wave","Thunderclap"],"picked":"Anger","floor":1},{"not_picked":["Havoc","Clash"],"picked":"Feel No Pain","floor":4},{"not_picked":["Warcry","Sever Soul","Havoc"],"picked":"SKIP","floor":5},{"not_picked":["Power Through","Wild Strike"],"picked":"Whirlwind","floor":6},{"not_picked":["Dropkick","Perfected Strike","Limit Break"],"picked":"SKIP","floor":8},{"not_picked":["Ghostly Armor","Thunderclap"],"picked":"Seeing Red","floor":12},{"not_picked":["Infernal Blade","Clothesline","Clash"],"picked":"SKIP","floor":13},{"not_picked":["Clothesline","Perfected Strike"],"picked":"Shockwave","floor":14}],"player_experience":622689,"relics_obtained":[{"floor":6,"key":"Omamori"},{"floor":12,"key":"Peace Pipe"},{"floor":14,"key":"Happy Flower"}],"event_choices":[{"damage_healed":0,"gold_gain":0,"player_choice":"Donut","damage_taken":0,"max_hp_gain":5,"max_hp_loss":0,"event_name":"Big Fish","floor":2,"gold_loss":0},{"damage_healed":0,"gold_gain":0,"player_choice":"1 cards matched","damage_taken":0,"max_hp_gain":0,"max_hp_loss":0,"event_name":"Match and Keep!","floor":3,"gold_loss":0,"cards_obtained":["Rage"]},{"damage_healed":20,"gold_gain":0,"player_choice":"Healed","damage_taken":0,"max_hp_gain":0,"max_hp_loss":0,"event_name":"The Cleric","floor":11,"gold_loss":35}],"is_beta":false,"boss_relics":[],"items_purged_floors":[],"is_endless":false,"potions_floor_spawned":[6,12,14],"killed_by":"Slime Boss","ascension_level":20}