{"gold_per_floor":[111,60,60,73,73,73,117,140,140,140,194,233,247,247,247,340,340,363,313,189,212,212,127,183,195,207,219,18,68,68,93,93,188,188,207,207,332,332,352,352,352,391,391,391,431,251,251,285,285,285,285,285,285,35,75,75],"floor_reached":57,"playtime":2473,"items_purged":[],"score":2745,"play_id":"eb4a7de8-3ccd-4c4f-83fa-f68a82f649df","local_time":"20190615194527","is_ascension_mode":true,"campfire_choices":[{"data":"Sunder","floor":6.0,"key":"SMITH"},{"data":"Defragment","floor":10.0,"key":"SMITH"},{"data":"Coolheaded","floor":15.0,"key":"SMITH"},{"data":"Coolheaded","floor":25.0,"key":"SMITH"},{"data":"Biased Cognition","floor":27.0,"key":"SMITH"},{"data":"Barrage","floor":32.0,"key":"SMITH"},{"data":"Defragment","floor":40.0,"key":"SMITH"},{"data":"Seek","floor":44.0,"key":"SMITH"},{"floor":47.0,"key":"RECALL"},{"data":"Defragment","floor":49.0,"key":"SMITH"},{"data":"Static Discharge","floor":53.0,"key":"SMITH"}],"neow_cost":"NONE","seed_source_timestamp":102899089135400,"circlet_count":0,"master_deck":["AscendersBane","Strike_B","Defend_B","Defend_B","Defend_B","Defend_B","Zap","Dualcast","Defragment+1","Coolheaded+1","Sunder+1","White Noise","Biased Cognition+1","Coolheaded+1","Self Repair","Glacier","Static Discharge+1","Barrage+1","Ball Lightning","Seek+1","Glacier","Defragment+1","Coolheaded+1","Echo Form","Defragment+1","Barrage","Ball Lightning+1"],"special_seed":0,"relics":["FrozenCore","NeowsBlessing","Golden Idol","Ornamental Fan","DataDisk","Tiny Chest","Juzu Bracelet","MawBank","Bag of Preparation","Ice Cream","Runic Capacitor","Velvet Choker","Gambling Chip","Potion Belt","Omamori","Happy Flower","Pen Nib","Medical Kit","Pear"],"potions_floor_usage":[],"damage_taken":[{"damage":0.0,"enemies":"Cultist","floor":1.0,"turns":1.0},{"damage":0.0,"enemies":"Small Slimes","floor":4.0,"turns":1.0},{"damage":0.0,"enemies":"Lagavulin","floor":7.0,"turns":1.0},{"damage":12.0,"enemies":"Jaw Worm","floor":8.0,"turns":2.0},{"damage":5.0,"enemies":"3 Sentries","floor":12.0,"turns":3.0},{"damage":9.0,"enemies":"Red Slaver","floor":13.0,"turns":3.0},{"damage":27.0,"enemies":"The Guardian","floor":16.0,"turns":9.0},{"damage":2.0,"enemies":"Spheric Guardian","floor":18.0,"turns":5.0},{"damage":17.0,"enemies":"Shell Parasite","floor":21.0,"turns":7.0},{"damage":16.0,"enemies":"Book of Stabbing","floor":24.0,"turns":7.0},{"damage":9.0,"enemies":"Cultist and Chosen","floor":31.0,"turns":8.0},{"damage":37.0,"enemies":"Champ","floor":33.0,"turns":19.0},{"damage":10.0,"enemies":"3 Darklings","floor":35.0,"turns":6.0},{"damage":0.0,"enemies":"Mind Bloom Boss Battle","floor":37.0,"turns":8.0},{"damage":1.0,"enemies":"Orb Walker","floor":39.0,"turns":3.0},{"damage":0.0,"enemies":"Transient","floor":41.0,"turns":1.0},{"damage":3.0,"enemies":"Giant Head","floor":42.0,"turns":10.0},{"damage":1.0,"enemies":"Nemesis","floor":45.0,"turns":7.0},{"damage":7.0,"enemies":"Giant Head","floor":48.0,"turns":10.0},{"damage":19.0,"enemies":"Donu and Deca","floor":50.0,"turns":11.0},{"damage":43.0,"enemies":"Awakened One","floor":51.0,"turns":17.0},{"damage":5,"enemies":"Shield and Spear","floor":55,"turns":8},{"damage":68,"enemies":"The Heart","floor":56,"turns":12}],"seed_played":"4081921703254241277","potions_obtained":[{"floor":4.0,"key":"Fire Potion"},{"floor":12.0,"key":"Regen Potion"},{"floor":16.0,"key":"Regen Potion"},{"floor":18.0,"key":"SmokeBomb"},{"floor":24.0,"key":"Regen Potion"},{"floor":37.0,"key":"Poison Potion"},{"floor":48.0,"key":"Regen Potion"},{"floor":55,"key":"Swift Potion"}],"is_trial":false,"path_per_floor":["M","$","?","M","?","R","E","M","T","R","T","E","M","?","R","B",null,"M","?","$","M","?","?","E","R","T","R","$","?","?","M","R","B",null,"M","?","?","T","M","R","M","E","T","R","E","$","R","E","R","B","B",null,"R","$","E","B",null],"character_chosen":"DEFECT","items_purchased":["Coolheaded","Self Repair","Glacier","Runic Capacitor","Echo Form","Medical Kit","Barrage"],"campfire_rested":0,"item_purchase_floors":[2,20,20,28,46,54,54],"current_hp_per_floor":[64,64,64,64,57,57,57,45,45,45,45,40,31,36,36,24,58,56,56,56,46,46,46,52,52,52,52,52,52,52,69,69,39,62,59,69,69,69,68,68,68,69,69,69,69,69,69,69,69,64,50,64,64,64,79,18],"gold":75,"neow_bonus":"THREE_ENEMY_KILL","is_prod":false,"is_daily":false,"chose_seed":false,"campfire_upgraded":10,"win_rate":0,"timestamp":1560595527,"path_taken":["M","$","?","M","?","R","E","M","T","R","?","E","M","?","R","BOSS","M","?","?","M","?","?","E","R","T","R","?","?","?","M","R","BOSS","M","?","?","?","M","R","M","E","T","R","E","?","R","E","R","BOSS","BOSS","R","$","E","BOSS"],"build_version":"2019-01-23","purchased_purges":0,"victory":true,"max_hp_per_floor":[71,71,64,64,64,64,64,64,64,64,64,64,64,69,69,69,69,69,69,69,69,69,69,69,69,69,69,69,69,69,69,69,69,69,69,69,69,69,69,69,69,69,69,69,69,69,69,69,69,69,69,69,69,69,79,79],"card_choices":[{"not_picked":["Conserve Battery","Storm"],"picked":"Defragment","floor":1.0},{"not_picked":["Conserve Battery","Go for the Eyes"],"picked":"Sunder","floor":4.0},{"not_picked":["Stack","Turbo"],"picked":"White Noise","floor":7.0},{"not_picked":["Stack","Conserve Battery","Skim"],"picked":"SKIP","floor":8.0},{"not_picked":["Lockon","Genetic Algorithm","Streamline"],"picked":"SKIP","floor":12.0},{"not_picked":["Auto Shields","Compile Driver","Sweeping Beam"],"picked":"SKIP","floor":13.0},{"not_picked":["Thunder Strike","Core Surge"],"picked":"Biased Cognition","floor":16.0},{"not_picked":["Streamline","Redo"],"picked":"Coolheaded","floor":18.0},{"not_picked":["Hologram","Force Field"],"picked":"Static Discharge","floor":21.0},{"not_picked":["Undo","Reprogram","Ball Lightning"],"picked":"SKIP","floor":24.0},{"not_picked":["Leap","Sunder"],"picked":"Ball Lightning","floor":31.0},{"not_picked":["Hyperbeam","Reboot"],"picked":"Seek","floor":33.0},{"not_picked":["Conserve Battery","Redo"],"picked":"Glacier","floor":35.0},{"not_picked":["Go for the Eyes","Rip and Tear"],"picked":"Defragment","floor":39.0},{"not_picked":["Barrage","Conserve Battery+1","FTL"],"picked":"SKIP","floor":42.0},{"not_picked":["Conserve Battery","Ball Lightning"],"picked":"Coolheaded+1","floor":45.0},{"not_picked":["Sunder","Redo"],"picked":"Defragment","floor":48.0},{"not_picked":["Sweeping Beam+1","Steam Power"],"picked":"Ball Lightning+1","floor":55}],"player_experience":667796,"relics_obtained":[{"floor":7.0,"key":"Ornamental Fan"},{"floor":9.0,"key":"DataDisk"},{"floor":11.0,"key":"Tiny Chest"},{"floor":12.0,"key":"Juzu Bracelet"},{"floor":24.0,"key":"Bag of Preparation"},{"floor":26.0,"key":"Ice Cream"},{"floor":37.0,"key":"Gambling Chip"},{"floor":42.0,"key":"Potion Belt"},{"floor":43.0,"key":"Omamori"},{"floor":45.0,"key":"Happy Flower"},{"floor":48.0,"key":"Pen Nib"},{"floor":55,"key":"Pear"}],"event_choices":[{"damage_healed":0.0,"max_hp_gain":0.0,"max_hp_loss":7.0,"gold_gain":0.0,"event_name":"Golden Idol","player_choice":"Lose Max HP","floor":3.0,"gold_loss":0.0,"damage_taken":0.0,"relics_obtained":["Golden Idol"]},{"cards_removed":["Strike_B"],"damage_healed":0.0,"max_hp_gain":0.0,"max_hp_loss":0.0,"gold_gain":0.0,"event_name":"Golden Wing","player_choice":"Card Removal","floor":5.0,"gold_loss":0.0,"damage_taken":7.0},{"damage_healed":0.0,"max_hp_gain":5.0,"max_hp_loss":0.0,"gold_gain":0.0,"event_name":"Big Fish","player_choice":"Donut","floor":14.0,"gold_loss":0.0,"damage_taken":0.0},{"damage_healed":0.0,"max_hp_gain":0.0,"max_hp_loss":0.0,"gold_gain":0.0,"event_name":"The Joust","player_choice":"Bet on Murderer","floor":19.0,"gold_loss":50.0,"damage_taken":0.0},{"damage_healed":0.0,"max_hp_gain":0.0,"max_hp_loss":0.0,"gold_gain":0.0,"event_name":"The Mausoleum","player_choice":"Ignored","floor":22.0,"gold_loss":0.0,"damage_taken":0.0},{"damage_healed":0.0,"max_hp_gain":0.0,"max_hp_loss":0.0,"gold_gain":0.0,"event_name":"Addict","player_choice":"Obtained Relic","floor":23.0,"gold_loss":85.0,"damage_taken":0.0,"relics_obtained":["MawBank"]},{"damage_healed":0.0,"max_hp_gain":0.0,"max_hp_loss":0.0,"gold_gain":50.0,"event_name":"Nest","player_choice":"Stole From Cult","floor":29.0,"gold_loss":0.0,"damage_taken":0.0},{"damage_healed":0.0,"max_hp_gain":0.0,"max_hp_loss":0.0,"gold_gain":0.0,"cards_transformed":["Strike_B","Strike_B"],"event_name":"Drug Dealer","player_choice":"Became Test Subject","floor":30.0,"gold_loss":0.0,"damage_taken":0.0,"cards_obtained":["Barrage","Steam Power"]},{"cards_removed":["Steam Power"],"damage_healed":10.0,"max_hp_gain":0.0,"max_hp_loss":0.0,"gold_gain":0.0,"event_name":"Bonfire Elementals","player_choice":"Offered Uncommon","floor":36.0,"gold_loss":0.0,"damage_taken":0.0},{"damage_healed":0.0,"max_hp_gain":0.0,"max_hp_loss":0.0,"gold_gain":0.0,"event_name":"MindBloom","player_choice":"Fight","floor":37.0,"gold_loss":0.0,"damage_taken":0.0}],"is_beta":false,"boss_relics":[{"not_picked":["Coffee Dripper","Cursed Key"],"picked":"FrozenCore"},{"not_picked":["Busted Crown","Black Star"],"picked":"Velvet Choker"}],"items_purged_floors":[],"is_endless":false,"potions_floor_spawned":[4,12,16,18,24,37,41,48,55],"ascension_level":20}