{"gold_per_floor":[118,293,304,323,323,323,362,362,362,386,386,410,26,47,47,177,177,195,219,240,155,80,80,80],"floor_reached":24,"playtime":1175,"items_purged":["Doubt"],"score":282,"play_id":"36381d51-61f1-4275-9b14-2216130de4b9","local_time":"20190605200006","is_ascension_mode":true,"campfire_choices":[{"floor":6.0,"key":"REST"},{"floor":8.0,"key":"REST"},{"data":"Apotheosis","floor":15.0,"key":"SMITH"}],"neow_cost":"NONE","seed_source_timestamp":882830333083247,"circlet_count":0,"master_deck":["Defend_G","Defend_G","Defend_G","Defend_G","Defend_G","Strike_G","Strike_G","Strike_G","Strike_G","Strike_G","Survivor","Neutralize","Adrenaline","Poisoned Stab","Deadly Poison","Envenom","Deadly Poison","Flying Knee","Bane","Apotheosis+1","Venomology","Envenom","Escape Plan","Poisoned Stab","Calculated Gamble","Poisoned Stab","Bouncing Flask","Poisoned Stab","Wraith Form v2"],"special_seed":0,"relics":["Ring of the Snake","Golden Idol","Pocketwatch","Dodecahedron","Orrery","StoneCalendar"],"potions_floor_usage":[19,20],"damage_taken":[{"damage":1.0,"enemies":"2 Louse","floor":1.0,"turns":2.0},{"damage":0.0,"enemies":"Small Slimes","floor":3.0,"turns":4.0},{"damage":0.0,"enemies":"Cultist","floor":4.0,"turns":3.0},{"damage":22.0,"enemies":"Lagavulin","floor":7.0,"turns":8.0},{"damage":3.0,"enemies":"Blue Slaver","floor":10.0,"turns":6.0},{"damage":12.0,"enemies":"Large Slime","floor":12.0,"turns":4.0},{"damage":5.0,"enemies":"Exordium Wildlife","floor":14.0,"turns":3.0},{"damage":23.0,"enemies":"Hexaghost","floor":16.0,"turns":6.0},{"damage":16,"enemies":"Spheric Guardian","floor":18,"turns":4},{"damage":14,"enemies":"Shell Parasite","floor":19,"turns":3},{"damage":26,"enemies":"Chosen and Byrds","floor":20,"turns":5},{"damage":14,"enemies":"Snecko","floor":24,"turns":3}],"seed_played":"-3009975598723548189","potions_obtained":[{"floor":1.0,"key":"LiquidBronze"},{"floor":7.0,"key":"Regen Potion"},{"floor":14.0,"key":"PowerPotion"}],"is_trial":false,"path_per_floor":["M","?","M","M","?","R","E","R","T","M","?","M","$","M","R","B",null,"M","M","M","?","$","?","M"],"character_chosen":"THE_SILENT","items_purchased":["Bane","Apotheosis","Venomology"],"campfire_rested":2,"item_purchase_floors":[13,13,13],"current_hp_per_floor":[62,62,62,62,45,66,44,65,65,62,70,70,70,70,70,47,64,48,34,8,8,8,8,0],"gold":80,"neow_bonus":"ONE_RANDOM_RARE_CARD","is_prod":false,"is_daily":false,"chose_seed":false,"campfire_upgraded":1,"win_rate":0,"timestamp":1559754006,"path_taken":["M","?","M","M","?","R","E","R","T","M","?","M","$","?","R","BOSS","M","M","M","?","$","?","M"],"build_version":"2019-01-23","purchased_purges":1,"victory":false,"max_hp_per_floor":[70,70,70,70,70,70,70,70,70,70,70,70,70,70,70,70,70,70,70,70,70,70,70,70],"card_choices":[{"not_picked":["Cloak And Dagger","Distraction"],"picked":"Poisoned Stab","floor":1.0},{"not_picked":["Blade Dance","Prepared","Finisher"],"picked":"SKIP","floor":3.0},{"not_picked":["Eviscerate","Sucker Punch"],"picked":"Deadly Poison","floor":4.0},{"not_picked":["Blade Dance","Distraction"],"picked":"Envenom","floor":7.0},{"not_picked":["PiercingWail","Reflex"],"picked":"Deadly Poison","floor":10.0},{"not_picked":["Blade Dance","Outmaneuver"],"picked":"Flying Knee","floor":12.0},{"not_picked":["Choke","Cloak And Dagger","Skewer"],"picked":"SKIP","floor":14.0},{"not_picked":["Night Terror","Storm of Steel"],"picked":"Envenom","floor":16.0},{"not_picked":["Well Laid Plans","Flying Knee"],"picked":"Escape Plan","floor":17.0},{"not_picked":["Cloak And Dagger","Concentrate"],"picked":"Poisoned Stab","floor":17.0},{"not_picked":["Backflip","Expertise"],"picked":"Calculated Gamble","floor":17.0},{"not_picked":["Outmaneuver","Deadly Poison"],"picked":"Poisoned Stab","floor":17.0},{"not_picked":["Accuracy","Crippling Poison"],"picked":"Bouncing Flask","floor":17.0},{"not_picked":["Flying Knee+1","Outmaneuver"],"picked":"Poisoned Stab","floor":18},{"not_picked":["Expertise+1","Choke","Reflex"],"picked":"SKIP","floor":19},{"not_picked":["Dagger Throw+1","Underhanded Strike+1"],"picked":"Wraith Form v2","floor":20}],"player_experience":1463678,"relics_obtained":[{"floor":7.0,"key":"Pocketwatch"},{"floor":9.0,"key":"Dodecahedron"}],"event_choices":[{"damage_healed":0.0,"max_hp_gain":0.0,"max_hp_loss":0.0,"gold_gain":175.0,"event_name":"Liars Game","player_choice":"AGREE","floor":2.0,"gold_loss":0.0,"damage_taken":0.0,"cards_obtained":["Doubt"]},{"damage_healed":0.0,"max_hp_gain":0.0,"max_hp_loss":0.0,"gold_gain":0.0,"event_name":"Golden Idol","player_choice":"Take Damage","floor":5.0,"gold_loss":0.0,"damage_taken":17.0,"relics_obtained":["Golden Idol"]},{"damage_healed":8.0,"max_hp_gain":0.0,"max_hp_loss":0.0,"gold_gain":0.0,"event_name":"Wheel of Change","player_choice":"Full Heal","floor":11.0,"gold_loss":0.0,"damage_taken":0.0},{"damage_healed":0,"gold_gain":0,"player_choice":"Obtained Relic","damage_taken":0,"relics_obtained":["StoneCalendar"],"max_hp_gain":0,"max_hp_loss":0,"event_name":"Addict","floor":21,"gold_loss":85},{"damage_healed":0,"gold_gain":0,"player_choice":"Ignored","damage_taken":0,"max_hp_gain":0,"max_hp_loss":0,"event_name":"Ghosts","floor":23,"gold_loss":0}],"is_beta":false,"boss_relics":[{"not_picked":["WristBlade","Calling Bell"],"picked":"Orrery"}],"items_purged_floors":[22],"is_endless":false,"potions_floor_spawned":[1,7,14,18],"killed_by":"Snecko","ascension_level":6}