{"gold_per_floor":[111,111,111,125,141,167,167,198,225,375,221,245,245,264,264,343,343],"floor_reached":17,"playtime":344,"items_purged":["Doubt"],"score":376,"play_id":"cd7e65c3-c029-4c93-abac-09f6466eb0fb","local_time":"20190612182235","is_ascension_mode":true,"campfire_choices":[{"data":"Immolate","floor":7,"key":"SMITH"},{"floor":15,"key":"REST"}],"neow_cost":"NONE","seed_source_timestamp":362037503289200,"circlet_count":0,"master_deck":["AscendersBane","Bash","Shrug It Off","Cleave","Pommel Strike","Immolate+1","Corruption","Evolve","Reaper","Headbutt","Hemokinesis","Perfected Strike","Cleave","Havoc","Headbutt","Flame Barrier","Seeing Red"],"relics":["Runic Dome","Dream Catcher","Regal Pillow","War Paint","Pandora\u0027s Box"],"potions_floor_usage":[4,16],"damage_taken":[{"damage":7,"enemies":"Small Slimes","floor":1,"turns":4},{"damage":0,"enemies":"Cultist","floor":4,"turns":3},{"damage":7,"enemies":"Jaw Worm","floor":5,"turns":4},{"damage":32,"enemies":"Gremlin Nob","floor":6,"turns":4},{"damage":0,"enemies":"3 Sentries","floor":8,"turns":2},{"damage":5,"enemies":"Blue Slaver","floor":14,"turns":2},{"damage":24,"enemies":"Hexaghost","floor":16,"turns":9}],"seed_played":"-6975092984244245043","potions_obtained":[{"floor":1,"key":"BloodPotion"},{"floor":5,"key":"FairyPotion"},{"floor":6,"key":"Weak Potion"}],"is_trial":false,"path_per_floor":["M","?","$","M","M","E","R","E","T","?","$","T","?","M","R","B",null],"character_chosen":"IRONCLAD","items_purchased":["Evolve"],"campfire_rested":1,"item_purchase_floors":[11],"current_hp_per_floor":[61,61,61,68,61,29,29,29,29,29,29,29,6,1,38,14,14],"gold":343,"neow_bonus":"BOSS_RELIC","is_prod":false,"is_daily":false,"chose_seed":false,"campfire_upgraded":1,"win_rate":0,"timestamp":1560331355,"path_taken":["M","?","$","?","M","E","R","E","T","?","?","?","?","M","R","BOSS"],"build_version":"2019-01-23","purchased_purges":1,"victory":false,"max_hp_per_floor":[75,75,75,75,75,75,75,75,75,75,75,75,75,75,75,75,75],"card_choices":[{"not_picked":["Corruption","Burning Pact"],"picked":"Shrug It Off","floor":1},{"not_picked":["Combust","Body Slam","Cleave"],"picked":"SKIP","floor":4},{"not_picked":["Twin Strike","Power Through"],"picked":"Pommel Strike","floor":5},{"not_picked":["Double Tap","Cleave"],"picked":"Immolate","floor":6},{"not_picked":["Anger","Cleave"],"picked":"Corruption","floor":8},{"not_picked":["Flex","Entrench","Pommel Strike"],"picked":"SKIP","floor":14},{"not_picked":["Demon Form","Offering"],"picked":"Reaper","floor":16}],"player_experience":614171,"relics_obtained":[{"floor":6,"key":"Dream Catcher"},{"floor":8,"key":"Regal Pillow"},{"floor":12,"key":"War Paint"}],"event_choices":[{"damage_healed":0,"gold_gain":0,"cards_transformed":["Strike_R"],"player_choice":"Transformed","damage_taken":0,"max_hp_gain":0,"max_hp_loss":0,"event_name":"Transmorgrifier","floor":2,"gold_loss":0,"cards_obtained":["Cleave"]},{"damage_healed":0,"gold_gain":150,"player_choice":"AGREE","damage_taken":0,"max_hp_gain":0,"max_hp_loss":0,"event_name":"Liars Game","floor":10,"gold_loss":0,"cards_obtained":["Doubt"]},{"damage_healed":0,"gold_gain":0,"player_choice":"Entered Light","damage_taken":23,"max_hp_gain":0,"max_hp_loss":0,"event_name":"Shining Light","floor":13,"gold_loss":0,"cards_upgraded":["Strike_R","Defend_R"]}],"is_beta":false,"boss_relics":[{"not_picked":["Astrolabe","Busted Crown"],"picked":"Pandora\u0027s Box"}],"items_purged_floors":[11],"is_endless":false,"potions_floor_spawned":[1,5,6,14],"ascension_level":20}