{"gold_per_floor":[216,226,226,244,255,255,265,276,325,325,342,342,354,354,354,426,426,438,438,438,455,473,473,473],"floor_reached":24,"playtime":1032,"items_purged":[],"score":365,"play_id":"a6689da3-7e27-4dc0-b989-88bbf839b7b4","local_time":"20190726160022","is_ascension_mode":true,"campfire_choices":[{"floor":6,"key":"REST"},{"floor":12,"key":"REST"},{"floor":15,"key":"REST"},{"floor":23,"key":"REST"}],"neow_cost":"NONE","seed_source_timestamp":596528465830582,"circlet_count":0,"master_deck":["AscendersBane","Strike_G+1","Strike_G+1","Strike_G+1","Strike_G+1","Strike_G+1","Defend_G+1","Defend_G+1","Defend_G+1","Defend_G+1","Defend_G+1","Survivor","Neutralize","Cloak And Dagger","Dagger Spray","Caltrops","Noxious Fumes","Bane","Glass Knife","Accuracy","Dagger Spray","Envenom","Poisoned Stab","Flying Knee","Crippling Poison"],"relics":["Ring of the Snake","Vajra","Philosopher\u0027s Stone"],"potions_floor_usage":[4,11,21,22,24,24],"damage_taken":[{"damage":11,"enemies":"Small Slimes","floor":1,"turns":4},{"damage":0,"enemies":"Jaw Worm","floor":2,"turns":4},{"damage":0,"enemies":"Cultist","floor":4,"turns":4},{"damage":3,"enemies":"Exordium Wildlife","floor":5,"turns":5},{"damage":7,"enemies":"3 Louse","floor":7,"turns":4},{"damage":0,"enemies":"2 Fungi Beasts","floor":8,"turns":4},{"damage":23,"enemies":"Exordium Thugs","floor":11,"turns":4},{"damage":0,"enemies":"Blue Slaver","floor":13,"turns":4},{"damage":60,"enemies":"Hexaghost","floor":16,"turns":11},{"damage":28,"enemies":"Shell Parasite","floor":18,"turns":5},{"damage":13,"enemies":"2 Thieves","floor":21,"turns":3},{"damage":11,"enemies":"Snecko","floor":22,"turns":5},{"damage":26,"enemies":"Book of Stabbing","floor":24,"turns":3}],"seed_played":"-6717582493540880860","potions_obtained":[{"floor":1,"key":"Block Potion"},{"floor":2,"key":"Ancient Potion"},{"floor":7,"key":"Fire Potion"},{"floor":18,"key":"Weak Potion"},{"floor":21,"key":"LiquidBronze"},{"floor":22,"key":"LiquidBronze"}],"is_trial":false,"path_per_floor":["M","M","?","M","M","R","M","M","T","?","M","R","M","?","R","B",null,"M","?","?","M","M","R","E"],"character_chosen":"THE_SILENT","items_purchased":[],"campfire_rested":4,"item_purchase_floors":[],"current_hp_per_floor":[48,48,48,48,45,64,57,57,57,57,34,53,53,58,71,11,56,28,28,28,15,4,25,0],"gold":473,"neow_bonus":"HUNDRED_GOLD","is_prod":false,"is_daily":false,"chose_seed":false,"campfire_upgraded":0,"win_rate":0,"timestamp":1564146022,"path_taken":["M","M","?","M","M","R","M","M","T","?","?","R","M","?","R","BOSS","M","?","?","M","M","R","E"],"build_version":"2019-07-17","purchased_purges":0,"victory":false,"max_hp_per_floor":[66,66,66,66,66,66,66,66,66,66,66,66,66,71,71,71,71,71,71,71,71,71,71,71],"card_choices":[{"not_picked":["Dash","Sucker Punch"],"picked":"Cloak And Dagger","floor":1},{"not_picked":["Blur","Poisoned Stab"],"picked":"Dagger Spray","floor":2},{"not_picked":["Backflip","Outmaneuver"],"picked":"Cloak And Dagger","floor":4},{"not_picked":["Riddle With Holes","Dodge and Roll"],"picked":"Caltrops","floor":5},{"not_picked":["Setup","Endless Agony"],"picked":"Noxious Fumes","floor":7},{"not_picked":["Deflect","Quick Slash"],"picked":"Bane","floor":8},{"not_picked":["Backflip","Underhanded Strike"],"picked":"Accuracy","floor":11},{"not_picked":["Concentrate","Prepared"],"picked":"Dagger Spray","floor":13},{"not_picked":["After Image","Die Die Die"],"picked":"Envenom","floor":16},{"not_picked":["Outmaneuver+1","Underhanded Strike"],"picked":"Poisoned Stab","floor":18},{"not_picked":["Prepared","Concentrate"],"picked":"Flying Knee","floor":21},{"not_picked":["Deadly Poison+1","Burst"],"picked":"Crippling Poison","floor":22}],"player_experience":1663887,"relics_obtained":[{"floor":9,"key":"Vajra"}],"event_choices":[{"damage_healed":0,"gold_gain":0,"player_choice":"Ignored","damage_taken":0,"max_hp_gain":0,"max_hp_loss":0,"event_name":"Shining Light","floor":3,"gold_loss":0},{"damage_healed":0,"gold_gain":0,"cards_transformed":["Cloak And Dagger"],"player_choice":"Transformed","damage_taken":0,"max_hp_gain":0,"max_hp_loss":0,"event_name":"Transmorgrifier","floor":10,"gold_loss":0,"cards_obtained":["Glass Knife"]},{"damage_healed":0,"gold_gain":0,"player_choice":"Donut","damage_taken":0,"max_hp_gain":5,"max_hp_loss":0,"event_name":"Big Fish","floor":14,"gold_loss":0},{"damage_healed":0,"gold_gain":0,"player_choice":"Ignored","damage_taken":0,"max_hp_gain":0,"max_hp_loss":0,"event_name":"Cursed Tome","floor":19,"gold_loss":0},{"damage_healed":0,"gold_gain":0,"player_choice":"Simplicity","damage_taken":0,"max_hp_gain":0,"max_hp_loss":0,"event_name":"Back to Basics","floor":20,"gold_loss":0,"cards_upgraded":["Strike_G","Strike_G","Strike_G","Strike_G","Strike_G","Defend_G","Defend_G","Defend_G","Defend_G","Defend_G"]}],"is_beta":false,"boss_relics":[{"not_picked":["Astrolabe","Velvet Choker"],"picked":"Philosopher\u0027s Stone"}],"items_purged_floors":[],"is_endless":false,"potions_floor_spawned":[1,2,7,18,21,22],"killed_by":"Book of Stabbing","ascension_level":18}