{"gold_per_floor":[119,119,119,139,155,184,184,204,204,219,230,246,246,281,281,360,360,377,393,50,69,69,69,101,101,101,116,116,116,116,144,156,240,252,276,41,41,52,52,80,80,91,91,101,401,401,434,449,449,449,449,449,449,92,126,126],"floor_reached":56,"playtime":2781,"items_purged":["Strike_B"],"score":2089,"play_id":"13e9c18b-7d58-4a35-9d5b-0784c43003af","local_time":"20190610123106","is_ascension_mode":true,"campfire_choices":[{"data":"Zap","floor":7,"key":"SMITH"},{"data":"Buffer","floor":13,"key":"SMITH"},{"data":"Coolheaded","floor":15,"key":"SMITH"},{"data":"Coolheaded","floor":23,"key":"SMITH"},{"data":"Ghostly","floor":25,"key":"SMITH"},{"data":"Ghostly","floor":30,"key":"SMITH"},{"data":"Consume","floor":32,"key":"SMITH"},{"floor":41,"key":"RECALL"},{"data":"Ghostly","floor":46,"key":"SMITH"},{"data":"Coolheaded","floor":49,"key":"SMITH"},{"data":"Turbo","floor":53,"key":"SMITH"}],"neow_cost":"NONE","seed_source_timestamp":165704268628900,"circlet_count":0,"master_deck":["AscendersBane","Defend_B+1","Zap+1","Dualcast","Tempest","Cold Snap","Gash","Glacier","Gash","Undo","Coolheaded+1","Buffer+1","Turbo+1","All For One","Echo Form+1","Steam+1","Capacitor+1","Blizzard+1","Coolheaded+1","Ghostly+1","Ghostly+1","Ghostly+1","Glacier","Reinforced Body","All For One","Consume+1","Electrodynamics","Coolheaded+1","Hologram+1"],"relics":["Cracked Core","NeowsBlessing","Meat on the Bone","Shuriken","Symbiotic Virus","Astrolabe","Singing Bowl","Blue Candle","Bird Faced Urn","MawBank","Busted Crown","Strange Spoon","Mercury Hourglass","StoneCalendar","Sundial","FossilizedHelix"],"potions_floor_usage":[6,19,31,40,55,55],"damage_taken":[{"damage":0,"enemies":"2 Louse","floor":1,"turns":1},{"damage":0,"enemies":"Small Slimes","floor":4,"turns":1},{"damage":0,"enemies":"Jaw Worm","floor":5,"turns":1},{"damage":19,"enemies":"3 Sentries","floor":6,"turns":8},{"damage":5,"enemies":"3 Louse","floor":8,"turns":4},{"damage":22,"enemies":"Exordium Wildlife","floor":10,"turns":4},{"damage":12,"enemies":"Looter","floor":11,"turns":3},{"damage":0,"enemies":"2 Fungi Beasts","floor":12,"turns":4},{"damage":0,"enemies":"Lagavulin","floor":14,"turns":6},{"damage":10,"enemies":"The Guardian","floor":16,"turns":15},{"damage":8,"enemies":"3 Byrds","floor":18,"turns":6},{"damage":26,"enemies":"2 Thieves","floor":19,"turns":5},{"damage":22,"enemies":"Snake Plant","floor":21,"turns":4},{"damage":31,"enemies":"Book of Stabbing","floor":24,"turns":8},{"damage":2,"enemies":"Shelled Parasite and Fungi","floor":27,"turns":6},{"damage":26,"enemies":"Gremlin Leader","floor":31,"turns":10},{"damage":1,"enemies":"Champ","floor":33,"turns":16},{"damage":0,"enemies":"3 Darklings","floor":35,"turns":6},{"damage":0,"enemies":"Orb Walker","floor":38,"turns":5},{"damage":1,"enemies":"Giant Head","floor":40,"turns":12},{"damage":1,"enemies":"Sphere and 2 Shapes","floor":42,"turns":4},{"damage":14,"enemies":"Maw","floor":44,"turns":8},{"damage":0,"enemies":"Reptomancer","floor":47,"turns":8},{"damage":0,"enemies":"Jaw Worm Horde","floor":48,"turns":7},{"damage":0,"enemies":"Time Eater","floor":50,"turns":19},{"damage":3,"enemies":"Donu and Deca","floor":51,"turns":9},{"damage":47,"enemies":"Shield and Spear","floor":55,"turns":7},{"damage":28,"enemies":"The Heart","floor":56,"turns":6}],"seed_played":"5398728713291202500","potions_obtained":[{"floor":1,"key":"SkillPotion"},{"floor":11,"key":"Regen Potion"},{"floor":12,"key":"Dexterity Potion"},{"floor":19,"key":"Weak Potion"},{"floor":33,"key":"SkillPotion"},{"floor":40,"key":"Regen Potion"},{"floor":42,"key":"PowerPotion"},{"floor":55,"key":"FearPotion"}],"is_trial":false,"path_per_floor":["M","?","?","M","M","E","R","M","T","M","M","M","R","E","R","B",null,"M","M","$","M","?","R","E","R","T","M","?","?","R","E","R","B",null,"M","$","?","M","?","E","R","M","T","M","?","R","E","M","R","B","B",null,"R","$","E","B"],"character_chosen":"DEFECT","items_purchased":["Singing Bowl","Strange Spoon","Coolheaded","FocusPotion","Sundial"],"campfire_rested":0,"item_purchase_floors":[20,36,36,54,54],"current_hp_per_floor":[64,43,66,66,66,47,47,42,42,32,32,44,44,44,44,46,65,57,43,43,33,33,33,14,14,14,30,30,30,30,20,20,29,35,39,39,37,39,39,41,41,43,43,33,33,33,41,47,47,47,47,47,47,47,20,0],"gold":126,"neow_bonus":"THREE_ENEMY_KILL","is_prod":false,"is_daily":false,"chose_seed":false,"campfire_upgraded":10,"win_rate":0,"timestamp":1560137466,"path_taken":["M","?","?","M","?","E","R","M","T","M","M","M","R","E","R","BOSS","M","M","$","M","?","R","E","R","T","M","?","?","R","E","R","BOSS","M","$","?","M","?","E","R","?","T","M","?","R","E","M","R","BOSS","BOSS","R","$","E","BOSS"],"build_version":"2019-01-23","purchased_purges":1,"victory":false,"max_hp_per_floor":[71,71,71,71,71,71,71,71,71,71,71,71,71,71,71,71,71,71,71,71,71,35,35,35,35,35,37,37,37,37,37,37,37,37,39,39,37,39,39,41,41,43,43,43,43,43,45,47,47,47,47,47,47,47,49,49],"card_choices":[{"not_picked":["Storm","Cold Snap"],"picked":"Tempest","floor":1},{"not_picked":["Go for the Eyes","Steam"],"picked":"Cold Snap","floor":4},{"not_picked":["Reinforced Body","Redo"],"picked":"Gash","floor":5},{"not_picked":["Buffer","Go for the Eyes"],"picked":"Glacier","floor":6},{"not_picked":["Turbo","Hologram"],"picked":"Gash","floor":8},{"not_picked":["Sweeping Beam","Aggregate"],"picked":"Undo","floor":10},{"not_picked":["Stack","Ball Lightning"],"picked":"Coolheaded","floor":11},{"not_picked":["Go for the Eyes","Cold Snap"],"picked":"Buffer","floor":12},{"not_picked":["Steam","Rip and Tear"],"picked":"Turbo","floor":14},{"not_picked":["Reboot","Rainbow"],"picked":"All For One","floor":16},{"not_picked":["Go for the Eyes","Beam Cell"],"picked":"Blizzard+1","floor":18},{"not_picked":["Doom and Gloom","Hello World","Aggregate"],"picked":"SKIP","floor":19},{"not_picked":["Ball Lightning","Streamline"],"picked":"Coolheaded","floor":21},{"not_picked":["Leap","Conserve Battery"],"picked":"Glacier","floor":24},{"not_picked":["Hello World","Redo","Reprogram"],"picked":"Singing Bowl","floor":27},{"not_picked":["Ball Lightning","Sunder"],"picked":"Consume","floor":31},{"not_picked":["Seek","All For One"],"picked":"Electrodynamics","floor":33},{"not_picked":["Turbo"],"picked":"Singing Bowl","floor":35},{"not_picked":["Storm"],"picked":"Singing Bowl","floor":38},{"not_picked":["Hello World"],"picked":"Singing Bowl","floor":40},{"not_picked":["Beam Cell"],"picked":"Singing Bowl","floor":42},{"not_picked":[],"picked":"Hologram+1","floor":44},{"not_picked":["Doom and Gloom+1"],"picked":"Singing Bowl","floor":47},{"not_picked":["Conserve Battery"],"picked":"Singing Bowl","floor":48},{"not_picked":["Compile Driver+1"],"picked":"Singing Bowl","floor":55}],"player_experience":541845,"relics_obtained":[{"floor":6,"key":"Meat on the Bone"},{"floor":9,"key":"Shuriken"},{"floor":14,"key":"Symbiotic Virus"},{"floor":24,"key":"Blue Candle"},{"floor":26,"key":"Bird Faced Urn"},{"floor":31,"key":"MawBank"},{"floor":40,"key":"Mercury Hourglass"},{"floor":47,"key":"StoneCalendar"},{"floor":55,"key":"FossilizedHelix"}],"event_choices":[{"damage_healed":0,"gold_gain":0,"player_choice":"Entered Light","damage_taken":21,"max_hp_gain":0,"max_hp_loss":0,"event_name":"Shining Light","floor":2,"gold_loss":0,"cards_upgraded":["Strike_B","Defend_B"]},{"damage_healed":23,"gold_gain":0,"player_choice":"Banana","damage_taken":0,"max_hp_gain":0,"max_hp_loss":0,"event_name":"Big Fish","floor":3,"gold_loss":0},{"damage_healed":0,"gold_gain":0,"player_choice":"Became a Ghost","damage_taken":0,"max_hp_gain":0,"max_hp_loss":36,"event_name":"Ghosts","floor":22,"gold_loss":0,"cards_obtained":["Ghostly","Ghostly","Ghostly"]},{"damage_healed":0,"gold_gain":0,"player_choice":"Ignored","damage_taken":0,"max_hp_gain":0,"max_hp_loss":0,"event_name":"The Mausoleum","floor":28,"gold_loss":0},{"damage_healed":0,"gold_gain":0,"cards_transformed":["Defend_B","Strike_B"],"player_choice":"Became Test Subject","damage_taken":0,"max_hp_gain":0,"max_hp_loss":0,"event_name":"Drug Dealer","floor":29,"gold_loss":0,"cards_obtained":["Reinforced Body","All For One"]},{"damage_healed":0,"gold_gain":0,"player_choice":"Max HP","damage_taken":0,"max_hp_gain":0,"max_hp_loss":2,"event_name":"Winding Halls","floor":37,"gold_loss":0},{"cards_removed":["Defend_B"],"damage_healed":0,"gold_gain":0,"player_choice":"Purged","damage_taken":0,"max_hp_gain":0,"max_hp_loss":0,"event_name":"Purifier","floor":39,"gold_loss":0},{"damage_healed":0,"gold_gain":300,"player_choice":"Gold","damage_taken":0,"max_hp_gain":0,"max_hp_loss":0,"event_name":"Wheel of Change","floor":45,"gold_loss":0}],"is_beta":false,"boss_relics":[{"not_picked":["Pandora\u0027s Box","Cursed Key"],"picked":"Astrolabe"},{"not_picked":["Fusion Hammer","Calling Bell"],"picked":"Busted Crown"}],"items_purged_floors":[20],"is_endless":false,"potions_floor_spawned":[1,11,12,16,19,27,33,40,42,44,48,55],"killed_by":"The Heart","ascension_level":20}