{"gold_per_floor":[115,115,132,147,162,162,162,87,167,167,126,85,85],"floor_reached":13,"playtime":440,"items_purged":["Strike_R"],"score":150,"play_id":"24004767-fe7b-4b5f-89a8-4f759f308470","local_time":"20190727150805","is_ascension_mode":true,"campfire_choices":[{"data":"Corruption","floor":6,"key":"SMITH"}],"neow_cost":"PERCENT_DAMAGE","seed_source_timestamp":690105797764500,"circlet_count":0,"master_deck":["AscendersBane","Strike_R","Defend_R","Defend_R","Defend_R","Defend_R","Bash","Corruption+1","Dropkick","Shrug It Off","Disarm","Evolve"],"relics":["Burning Blood","PreservedInsect","Pantograph"],"potions_floor_usage":[12,13],"damage_taken":[{"damage":8,"enemies":"Cultist","floor":1,"turns":5},{"damage":1,"enemies":"2 Louse","floor":3,"turns":4},{"damage":19,"enemies":"Jaw Worm","floor":4,"turns":6},{"damage":17,"enemies":"3 Louse","floor":5,"turns":5},{"damage":26,"enemies":"Exordium Thugs","floor":12,"turns":5},{"damage":6,"enemies":"Large Slime","floor":13,"turns":6}],"seed_played":"-8201623696986428599","potions_obtained":[{"floor":5,"key":"EssenceOfSteel"},{"floor":12,"key":"FearPotion"}],"is_trial":false,"path_per_floor":["M","?","M","M","M","R","?","$","T","?","$","M","M"],"character_chosen":"IRONCLAD","items_purchased":["Disarm"],"campfire_rested":0,"item_purchase_floors":[11],"current_hp_per_floor":[48,48,53,40,29,29,29,29,29,29,29,9,3],"gold":85,"neow_bonus":"REMOVE_TWO","is_prod":false,"is_daily":false,"chose_seed":false,"campfire_upgraded":1,"win_rate":0,"timestamp":1564207685,"path_taken":["M","?","M","M","M","R","?","$","T","?","$","M","M"],"build_version":"2019-07-17","purchased_purges":1,"victory":false,"max_hp_per_floor":[75,75,75,75,75,75,75,75,75,75,75,75,75],"card_choices":[{"not_picked":["Havoc","Clothesline","Thunderclap"],"picked":"SKIP","floor":1},{"not_picked":["Intimidate","Pommel Strike"],"picked":"Corruption","floor":3},{"not_picked":["Anger","True Grit"],"picked":"Dropkick","floor":4},{"not_picked":["Clothesline","Entrench"],"picked":"Shrug It Off","floor":5},{"not_picked":["Bloodletting","Dark Embrace"],"picked":"Evolve","floor":12}],"player_experience":1235539,"relics_obtained":[{"floor":9,"key":"Pantograph"}],"event_choices":[{"damage_healed":0,"gold_gain":0,"player_choice":"Ignored","damage_taken":0,"max_hp_gain":0,"max_hp_loss":0,"event_name":"Liars Game","floor":2,"gold_loss":0},{"damage_healed":0,"gold_gain":0,"player_choice":"Searched \u00271\u0027 times","damage_taken":0,"relics_obtained":["PreservedInsect"],"max_hp_gain":0,"max_hp_loss":0,"event_name":"Dead Adventurer","floor":7,"gold_loss":0},{"damage_healed":0,"gold_gain":0,"player_choice":"Searched \u00271\u0027 times","damage_taken":0,"relics_obtained":["PreservedInsect"],"max_hp_gain":0,"max_hp_loss":0,"event_name":"Dead Adventurer","floor":7,"gold_loss":0},{"cards_removed":["Strike_R"],"damage_healed":0,"gold_gain":0,"player_choice":"Offered Basic","damage_taken":0,"max_hp_gain":0,"max_hp_loss":0,"event_name":"Bonfire Elementals","floor":10,"gold_loss":0}],"is_beta":false,"boss_relics":[],"items_purged_floors":[8],"is_endless":false,"potions_floor_spawned":[5,12],"killed_by":"Large Slime","ascension_level":20}