{"gold_per_floor":[218,233,23,98,110,142,142,174,239,261,273,304,316,347,359,443,455,479,491,520,532,559,571],"floor_reached":23,"playtime":1459,"items_purged":["Strike_G"],"score":410,"play_id":"b6667fac-0214-41c2-baa0-62419b8dff32","local_time":"20190730011641","is_ascension_mode":true,"campfire_choices":[{"floor":7.0,"key":"REST"},{"floor":11.0,"key":"REST"},{"floor":13.0,"key":"REST"},{"data":"Blade Dance","floor":15.0,"key":"SMITH"}],"neow_cost":"NONE","seed_source_timestamp":30207063270286,"circlet_count":0,"master_deck":["AscendersBane","Strike_G","Strike_G","Strike_G","Strike_G","Defend_G","Defend_G","Defend_G","Defend_G","Defend_G","Survivor","Neutralize","Masterful Stab","Footwork","PiercingWail","Quick Slash","Deadly Poison","Calculated Gamble","Masterful Stab","Dash","Blade Dance+1","Terror","After Image","Blade Dance","Dagger Spray+1","Pain","Backstab"],"special_seed":0,"relics":["Ring of the Snake","Kunai","MawBank","Oddly Smooth Stone","Eternal Feather","WarpedTongs"],"potions_floor_usage":[19,23],"damage_taken":[{"damage":12.0,"enemies":"Jaw Worm","floor":1.0,"turns":7.0},{"damage":0.0,"enemies":"Small Slimes","floor":2.0,"turns":3.0},{"damage":0.0,"enemies":"Cultist","floor":5.0,"turns":3.0},{"damage":8.0,"enemies":"Gremlin Nob","floor":6.0,"turns":3.0},{"damage":42.0,"enemies":"3 Sentries","floor":8.0,"turns":14.0},{"damage":0.0,"enemies":"Looter","floor":10.0,"turns":2.0},{"damage":0.0,"enemies":"Blue Slaver","floor":12.0,"turns":2.0},{"damage":4.0,"enemies":"Gremlin Gang","floor":14.0,"turns":5.0},{"damage":7.0,"enemies":"Slime Boss","floor":16.0,"turns":12.0},{"damage":4,"enemies":"3 Byrds","floor":18,"turns":10},{"damage":0,"enemies":"Chosen","floor":19,"turns":2},{"damage":14,"enemies":"Centurion and Healer","floor":20,"turns":9},{"damage":17,"enemies":"3 Cultists","floor":22,"turns":7},{"damage":31,"enemies":"Gremlin Leader","floor":23,"turns":4}],"seed_played":"4491460857934239271","potions_obtained":[{"floor":1.0,"key":"SkillPotion"},{"floor":8.0,"key":"FairyPotion"},{"floor":10.0,"key":"FearPotion"},{"floor":12.0,"key":"Poison Potion"},{"floor":18,"key":"SmokeBomb"},{"floor":22,"key":"FearPotion"}],"is_trial":false,"path_per_floor":["M","M","$","?","M","E","R","E","T","M","R","M","R","M","R","B",null,"M","M","M","?","M","E"],"character_chosen":"THE_SILENT","items_purchased":["PiercingWail","Fire Potion","Quick Slash"],"campfire_rested":3,"item_purchase_floors":[3,3,3],"current_hp_per_floor":[47,47,47,36,36,28,47,5,5,5,24,24,43,39,39,32,58,54,54,40,40,23,0],"gold":571,"neow_bonus":"HUNDRED_GOLD","is_prod":false,"is_daily":false,"chose_seed":false,"campfire_upgraded":1,"win_rate":0,"timestamp":1564442201,"path_taken":["M","M","$","?","M","E","R","E","T","M","R","M","R","M","R","BOSS","M","M","M","?","M","E"],"build_version":"2019-07-17","purchased_purges":1,"victory":false,"max_hp_per_floor":[66,66,66,66,66,66,66,66,66,66,66,66,66,66,66,66,66,66,66,66,66,66,66],"card_choices":[{"not_picked":["Dodge and Roll","Blur"],"picked":"Masterful Stab","floor":1.0},{"not_picked":["All Out Attack","Cloak And Dagger"],"picked":"Footwork","floor":2.0},{"not_picked":["Bouncing Flask","Quick Slash"],"picked":"Deadly Poison","floor":5.0},{"not_picked":["PiercingWail","Finisher"],"picked":"Calculated Gamble","floor":6.0},{"not_picked":["Deflect","Dodge and Roll"],"picked":"Masterful Stab","floor":8.0},{"not_picked":["Underhanded Strike","Caltrops"],"picked":"Dash","floor":10.0},{"not_picked":["Bouncing Flask","Finisher"],"picked":"Blade Dance","floor":12.0},{"not_picked":["Quick Slash","Choke"],"picked":"Terror","floor":14.0},{"not_picked":["Phantasmal Killer","Grand Finale"],"picked":"After Image","floor":16.0},{"not_picked":["Deflect","Choke"],"picked":"Blade Dance","floor":18},{"not_picked":["Eviscerate","Underhanded Strike"],"picked":"Dagger Spray+1","floor":20},{"not_picked":["Deflect","Outmaneuver"],"picked":"Backstab","floor":22}],"player_experience":1335050,"relics_obtained":[{"floor":6.0,"key":"Kunai"},{"floor":8.0,"key":"MawBank"},{"floor":9.0,"key":"Oddly Smooth Stone"}],"event_choices":[{"damage_healed":0.0,"max_hp_gain":0.0,"max_hp_loss":0.0,"gold_gain":75.0,"event_name":"World of Goop","player_choice":"Gather Gold","floor":4.0,"gold_loss":0.0,"damage_taken":11.0},{"damage_healed":0,"gold_gain":0,"player_choice":"Rummage","damage_taken":0,"relics_obtained":["WarpedTongs"],"max_hp_gain":0,"max_hp_loss":0,"event_name":"Accursed Blacksmith","floor":21,"gold_loss":0,"cards_obtained":["Pain"]}],"is_beta":false,"boss_relics":[{"not_picked":["Snecko Eye","Pandora\u0027s Box"],"picked":"Eternal Feather"}],"items_purged_floors":[3],"is_endless":false,"potions_floor_spawned":[1,8,10,12,18,22],"killed_by":"Gremlin Leader","ascension_level":20}