{"gold_per_floor":[11,25,25,42,56,56,88,88,112,123,157,157,174,174],"floor_reached":14,"playtime":442,"items_purged":[],"score":204,"play_id":"a0e39eb7-9435-4953-8b9b-19f7bff41af9","local_time":"20190610230116","is_ascension_mode":true,"campfire_choices":[{"data":"Armaments","floor":6,"key":"SMITH"},{"floor":8,"key":"REST"}],"neow_cost":"NO_GOLD","seed_source_timestamp":205857018839300,"circlet_count":0,"master_deck":["AscendersBane","Strike_R","Strike_R","Strike_R","Defend_R","Defend_R","Defend_R","Defend_R","Bash","Barricade+1","Anger","Infernal Blade","Shrug It Off","Armaments+1","Flex","Evolve","Pommel Strike","Impervious","True Grit"],"relics":["Burning Blood","Bronze Scales","Centennial Puzzle","Omamori"],"potions_floor_usage":[7,10],"damage_taken":[{"damage":6,"enemies":"2 Louse","floor":1,"turns":4},{"damage":9,"enemies":"Jaw Worm","floor":2,"turns":3},{"damage":1,"enemies":"Cultist","floor":4,"turns":3},{"damage":28,"enemies":"Large Slime","floor":5,"turns":8},{"damage":36,"enemies":"Lagavulin","floor":7,"turns":10},{"damage":14,"enemies":"Exordium Wildlife","floor":10,"turns":3},{"damage":32,"enemies":"Gremlin Nob","floor":11,"turns":4},{"damage":6,"enemies":"Looter","floor":13,"turns":3},{"damage":0,"enemies":"Lagavulin","floor":14,"turns":4}],"seed_played":"5353532574221930556","potions_obtained":[{"floor":1,"key":"Energy Potion"},{"floor":2,"key":"GamblersBrew"},{"floor":13,"key":"EssenceOfSteel"}],"is_trial":false,"path_per_floor":["M","M","?","M","M","R","E","R","T","M","E","?","M","E"],"character_chosen":"IRONCLAD","items_purchased":[],"campfire_rested":1,"item_purchase_floors":[],"current_hp_per_floor":[68,65,70,75,53,53,23,47,47,39,13,13,13,13],"gold":174,"neow_bonus":"TRANSFORM_TWO_CARDS","is_prod":false,"is_daily":false,"chose_seed":false,"campfire_upgraded":1,"win_rate":0,"timestamp":1560175276,"path_taken":["M","M","?","M","M","R","E","R","T","M","E","?","?","E"],"build_version":"2019-01-23","purchased_purges":0,"victory":false,"max_hp_per_floor":[75,75,80,80,80,80,80,80,80,80,80,80,80,80],"card_choices":[{"not_picked":["Blood for Blood","Thunderclap"],"picked":"Infernal Blade","floor":1},{"not_picked":["Second Wind","Combust"],"picked":"Shrug It Off","floor":2},{"not_picked":["Sword Boomerang","Intimidate"],"picked":"Armaments","floor":4},{"not_picked":["Bloodletting","Burning Pact"],"picked":"Flex","floor":5},{"not_picked":["Bloodletting","Blood for Blood"],"picked":"Evolve","floor":7},{"not_picked":["Shrug It Off","Twin Strike"],"picked":"Pommel Strike","floor":10},{"not_picked":["Headbutt","Limit Break"],"picked":"Impervious","floor":11},{"not_picked":["Disarm","Headbutt"],"picked":"True Grit","floor":13}],"player_experience":569569,"relics_obtained":[{"floor":7,"key":"Bronze Scales"},{"floor":9,"key":"Centennial Puzzle"},{"floor":11,"key":"Omamori"}],"event_choices":[{"damage_healed":0,"gold_gain":0,"player_choice":"Donut","damage_taken":0,"max_hp_gain":5,"max_hp_loss":0,"event_name":"Big Fish","floor":3,"gold_loss":0},{"damage_healed":0,"gold_gain":0,"player_choice":"Upgraded","damage_taken":0,"max_hp_gain":0,"max_hp_loss":0,"event_name":"Upgrade Shrine","floor":12,"gold_loss":0,"cards_upgraded":["Barricade"]}],"is_beta":false,"boss_relics":[],"items_purged_floors":[],"is_endless":false,"potions_floor_spawned":[1,2,4,13],"killed_by":"Lagavulin","ascension_level":20}