{"gold_per_floor":[111,111,131,151,162,162,217,217,241,253,284,296,343,355,367,379],"floor_reached":16,"playtime":386,"items_purged":[],"score":220,"play_id":"9efd82ba-5720-4e52-a627-d0bc4f90d068","local_time":"20190610224327","is_ascension_mode":true,"campfire_choices":[{"floor":6,"key":"REST"},{"data":"Bludgeon","floor":8,"key":"SMITH"},{"data":"Armaments","floor":15,"key":"SMITH"}],"neow_cost":"NONE","seed_source_timestamp":204843778428800,"circlet_count":0,"master_deck":["AscendersBane","Strike_R","Strike_R","Strike_R","Defend_R","Defend_R","Defend_R","Defend_R","Bash","Clothesline","Sword Boomerang","Armaments+1","Flex","Bludgeon+1","Battle Trance","Shrug It Off"],"relics":["Burning Blood","PreservedInsect","Tiny Chest","MawBank","Gremlin Horn","Happy Flower"],"potions_floor_usage":[4,13,16],"damage_taken":[{"damage":19,"enemies":"Jaw Worm","floor":1,"turns":5},{"damage":1,"enemies":"Cultist","floor":3,"turns":4},{"damage":4,"enemies":"Small Slimes","floor":4,"turns":3},{"damage":54,"enemies":"Exordium Wildlife","floor":5,"turns":7},{"damage":27,"enemies":"Gremlin Nob","floor":7,"turns":4},{"damage":13,"enemies":"Blue Slaver","floor":11,"turns":2},{"damage":2,"enemies":"Lagavulin","floor":13,"turns":6},{"damage":5,"enemies":"The Guardian","floor":16,"turns":5}],"seed_played":"132829407978914014","potions_obtained":[{"floor":1,"key":"Weak Potion"},{"floor":3,"key":"BloodPotion"},{"floor":7,"key":"LiquidBronze"},{"floor":13,"key":"Ancient Potion"}],"is_trial":false,"path_per_floor":["M","?","M","M","M","R","E","R","T","T","M","?","E","$","R","B"],"character_chosen":"IRONCLAD","items_purchased":[],"campfire_rested":1,"item_purchase_floors":[],"current_hp_per_floor":[55,55,60,69,21,43,22,22,22,22,15,8,12,12,12,7],"gold":379,"neow_bonus":"RANDOM_COMMON_RELIC","is_prod":false,"is_daily":false,"chose_seed":false,"campfire_upgraded":2,"win_rate":0,"timestamp":1560174207,"path_taken":["M","?","M","?","?","R","E","R","T","?","?","?","E","?","R","BOSS"],"build_version":"2019-01-23","purchased_purges":0,"victory":false,"max_hp_per_floor":[75,75,75,75,75,75,75,75,75,75,75,75,75,75,75,75],"card_choices":[{"not_picked":["Cleave","Wild Strike"],"picked":"Clothesline","floor":1},{"not_picked":["Wild Strike","Rage"],"picked":"Sword Boomerang","floor":3},{"not_picked":["Corruption","Sword Boomerang"],"picked":"Armaments","floor":4},{"not_picked":["Pommel Strike","True Grit"],"picked":"Flex","floor":5},{"not_picked":["Cleave","Headbutt"],"picked":"Bludgeon","floor":7},{"not_picked":["Havoc","Flex"],"picked":"Battle Trance","floor":11},{"not_picked":["Anger","Flex"],"picked":"Shrug It Off","floor":13}],"player_experience":568675,"relics_obtained":[{"floor":7,"key":"Tiny Chest"},{"floor":9,"key":"MawBank"},{"floor":10,"key":"Gremlin Horn"},{"floor":13,"key":"Happy Flower"}],"event_choices":[{"cards_removed":["Strike_R"],"damage_healed":0,"gold_gain":0,"player_choice":"Purged","damage_taken":0,"max_hp_gain":0,"max_hp_loss":0,"event_name":"Purifier","floor":2,"gold_loss":0},{"cards_removed":["Strike_R"],"damage_healed":0,"gold_gain":0,"player_choice":"Card Removal","damage_taken":7,"max_hp_gain":0,"max_hp_loss":0,"event_name":"Golden Wing","floor":12,"gold_loss":0}],"is_beta":false,"boss_relics":[],"items_purged_floors":[],"is_endless":false,"potions_floor_spawned":[1,3,7,13],"killed_by":"The Guardian","ascension_level":20}