{"gold_per_floor":[119,143,23,23,36,36,53,87,87,67,67,93,105,117,117,196,196,208,208,228,243,243,243,243],"floor_reached":24,"playtime":860,"items_purged":[],"score":462,"play_id":"0369c4e7-4f09-45cb-b3b5-a0fd6864dcd4","local_time":"20190610114434","is_ascension_mode":true,"campfire_choices":[{"data":"Defragment","floor":6,"key":"SMITH"},{"floor":11,"key":"REST"},{"data":"Consume","floor":15,"key":"SMITH"},{"data":"Capacitor","floor":23,"key":"SMITH"}],"neow_cost":"TEN_PERCENT_HP_LOSS","seed_source_timestamp":164833207245200,"circlet_count":0,"master_deck":["AscendersBane","Strike_B","Strike_B","Strike_B+1","Defend_B","Defend_B","Defend_B","Defend_B","Zap+1","Dualcast","Rainbow","Capacitor+1","Defragment+1","Glacier","Chill","Chill","Barrage","Static Discharge","White Noise","Consume+1","Creative AI","Genetic Algorithm","Cold Snap","Coolheaded","Genetic Algorithm+1","Loop","Hologram"],"relics":["Cracked Core","Mercury Hourglass","Unceasing Top","Prayer Wheel","Snecko Eye"],"potions_floor_usage":[10,16,24,24],"damage_taken":[{"damage":4,"enemies":"Cultist","floor":1,"turns":3},{"damage":18,"enemies":"Small Slimes","floor":5,"turns":3},{"damage":2,"enemies":"Jaw Worm","floor":7,"turns":3},{"damage":8,"enemies":"3 Sentries","floor":8,"turns":16},{"damage":0,"enemies":"Lagavulin","floor":12,"turns":5},{"damage":11,"enemies":"Exordium Thugs","floor":13,"turns":4},{"damage":0,"enemies":"3 Louse","floor":14,"turns":3},{"damage":13,"enemies":"Hexaghost","floor":16,"turns":7},{"damage":0,"enemies":"Spheric Guardian","floor":18,"turns":5},{"damage":1,"enemies":"3 Byrds","floor":20,"turns":6},{"damage":20,"enemies":"Shelled Parasite and Fungi","floor":21,"turns":6},{"damage":36,"enemies":"Book of Stabbing","floor":24,"turns":5}],"seed_played":"4289643207775090114","potions_obtained":[{"floor":1,"key":"FearPotion"},{"floor":5,"key":"PowerPotion"},{"floor":10,"key":"Fruit Juice"},{"floor":12,"key":"Fire Potion"},{"floor":21,"key":"FocusPotion"}],"is_trial":false,"path_per_floor":["M","T","$","?","M","R","M","E","T","?","R","E","M","M","R","B",null,"M","?","M","M","?","R","E"],"character_chosen":"DEFECT","items_purchased":["Defragment","Glacier"],"campfire_rested":1,"item_purchase_floors":[3,3],"current_hp_per_floor":[60,60,60,41,23,23,21,13,13,18,38,38,27,27,27,14,55,55,55,54,34,34,34,0],"gold":243,"neow_bonus":"THREE_RARE_CARDS","is_prod":false,"is_daily":false,"chose_seed":false,"campfire_upgraded":3,"win_rate":0,"timestamp":1560134674,"path_taken":["M","?","$","?","M","R","M","E","T","?","R","E","M","?","R","BOSS","M","?","M","?","?","R","E"],"build_version":"2019-01-23","purchased_purges":0,"victory":false,"max_hp_per_floor":[64,64,64,64,64,64,64,64,64,69,69,69,69,69,69,69,69,69,69,69,69,69,69,69],"card_choices":[{"not_picked":["Thunder Strike","Creative AI"],"picked":"Rainbow","floor":0},{"not_picked":["Gash","Cold Snap"],"picked":"Capacitor","floor":1},{"not_picked":["Steam","Stack"],"picked":"Chill","floor":5},{"not_picked":["Genetic Algorithm","Gash"],"picked":"Chill","floor":7},{"not_picked":["Rebound","Meteor Strike"],"picked":"Barrage","floor":8},{"not_picked":["Force Field","Barrage"],"picked":"Static Discharge","floor":12},{"not_picked":["Sweeping Beam","Compile Driver","Storm"],"picked":"SKIP","floor":13},{"not_picked":["Go for the Eyes","Rebound","Melter"],"picked":"SKIP","floor":13},{"not_picked":["Sweeping Beam","Stack"],"picked":"White Noise","floor":14},{"not_picked":["Streamline","Gash"],"picked":"Consume","floor":14},{"not_picked":["Hyperbeam","Machine Learning"],"picked":"Creative AI","floor":16},{"not_picked":["Compile Driver","Beam Cell"],"picked":"Genetic Algorithm","floor":18},{"not_picked":["Conserve Battery","Hello World"],"picked":"Cold Snap","floor":18},{"not_picked":["Conserve Battery","Steam Power"],"picked":"Coolheaded","floor":20},{"not_picked":["Sweeping Beam","Chaos"],"picked":"Genetic Algorithm+1","floor":20},{"not_picked":["Coolheaded","Melter"],"picked":"Loop","floor":21},{"not_picked":["Cold Snap","Ball Lightning"],"picked":"Hologram","floor":21}],"player_experience":540985,"relics_obtained":[{"floor":8,"key":"Mercury Hourglass"},{"floor":9,"key":"Unceasing Top"},{"floor":12,"key":"Prayer Wheel"}],"event_choices":[{"damage_healed":0,"gold_gain":0,"player_choice":"Entered Light","damage_taken":19,"max_hp_gain":0,"max_hp_loss":0,"event_name":"Shining Light","floor":4,"gold_loss":0,"cards_upgraded":["Zap","Strike_B"]},{"damage_healed":0,"gold_gain":0,"player_choice":"Bought 1 Potion","damage_taken":0,"max_hp_gain":0,"max_hp_loss":0,"event_name":"The Woman in Blue","floor":10,"gold_loss":0},{"cards_removed":["Strike_B"],"damage_healed":0,"gold_gain":0,"player_choice":"Offered Basic","damage_taken":0,"max_hp_gain":0,"max_hp_loss":0,"event_name":"Bonfire Elementals","floor":19,"gold_loss":0},{"damage_healed":0,"gold_gain":0,"player_choice":"Ignored","damage_taken":0,"max_hp_gain":0,"max_hp_loss":0,"event_name":"Ghosts","floor":22,"gold_loss":0}],"is_beta":false,"boss_relics":[{"not_picked":["Busted Crown","Sozu"],"picked":"Snecko Eye"}],"items_purged_floors":[],"is_endless":false,"potions_floor_spawned":[1,5,12,13,21],"killed_by":"Book of Stabbing","ascension_level":20}