{"gold_per_floor":[110,110,22,22,22,47,47,77,77,88,13,43,43,56,56,135,135,149,199,199,218,228,263,263,293,293,313,313,338,338,358,358,432,432,448,448,468,8,27,27,39,65,77,115,139,197,509,537,549,561,573,585,597,149,181,181],"floor_reached":57,"playtime":2301,"items_purged":["Strike_B","Strike_B","Defend_B"],"score":2931,"play_id":"c1c7568b-955b-4a59-890e-a625380acd1f","local_time":"20190628205840","is_ascension_mode":true,"campfire_choices":[{"data":"Defragment","floor":7,"key":"SMITH"},{"data":"Blizzard","floor":15,"key":"SMITH"},{"floor":24,"key":"REST"},{"floor":28,"key":"REST"},{"data":"Chill","floor":30,"key":"SMITH"},{"data":"Biased Cognition","floor":32,"key":"SMITH"},{"data":"Loop","floor":40,"key":"SMITH"},{"floor":49,"key":"RECALL"},{"data":"Coolheaded","floor":53,"key":"SMITH"}],"neow_cost":"NONE","seed_source_timestamp":152786268357800,"circlet_count":0,"master_deck":["AscendersBane","Strike_B+1","Defend_B+1","Defend_B","Defend_B","Zap+1","Dualcast","Coolheaded+1","Defragment+1","Biased Cognition+1","Cold Snap","Blizzard+1","Core Surge","Chill+1","Self Repair","Consume+1","Echo Form","Self Repair","Electrodynamics","Loop+1","Coolheaded+1","Cold Snap+1","Glacier","Consume+1","Loop"],"relics":["Cracked Core","NeowsBlessing","Vajra","Gremlin Horn","War Paint","Odd Mushroom","Inserter","Molten Egg 2","Lantern","Pantograph","Bottled Lightning","Busted Crown","Mummified Hand","MawBank","Pen Nib","Cables","Du-Vu Doll","TheAbacus","Orichalcum"],"potions_floor_usage":[16,21,29,39,41,44,56,56],"damage_taken":[{"damage":0,"enemies":"Small Slimes","floor":1,"turns":1},{"damage":0,"enemies":"Gremlin Nob","floor":6,"turns":1},{"damage":0,"enemies":"3 Sentries","floor":8,"turns":1},{"damage":0,"enemies":"2 Louse","floor":10,"turns":1},{"damage":10,"enemies":"The Mushroom Lair","floor":12,"turns":4},{"damage":0,"enemies":"Jaw Worm","floor":14,"turns":3},{"damage":3,"enemies":"The Guardian","floor":16,"turns":10},{"damage":27,"enemies":"2 Thieves","floor":18,"turns":4},{"damage":13,"enemies":"3 Byrds","floor":21,"turns":5},{"damage":13,"enemies":"Shelled Parasite and Fungi","floor":22,"turns":6},{"damage":37,"enemies":"Book of Stabbing","floor":23,"turns":8},{"damage":12,"enemies":"Gremlin Leader","floor":25,"turns":7},{"damage":17,"enemies":"Chosen and Byrds","floor":27,"turns":7},{"damage":13,"enemies":"Slavers","floor":29,"turns":6},{"damage":6,"enemies":"Snake Plant","floor":31,"turns":5},{"damage":28,"enemies":"Automaton","floor":33,"turns":10},{"damage":6,"enemies":"Orb Walker","floor":35,"turns":4},{"damage":8,"enemies":"3 Darklings","floor":37,"turns":3},{"damage":17,"enemies":"Transient","floor":39,"turns":6},{"damage":21,"enemies":"Writhing Mass","floor":41,"turns":6},{"damage":0,"enemies":"Giant Head","floor":42,"turns":8},{"damage":41,"enemies":"Reptomancer","floor":44,"turns":6},{"damage":0,"enemies":"4 Shapes","floor":45,"turns":4},{"damage":0,"enemies":"2 Orb Walkers","floor":46,"turns":5},{"damage":0,"enemies":"Maw","floor":48,"turns":7},{"damage":38,"enemies":"Donu and Deca","floor":50,"turns":8},{"damage":31,"enemies":"Time Eater","floor":51,"turns":15},{"damage":60,"enemies":"Shield and Spear","floor":55,"turns":6},{"damage":41,"enemies":"The Heart","floor":56,"turns":14}],"seed_played":"-3679125270683799931","potions_obtained":[{"floor":8,"key":"PowerPotion"},{"floor":12,"key":"SkillPotion"},{"floor":14,"key":"PowerPotion"},{"floor":21,"key":"Strength Potion"},{"floor":27,"key":"Swift Potion"},{"floor":31,"key":"EssenceOfSteel"},{"floor":33,"key":"Fire Potion"},{"floor":37,"key":"GamblersBrew"},{"floor":39,"key":"AttackPotion"},{"floor":42,"key":"SpeedPotion"},{"floor":44,"key":"AttackPotion"}],"is_trial":false,"path_per_floor":["M","?","$","?","?","E","R","E","T","M","$","?","?","M","R","B",null,"M","?","?","M","M","E","R","E","T","M","R","E","R","M","R","B",null,"M","?","M","$","M","R","M","E","T","E","M","?","?","M","R","B","B",null,"R","$","E","B",null],"character_chosen":"DEFECT","items_purchased":["Defragment","Mummified Hand","Loop","Loop","Ancient Potion","TheAbacus"],"campfire_rested":2,"item_purchase_floors":[3,38,38,54,54,54],"current_hp_per_floor":[64,53,53,32,32,32,32,32,32,32,32,22,22,22,22,19,58,31,31,71,58,52,22,43,38,38,28,49,43,43,37,37,62,69,71,71,70,70,71,71,71,71,71,51,65,71,71,71,71,47,54,67,67,67,21,19],"gold":181,"neow_bonus":"THREE_ENEMY_KILL","is_prod":false,"is_daily":false,"chose_seed":false,"campfire_upgraded":6,"win_rate":0,"timestamp":1561723120,"path_taken":["M","?","$","?","?","E","R","E","T","M","$","?","?","?","R","BOSS","M","?","?","M","M","E","R","E","T","M","R","E","R","?","R","BOSS","M","?","M","$","M","R","M","E","T","E","M","?","?","?","R","BOSS","BOSS","R","$","E","BOSS"],"build_version":"2019-01-23","purchased_purges":3,"victory":true,"max_hp_per_floor":[71,71,71,71,71,71,71,71,71,71,71,71,71,71,71,71,71,71,71,71,71,71,71,71,71,71,71,71,71,71,71,71,71,71,71,71,71,71,71,71,71,71,71,71,71,71,71,71,71,71,71,71,71,71,71,71],"card_choices":[{"not_picked":["Barrage","Sweeping Beam"],"picked":"Coolheaded","floor":1},{"not_picked":["Skim","Hologram","Leap"],"picked":"SKIP","floor":6},{"not_picked":["Stack","Static Discharge","Aggregate"],"picked":"SKIP","floor":8},{"not_picked":["Streamline","Chaos"],"picked":"Capacitor","floor":10},{"not_picked":["Lockon","Redo"],"picked":"Cold Snap","floor":12},{"not_picked":["Coolheaded","Cold Snap"],"picked":"Blizzard","floor":14},{"not_picked":["Multi-Cast","Echo Form"],"picked":"Core Surge","floor":16},{"not_picked":["Rebound","Go for the Eyes"],"picked":"Chill","floor":18},{"not_picked":["Compile Driver+1","Defragment"],"picked":"Self Repair","floor":21},{"not_picked":["Redo","Rebound","Reprogram"],"picked":"SKIP","floor":22},{"not_picked":["Sunder","Streamline+1","Gash"],"picked":"SKIP","floor":23},{"not_picked":["Darkness","Cold Snap+1"],"picked":"Consume+1","floor":25},{"not_picked":["Go for the Eyes+1","Compile Driver+1"],"picked":"Echo Form","floor":27},{"not_picked":["Redo","Machine Learning","Melter+1"],"picked":"SKIP","floor":29},{"not_picked":["Stack","Beam Cell+1"],"picked":"Self Repair","floor":31},{"not_picked":["Thunder Strike+1","Buffer"],"picked":"Electrodynamics","floor":33},{"not_picked":["Steam Power"],"picked":"SKIP","floor":35},{"not_picked":["Darkness"],"picked":"SKIP","floor":37},{"not_picked":[],"picked":"Coolheaded","floor":39},{"not_picked":[],"picked":"Cold Snap+1","floor":41},{"not_picked":["Beam Cell+1"],"picked":"SKIP","floor":42},{"not_picked":["Sweeping Beam+1"],"picked":"SKIP","floor":44},{"not_picked":[],"picked":"Glacier","floor":45},{"not_picked":[],"picked":"Consume+1","floor":48},{"not_picked":["Darkness"],"picked":"SKIP","floor":55}],"player_experience":868290,"relics_obtained":[{"floor":6,"key":"Gremlin Horn"},{"floor":8,"key":"War Paint"},{"floor":12,"key":"Odd Mushroom"},{"floor":23,"key":"Molten Egg 2"},{"floor":25,"key":"Lantern"},{"floor":26,"key":"Pantograph"},{"floor":29,"key":"Bottled Lightning"},{"floor":42,"key":"MawBank"},{"floor":43,"key":"Pen Nib"},{"floor":44,"key":"Cables"},{"floor":46,"key":"Du-Vu Doll"},{"floor":55,"key":"Orichalcum"}],"event_choices":[{"damage_healed":0,"gold_gain":0,"player_choice":"Success","damage_taken":11,"relics_obtained":["Vajra"],"max_hp_gain":0,"max_hp_loss":0,"event_name":"Scrap Ooze","floor":2,"gold_loss":0},{"damage_healed":0,"gold_gain":0,"player_choice":"Entered Light","damage_taken":21,"max_hp_gain":0,"max_hp_loss":0,"event_name":"Shining Light","floor":4,"gold_loss":0,"cards_upgraded":["Defend_B","Strike_B"]},{"damage_healed":0,"gold_gain":0,"cards_transformed":["Strike_B"],"player_choice":"Change","damage_taken":0,"max_hp_gain":0,"max_hp_loss":0,"event_name":"Living Wall","floor":5,"gold_loss":0,"cards_obtained":["Biased Cognition"]},{"damage_healed":0,"gold_gain":0,"player_choice":"Fought Mushrooms","damage_taken":0,"max_hp_gain":0,"max_hp_loss":0,"event_name":"Mushrooms","floor":12,"gold_loss":0},{"damage_healed":0,"gold_gain":0,"player_choice":"Ignored","damage_taken":0,"max_hp_gain":0,"max_hp_loss":0,"event_name":"Liars Game","floor":13,"gold_loss":0},{"damage_healed":0,"gold_gain":50,"player_choice":"Stole From Cult","damage_taken":0,"max_hp_gain":0,"max_hp_loss":0,"event_name":"Nest","floor":19,"gold_loss":0},{"cards_removed":["Capacitor"],"damage_healed":40,"gold_gain":0,"player_choice":"Offered Uncommon","damage_taken":0,"max_hp_gain":0,"max_hp_loss":0,"event_name":"Bonfire Elementals","floor":20,"gold_loss":0},{"damage_healed":0,"gold_gain":0,"player_choice":"Ignored","damage_taken":0,"max_hp_gain":0,"max_hp_loss":0,"event_name":"Tomb of Lord Red Mask","floor":36,"gold_loss":0},{"damage_healed":0,"gold_gain":0,"player_choice":"Fight","damage_taken":0,"max_hp_gain":0,"max_hp_loss":0,"event_name":"Mysterious Sphere","floor":46,"gold_loss":0},{"damage_healed":0,"gold_gain":300,"player_choice":"Gold","damage_taken":0,"max_hp_gain":0,"max_hp_loss":0,"event_name":"Wheel of Change","floor":47,"gold_loss":0}],"is_beta":false,"boss_relics":[{"not_picked":["Cursed Key","Runic Dome"],"picked":"Inserter"},{"not_picked":["Calling Bell","Eternal Feather"],"picked":"Busted Crown"}],"items_purged_floors":[11,38,54],"is_endless":false,"potions_floor_spawned":[8,12,14,21,27,31,33,37,39,42,44],"ascension_level":20}