{"gold_per_floor":[118,132,207,221,93,93,126,126,126,138,156,188,188,213,213,285,285,297,297,197,215,230,230,244,264,264,189,289,322,322,353,353,432,432,445,456,2,13,24,24,52,66,66,80,91,107,125,156,156,156,156,156,156,6,34,34],"floor_reached":57,"playtime":3325,"items_purged":["Strike_R","Strike_R","Strike_R","Strike_R"],"score":3356,"play_id":"e253ada1-f14a-4bfb-9f70-6e5b65bd92e7","local_time":"20190719163139","is_ascension_mode":true,"campfire_choices":[{"data":"Seeing Red","floor":6,"key":"SMITH"},{"data":"Havoc","floor":8,"key":"SMITH"},{"data":"Disarm","floor":15,"key":"SMITH"},{"data":"Armaments","floor":23,"key":"SMITH"},{"data":"Body Slam","floor":32,"key":"SMITH"},{"floor":40,"key":"RECALL"},{"data":"Juggernaut","floor":49,"key":"SMITH"},{"data":"Feel No Pain","floor":53,"key":"SMITH"}],"neow_cost":"TEN_PERCENT_HP_LOSS","seed_source_timestamp":1029104858299,"circlet_count":0,"master_deck":["AscendersBane","Defend_R","Defend_R+1","Defend_R+1","Defend_R","Bash","Seeing Red+1","Disarm+1","True Grit","Feel No Pain+1","Intimidate","Impervious","Body Slam+1","Shrug It Off","Armaments+1","Immolate","Seeing Red","Disarm+1","Offering+1","Entrench+1","Warcry+1","Dual Wield+1","Disarm+1","Offering+1","Shame","Second Wind+1","Disarm+1","Armaments+1","Warcry+1","Juggernaut+1"],"relics":["Burning Blood","Dead Branch","Calipers","Bird Faced Urn","Potion Belt","Orrery","Nilry\u0027s Codex","Torii","Toxic Egg 2","Gremlin Horn","Paper Frog","Dream Catcher","Cursed Key","Centennial Puzzle","Pen Nib","Molten Egg 2","StoneCalendar","Self Forming Clay"],"potions_floor_usage":[7,18,31,33,55,55,56,56],"damage_taken":[{"damage":7,"enemies":"Small Slimes","floor":1,"turns":4},{"damage":2,"enemies":"Jaw Worm","floor":2,"turns":3},{"damage":0,"enemies":"2 Louse","floor":4,"turns":3},{"damage":6,"enemies":"Gremlin Nob","floor":7,"turns":3},{"damage":9,"enemies":"Lots of Slimes","floor":10,"turns":4},{"damage":8,"enemies":"Exordium Thugs","floor":11,"turns":4},{"damage":12,"enemies":"3 Sentries","floor":12,"turns":8},{"damage":16,"enemies":"Lagavulin","floor":14,"turns":10},{"damage":3,"enemies":"Hexaghost","floor":16,"turns":8},{"damage":0,"enemies":"Spheric Guardian","floor":18,"turns":5},{"damage":6,"enemies":"Chosen","floor":21,"turns":2},{"damage":17,"enemies":"Snake Plant","floor":22,"turns":6},{"damage":10,"enemies":"Centurion and Healer","floor":24,"turns":13},{"damage":0,"enemies":"Snecko","floor":25,"turns":6},{"damage":14,"enemies":"Colosseum Slavers","floor":28,"turns":5},{"damage":0,"enemies":"Colosseum Nobs","floor":28,"turns":4},{"damage":6,"enemies":"Book of Stabbing","floor":29,"turns":7},{"damage":24,"enemies":"Gremlin Leader","floor":31,"turns":7},{"damage":4,"enemies":"Champ","floor":33,"turns":7},{"damage":1,"enemies":"3 Shapes","floor":35,"turns":4},{"damage":6,"enemies":"3 Darklings","floor":36,"turns":6},{"damage":6,"enemies":"Jaw Worm Horde","floor":38,"turns":3},{"damage":6,"enemies":"4 Shapes","floor":39,"turns":2},{"damage":12,"enemies":"Reptomancer","floor":41,"turns":1},{"damage":0,"enemies":"Sphere and 2 Shapes","floor":42,"turns":3},{"damage":21,"enemies":"Transient","floor":44,"turns":6},{"damage":12,"enemies":"Maw","floor":45,"turns":7},{"damage":6,"enemies":"Spire Growth","floor":46,"turns":5},{"damage":15,"enemies":"Transient","floor":47,"turns":6},{"damage":12,"enemies":"Nemesis","floor":48,"turns":9},{"damage":12,"enemies":"Awakened One","floor":50,"turns":7},{"damage":12,"enemies":"Time Eater","floor":51,"turns":9},{"damage":64,"enemies":"Shield and Spear","floor":55,"turns":9},{"damage":12,"enemies":"The Heart","floor":56,"turns":8}],"seed_played":"-5661314093978930670","potions_obtained":[{"floor":1,"key":"AttackPotion"},{"floor":10,"key":"Block Potion"},{"floor":16,"key":"PowerPotion"},{"floor":24,"key":"PowerPotion"},{"floor":25,"key":"BloodPotion"},{"floor":28,"key":"Poison Potion"},{"floor":29,"key":"Energy Potion"},{"floor":31,"key":"FearPotion"},{"floor":36,"key":"EssenceOfSteel"},{"floor":38,"key":"Dexterity Potion"}],"is_trial":false,"path_per_floor":["M","M","?","M","$","R","E","R","T","M","M","E","?","E","R","B",null,"M","?","$","M","M","R","M","M","T","?","?","E","?","E","R","B",null,"M","M","$","M","M","R","E","M","T","M","M","M","M","E","R","B","B",null,"R","$","E","B",null],"character_chosen":"IRONCLAD","items_purchased":["True Grit","Dual Wield+1","Disarm+1","Centennial Puzzle"],"campfire_rested":0,"item_purchase_floors":[5,37,37,37],"current_hp_per_floor":[67,68,57,63,63,63,63,63,63,60,58,52,32,26,26,39,61,68,47,47,49,48,48,62,68,68,68,68,68,68,56,56,68,68,68,68,68,68,68,68,64,68,68,63,68,68,68,68,68,68,68,68,68,68,49,68],"gold":34,"neow_bonus":"ONE_RARE_RELIC","is_prod":false,"is_daily":false,"chose_seed":false,"campfire_upgraded":7,"win_rate":0,"timestamp":1563521499,"path_taken":["M","M","?","M","$","R","E","R","T","M","M","E","?","E","R","BOSS","M","?","$","M","M","R","M","M","T","?","?","E","?","E","R","BOSS","M","M","$","M","M","R","E","M","T","M","?","M","M","E","R","BOSS","BOSS","R","$","E","BOSS"],"build_version":"2019-07-17","purchased_purges":4,"victory":true,"max_hp_per_floor":[68,68,68,68,68,68,68,68,68,68,68,68,68,68,68,68,68,68,68,68,68,68,68,68,68,68,68,68,68,68,68,68,68,68,68,68,68,68,68,68,68,68,68,68,68,68,68,68,68,68,68,68,68,68,68,68],"card_choices":[{"not_picked":["Inflame","Perfected Strike"],"picked":"Seeing Red","floor":1},{"not_picked":["Clash","Sword Boomerang"],"picked":"Disarm","floor":2},{"not_picked":["Heavy Blade","Sword Boomerang","Wild Strike"],"picked":"SKIP","floor":4},{"not_picked":["Thunderclap","Dropkick"],"picked":"Havoc","floor":7},{"not_picked":["Anger","Clothesline","Cleave"],"picked":"SKIP","floor":10},{"not_picked":["Headbutt","Second Wind"],"picked":"Feel No Pain","floor":11},{"not_picked":["Intimidate","Hemokinesis","Clash"],"picked":"SKIP","floor":12},{"not_picked":["Hemokinesis","Clash"],"picked":"Intimidate","floor":12},{"not_picked":["Bloodletting","Perfected Strike","Cleave"],"picked":"SKIP","floor":14},{"not_picked":["Feed","Juggernaut"],"picked":"Impervious","floor":16},{"not_picked":["Thunderclap","Bloodletting"],"picked":"Body Slam","floor":17},{"not_picked":["Perfected Strike","Fire Breathing"],"picked":"Shrug It Off","floor":17},{"not_picked":["Hemokinesis","Pommel Strike"],"picked":"Armaments","floor":17},{"not_picked":["Pommel Strike","Clothesline","Havoc"],"picked":"SKIP","floor":18},{"not_picked":["Thunderclap","Power Through"],"picked":"Immolate","floor":21},{"not_picked":["Dropkick","Body Slam","Uppercut"],"picked":"SKIP","floor":22},{"not_picked":["Dropkick","Body Slam","Uppercut"],"picked":"SKIP","floor":22},{"not_picked":["Havoc","Clash","Clothesline"],"picked":"SKIP","floor":24},{"not_picked":["Havoc","Clash","Clothesline"],"picked":"SKIP","floor":24},{"not_picked":["Cleave","Infernal Blade"],"picked":"Seeing Red","floor":25},{"not_picked":["Carnage","Double Tap+1"],"picked":"Disarm+1","floor":29},{"not_picked":["Perfected Strike","Headbutt","Heavy Blade"],"picked":"SKIP","floor":31},{"not_picked":["Demon Form","Reaper"],"picked":"Offering+1","floor":33},{"not_picked":["Clash","Thunderclap"],"picked":"Entrench+1","floor":35},{"not_picked":["Spot Weakness+1","Iron Wave"],"picked":"Warcry+1","floor":36},{"not_picked":["Metallicize","Thunderclap"],"picked":"Offering+1","floor":38},{"not_picked":["Heavy Blade","Clash","Headbutt"],"picked":"SKIP","floor":39},{"not_picked":["Hemokinesis","Warcry+1","Anger"],"picked":"SKIP","floor":41},{"not_picked":["Flex+1","Iron Wave","Headbutt+1"],"picked":"SKIP","floor":42},{"not_picked":["Perfected Strike+1","Hemokinesis+1"],"picked":"Second Wind+1","floor":44},{"not_picked":["Wild Strike+1","Rage+1"],"picked":"Disarm+1","floor":45},{"not_picked":["Whirlwind+1","Clothesline+1"],"picked":"Armaments+1","floor":46},{"not_picked":["Rage+1","Spot Weakness+1"],"picked":"Warcry+1","floor":47},{"not_picked":["Armaments+1","Sever Soul+1"],"picked":"Juggernaut","floor":48},{"not_picked":["Anger+1","Combust+1","Headbutt+1"],"picked":"SKIP","floor":55}],"player_experience":1093398,"relics_obtained":[{"floor":7,"key":"Calipers"},{"floor":12,"key":"Bird Faced Urn"},{"floor":14,"key":"Potion Belt"},{"floor":19,"key":"Nilry\u0027s Codex"},{"floor":28,"key":"Torii"},{"floor":28,"key":"Toxic Egg 2"},{"floor":29,"key":"Gremlin Horn"},{"floor":31,"key":"Dream Catcher"},{"floor":41,"key":"Pen Nib"},{"floor":43,"key":"Molten Egg 2"},{"floor":48,"key":"StoneCalendar"},{"floor":55,"key":"Self Forming Clay"}],"event_choices":[{"damage_healed":0,"gold_gain":75,"player_choice":"Gather Gold","damage_taken":11,"max_hp_gain":0,"max_hp_loss":0,"event_name":"World of Goop","floor":3,"gold_loss":0},{"damage_healed":0,"gold_gain":0,"player_choice":"Entered Light","damage_taken":20,"max_hp_gain":0,"max_hp_loss":0,"event_name":"Shining Light","floor":13,"gold_loss":0,"cards_upgraded":["Defend_R","Defend_R"]},{"damage_healed":0,"gold_gain":0,"player_choice":"Obtained Book","damage_taken":21,"max_hp_gain":0,"max_hp_loss":0,"event_name":"Cursed Tome","floor":19,"gold_loss":0},{"cards_removed":["Strike_R"],"damage_healed":0,"gold_gain":0,"player_choice":"Gave Gold","damage_taken":0,"max_hp_gain":0,"max_hp_loss":0,"event_name":"Beggar","floor":27,"gold_loss":75},{"damage_healed":0,"gold_gain":0,"player_choice":"Fight","damage_taken":0,"max_hp_gain":0,"max_hp_loss":0,"event_name":"Colosseum","floor":28,"gold_loss":0},{"damage_healed":0,"gold_gain":0,"player_choice":"Fought Nobs","damage_taken":0,"max_hp_gain":0,"max_hp_loss":0,"event_name":"Colosseum","floor":28,"gold_loss":0},{"cards_removed":["Havoc"],"damage_healed":0,"gold_gain":0,"player_choice":"Gave Card","damage_taken":0,"relics_obtained":["Paper Frog"],"max_hp_gain":0,"max_hp_loss":0,"event_name":"WeMeetAgain","floor":30,"gold_loss":0}],"is_beta":false,"boss_relics":[{"not_picked":["Tiny House","Empty Cage"],"picked":"Orrery"},{"not_picked":["Sozu","Black Blood"],"picked":"Cursed Key"}],"items_purged_floors":[5,20,37,54],"is_endless":false,"potions_floor_spawned":[1,10,16,24,25,28,29,31,36,38,39,45,47],"ascension_level":20}