{"gold_per_floor":[112,130,130,130,155,155,193,207,282,44,44,65,104,127,127,127],"floor_reached":16,"playtime":360,"items_purged":["Strike_B"],"score":224,"play_id":"4579df20-e5c0-4b22-8144-bc479f3b319f","local_time":"20190724203605","is_ascension_mode":true,"campfire_choices":[{"data":"Rip and Tear","floor":6,"key":"SMITH"},{"floor":11,"key":"REST"},{"data":"Defragment","floor":15,"key":"SMITH"}],"neow_cost":"NONE","seed_source_timestamp":450668054095600,"circlet_count":0,"master_deck":["AscendersBane","Strike_B","Strike_B","Strike_B","Defend_B","Defend_B","Defend_B","Defend_B","Zap","Dualcast","Cold Snap","Lockon","Rip and Tear+1","Cold Snap","Ball Lightning","Heatsinks","Defragment+1"],"relics":["Sozu","Golden Idol","Shovel","Mummified Hand","Happy Flower","Boot"],"potions_floor_usage":[],"damage_taken":[{"damage":6,"enemies":"Cultist","floor":1,"turns":3},{"damage":3,"enemies":"2 Louse","floor":2,"turns":2},{"damage":7,"enemies":"Jaw Worm","floor":5,"turns":4},{"damage":21,"enemies":"3 Sentries","floor":7,"turns":9},{"damage":4,"enemies":"Exordium Thugs","floor":8,"turns":4},{"damage":1,"enemies":"Looter","floor":12,"turns":3},{"damage":24,"enemies":"Gremlin Nob","floor":13,"turns":4},{"damage":8,"enemies":"Exordium Wildlife","floor":14,"turns":4},{"damage":19,"enemies":"The Guardian","floor":16,"turns":2}],"seed_played":"-1771441057884505246","potions_obtained":[],"is_trial":false,"path_per_floor":["M","M","?","?","M","R","E","M","T","$","R","M","E","M","R","B"],"character_chosen":"DEFECT","items_purchased":["Happy Flower"],"campfire_rested":1,"item_purchase_floors":[10],"current_hp_per_floor":[58,55,55,55,48,48,27,23,23,23,42,41,17,9,9,0],"gold":127,"neow_bonus":"BOSS_RELIC","is_prod":false,"is_daily":false,"chose_seed":false,"campfire_upgraded":2,"win_rate":0,"timestamp":1563968165,"path_taken":["M","?","?","?","M","R","E","M","T","?","R","M","E","?","R","BOSS"],"build_version":"2019-07-17","purchased_purges":1,"victory":false,"max_hp_per_floor":[71,71,64,64,64,64,64,64,64,64,64,64,64,64,64,64],"card_choices":[{"not_picked":["Steam Power","Recycle"],"picked":"Cold Snap","floor":1},{"not_picked":["Barrage","BootSequence"],"picked":"Lockon","floor":2},{"not_picked":["Stack","Barrage"],"picked":"Rip and Tear","floor":5},{"not_picked":["Aggregate","Compile Driver"],"picked":"Cold Snap","floor":7},{"not_picked":["Stack","Auto Shields"],"picked":"Ball Lightning","floor":8},{"not_picked":["Redo","Cold Snap"],"picked":"Heatsinks","floor":12},{"not_picked":["Storm","Compile Driver"],"picked":"Defragment","floor":13},{"not_picked":["Ball Lightning","Static Discharge","Steam"],"picked":"SKIP","floor":14}],"player_experience":1187320,"relics_obtained":[{"floor":7,"key":"Shovel"},{"floor":9,"key":"Mummified Hand"},{"floor":13,"key":"Boot"}],"event_choices":[{"damage_healed":0,"gold_gain":0,"player_choice":"Lose Max HP","damage_taken":0,"relics_obtained":["Golden Idol"],"max_hp_gain":0,"max_hp_loss":7,"event_name":"Golden Idol","floor":3,"gold_loss":0},{"damage_healed":0,"gold_gain":0,"player_choice":"Ignored","damage_taken":0,"max_hp_gain":0,"max_hp_loss":0,"event_name":"Liars Game","floor":4,"gold_loss":0}],"is_beta":false,"boss_relics":[],"items_purged_floors":[10],"is_endless":false,"potions_floor_spawned":[2,5,12,13],"killed_by":"The Guardian","ascension_level":20}