{"gold_per_floor":[112,287,362,376,476,476,489,501,525,542,431,431,41,57,57,57],"floor_reached":16,"playtime":554,"items_purged":["Doubt"],"score":143,"play_id":"c64352aa-eb12-4314-814f-16d1d83d7def","local_time":"20190628171135","is_ascension_mode":true,"campfire_choices":[{"floor":6.0,"key":"REST"},{"floor":12.0,"key":"REST"},{"floor":15,"key":"REST"}],"neow_cost":"NONE","seed_source_timestamp":1290180362635625,"circlet_count":0,"master_deck":["AscendersBane","Defend_G","Defend_G","Defend_G","Defend_G","Defend_G","Strike_G","Strike_G","Strike_G","Strike_G","Strike_G","Survivor","Neutralize","Poisoned Stab","Flying Knee","PiercingWail","Bane","Escape Plan","Riddle With Holes","Purity","Distraction"],"special_seed":0,"relics":["Ring of the Snake","NeowsBlessing","Snake Skull","Dead Branch"],"potions_floor_usage":[16,16],"damage_taken":[{"damage":0.0,"enemies":"2 Louse","floor":1.0,"turns":1.0},{"damage":0.0,"enemies":"Jaw Worm","floor":4.0,"turns":1.0},{"damage":0.0,"enemies":"Cultist","floor":7.0,"turns":1.0},{"damage":11.0,"enemies":"Large Slime","floor":8.0,"turns":6.0},{"damage":10.0,"enemies":"Red Slaver","floor":10.0,"turns":2.0},{"damage":26,"enemies":"Gremlin Gang","floor":14,"turns":6},{"damage":27,"enemies":"Hexaghost","floor":16,"turns":7}],"seed_played":"1473579970038036822","potions_obtained":[{"floor":4.0,"key":"Poison Potion"},{"floor":7.0,"key":"Fire Potion"},{"floor":10.0,"key":"EssenceOfSteel"},{"floor":14,"key":"FearPotion"}],"is_trial":false,"path_per_floor":["M","?","?","M","?","R","M","M","T","M","$","R","$","M","R","B"],"character_chosen":"THE_SILENT","items_purchased":["Riddle With Holes","Dead Branch","Purity"],"campfire_rested":3,"item_purchase_floors":[11,13,13],"current_hp_per_floor":[63,63,56,56,56,70,70,59,59,49,49,70,70,44,65,38],"gold":57,"neow_bonus":"THREE_ENEMY_KILL","is_prod":false,"is_daily":false,"chose_seed":false,"campfire_upgraded":0,"win_rate":0,"timestamp":1561731095,"path_taken":["M","?","?","?","?","R","M","?","T","?","?","R","$","M","R","BOSS"],"build_version":"2019-01-23","purchased_purges":1,"victory":false,"max_hp_per_floor":[70,70,70,70,70,70,70,70,70,70,70,70,70,70,70,70],"card_choices":[{"not_picked":["Acrobatics","Expertise"],"picked":"Poisoned Stab","floor":1.0},{"not_picked":["Concentrate","Outmaneuver"],"picked":"Flying Knee","floor":4.0},{"not_picked":["Quick Slash","Tactician"],"picked":"PiercingWail","floor":7.0},{"not_picked":["Heel Hook","Backstab"],"picked":"Bane","floor":8.0},{"not_picked":["Concentrate","Quick Slash"],"picked":"Escape Plan","floor":10.0},{"not_picked":["Dagger Spray","Sucker Punch"],"picked":"Distraction","floor":14}],"player_experience":1593538,"relics_obtained":[{"floor":9.0,"key":"Snake Skull"}],"event_choices":[{"damage_healed":0.0,"max_hp_gain":0.0,"max_hp_loss":0.0,"gold_gain":175.0,"event_name":"Liars Game","player_choice":"AGREE","floor":2.0,"gold_loss":0.0,"damage_taken":0.0,"cards_obtained":["Doubt"]},{"damage_healed":0.0,"max_hp_gain":0.0,"max_hp_loss":0.0,"gold_gain":75.0,"event_name":"FaceTrader","player_choice":"Touch","floor":3.0,"gold_loss":0.0,"damage_taken":7.0},{"damage_healed":0.0,"max_hp_gain":0.0,"max_hp_loss":0.0,"gold_gain":100.0,"event_name":"Golden Shrine","player_choice":"Pray","floor":5.0,"gold_loss":0.0,"damage_taken":0.0}],"is_beta":false,"boss_relics":[],"items_purged_floors":[11],"is_endless":false,"potions_floor_spawned":[4,7,10,14],"killed_by":"Hexaghost","ascension_level":11}