{"gold_per_floor":[109,128,128,143,42,85,85,116,171,190,231,231,244,244,244,340,340,359,383,383,397,322,355,355,34,34,84,127,27,65,89,89,179,179,198,198,219,219,94,94,107,148,148,148,211,225,265,279,279,279,279,279,279,73,114,114],"floor_reached":57,"playtime":3774,"items_purged":["Defend_B","Defend_B","Strike_B"],"score":3151,"play_id":"409bcd8d-c613-448e-91f1-a0e7567e1125","local_time":"20190711195132","is_ascension_mode":true,"campfire_choices":[{"data":"Barrage","floor":7.0,"key":"SMITH"},{"data":"Loop","floor":12.0,"key":"SMITH"},{"data":"Hologram","floor":15.0,"key":"SMITH"},{"data":"Consume","floor":24.0,"key":"SMITH"},{"data":"Capacitor","floor":32.0,"key":"SMITH"},{"data":"Blizzard","floor":40.0,"key":"SMITH"},{"floor":44.0,"key":"RECALL"},{"floor":49.0,"key":"REST"},{"data":"Coolheaded","floor":53.0,"key":"SMITH"}],"neow_cost":"NONE","seed_source_timestamp":13949145622200,"circlet_count":0,"master_deck":["AscendersBane","Defend_B","Zap","Dualcast","Ball Lightning","Chill","Chill","Loop+1","Barrage+1","Reboot","Conserve Battery","Hologram+1","Buffer","Multi-Cast","Consume+1","Conserve Battery+1","Hologram+1","White Noise","Meteor Strike","Glacier","Go for the Eyes+1","Capacitor+1","Amplify","Blizzard+1","Turbo","Electrodynamics","Glacier","Capacitor+1","Coolheaded+1","Cold Snap","White Noise","Defragment+1","Glacier","Master of Strategy","White Noise"],"special_seed":0,"relics":["FrozenCore","NeowsBlessing","Golden Idol","Pear","Lantern","DataDisk","Prayer Wheel","Happy Flower","Regal Pillow","Bag of Preparation","Shuriken","Cursed Key","Orichalcum","Girya","Omamori","Pocketwatch"],"potions_floor_usage":[56],"damage_taken":[{"damage":0.0,"enemies":"Small Slimes","floor":1.0,"turns":1.0},{"damage":0.0,"enemies":"2 Louse","floor":2.0,"turns":1.0},{"damage":0.0,"enemies":"Jaw Worm","floor":4.0,"turns":1.0},{"damage":24.0,"enemies":"3 Sentries","floor":6.0,"turns":8.0},{"damage":19.0,"enemies":"Lagavulin","floor":8.0,"turns":7.0},{"damage":0.0,"enemies":"3 Louse","floor":10.0,"turns":3.0},{"damage":0.0,"enemies":"3 Sentries","floor":11.0,"turns":6.0},{"damage":18.0,"enemies":"Blue Slaver","floor":13.0,"turns":4.0},{"damage":0.0,"enemies":"The Guardian","floor":16.0,"turns":11.0},{"damage":0.0,"enemies":"Spheric Guardian","floor":18.0,"turns":7.0},{"damage":0.0,"enemies":"Chosen","floor":19.0,"turns":7.0},{"damage":5.0,"enemies":"Centurion and Healer","floor":21.0,"turns":9.0},{"damage":0.0,"enemies":"Book of Stabbing","floor":23.0,"turns":8.0},{"damage":2.0,"enemies":"Gremlin Leader","floor":28.0,"turns":11.0},{"damage":0.0,"enemies":"Slavers","floor":30.0,"turns":8.0},{"damage":0.0,"enemies":"Cultist and Chosen","floor":31.0,"turns":5.0},{"damage":4.0,"enemies":"Champ","floor":33.0,"turns":21.0},{"damage":0.0,"enemies":"Orb Walker","floor":35.0,"turns":4.0},{"damage":0.0,"enemies":"3 Darklings","floor":37.0,"turns":2.0},{"damage":0.0,"enemies":"Spire Growth","floor":41.0,"turns":8.0},{"damage":0.0,"enemies":"Giant Head","floor":42.0,"turns":9.0},{"damage":0.0,"enemies":"2 Orb Walkers","floor":45.0,"turns":5.0},{"damage":0.0,"enemies":"4 Shapes","floor":46.0,"turns":2.0},{"damage":8.0,"enemies":"Reptomancer","floor":47.0,"turns":9.0},{"damage":27.0,"enemies":"Jaw Worm Horde","floor":48.0,"turns":5.0},{"damage":2.0,"enemies":"Awakened One","floor":50.0,"turns":22.0},{"damage":0.0,"enemies":"Time Eater","floor":51.0,"turns":18.0},{"damage":24.0,"enemies":"Shield and Spear","floor":55.0,"turns":5.0},{"damage":37,"enemies":"The Heart","floor":56,"turns":15}],"seed_played":"232328874880676648","potions_obtained":[{"floor":8.0,"key":"Weak Potion"},{"floor":11.0,"key":"SpeedPotion"},{"floor":13.0,"key":"AttackPotion"},{"floor":16.0,"key":"PowerPotion"},{"floor":23.0,"key":"Fire Potion"},{"floor":28.0,"key":"SteroidPotion"},{"floor":31.0,"key":"Explosive Potion"},{"floor":33.0,"key":"FocusPotion"},{"floor":42.0,"key":"Weak Potion"},{"floor":46.0,"key":"AttackPotion"},{"floor":47.0,"key":"Strength Potion"},{"floor":48.0,"key":"Weak Potion"},{"floor":55.0,"key":"FearPotion"}],"is_trial":false,"path_per_floor":["M","M","?","M","$","E","R","E","T","M","E","R","M","?","R","B",null,"M","M","?","M","?","E","R","$","T","?","E","$","E","M","R","B",null,"M","?","M","?","$","R","M","E","T","R","?","M","E","M","R","B","B",null,"R","$","E","B",null],"character_chosen":"DEFECT","items_purchased":["Loop","Barrage","Capacitor","Regal Pillow","Master of Strategy"],"campfire_rested":1,"item_purchase_floors":[5,5,25,25,54],"current_hp_per_floor":[64,64,64,64,64,50,50,31,31,31,31,31,13,13,13,13,59,59,59,59,54,54,54,54,54,54,54,52,52,52,52,52,48,68,68,68,68,68,68,68,68,68,68,68,68,68,60,33,70,68,68,73,73,73,49,12],"gold":114,"neow_bonus":"THREE_ENEMY_KILL","is_prod":false,"is_daily":false,"chose_seed":false,"campfire_upgraded":7,"win_rate":0,"timestamp":1562842292,"path_taken":["M","M","?","M","$","E","R","E","T","M","E","R","M","?","R","BOSS","M","M","?","M","?","E","R","$","T","?","E","?","E","?","R","BOSS","M","?","?","?","$","R","?","E","T","R","?","M","E","M","R","BOSS","BOSS","R","$","E","BOSS"],"build_version":"2019-07-05","purchased_purges":3,"victory":true,"max_hp_per_floor":[71,71,64,64,64,74,74,74,74,74,74,74,74,74,74,74,74,74,74,74,74,74,74,74,74,74,74,74,74,74,74,74,74,74,74,74,74,74,74,74,74,74,74,74,74,74,74,74,74,74,74,74,74,74,74,74],"card_choices":[{"not_picked":["Cold Snap","Gash"],"picked":"Ball Lightning","floor":1.0},{"not_picked":["Lockon","Beam Cell"],"picked":"Chill","floor":2.0},{"not_picked":["Undo","Scrape"],"picked":"Chill","floor":4.0},{"not_picked":["Chaos","Hologram"],"picked":"Reboot","floor":6.0},{"not_picked":["FTL","Turbo","Streamline"],"picked":"SKIP","floor":8.0},{"not_picked":["Blizzard","Rebound","Beam Cell"],"picked":"SKIP","floor":10.0},{"not_picked":["Barrage","Sweeping Beam","Ball Lightning"],"picked":"SKIP","floor":11.0},{"not_picked":["Beam Cell","Rebound"],"picked":"Conserve Battery","floor":13.0},{"not_picked":["Auto Shields","Turbo","Go for the Eyes"],"picked":"SKIP","floor":13.0},{"not_picked":["Auto Shields","Turbo","Go for the Eyes"],"picked":"SKIP","floor":13.0},{"not_picked":["Thunder Strike","Hyperbeam"],"picked":"Buffer","floor":16.0},{"not_picked":["Turbo","Leap"],"picked":"Multi-Cast","floor":18.0},{"not_picked":["Steam","Stack"],"picked":"Consume","floor":18.0},{"not_picked":["Beam Cell","Redo+1"],"picked":"Conserve Battery+1","floor":19.0},{"not_picked":["Steam","Thunder Strike"],"picked":"Hologram+1","floor":19.0},{"not_picked":["Heatsinks","Redo"],"picked":"Glacier","floor":21.0},{"not_picked":["Stack","Conserve Battery","Rip and Tear"],"picked":"SKIP","floor":21.0},{"not_picked":["Stack","Barrage"],"picked":"Go for the Eyes+1","floor":23.0},{"not_picked":["Static Discharge","Redo"],"picked":"Amplify","floor":28.0},{"not_picked":["Auto Shields","Turbo"],"picked":"Blizzard","floor":30.0},{"not_picked":["Ball Lightning","Redo+1"],"picked":"Turbo","floor":31.0},{"not_picked":["Rebound","Darkness","Steam Power"],"picked":"SKIP","floor":31.0},{"not_picked":["Machine Learning","Reboot"],"picked":"Electrodynamics","floor":33.0},{"not_picked":["Scrape+1","Barrage"],"picked":"Glacier","floor":35.0},{"not_picked":["Beam Cell","Barrage+1","Force Field+1"],"picked":"SKIP","floor":35.0},{"not_picked":["Ball Lightning","Gash","Fusion"],"picked":"SKIP","floor":37.0},{"not_picked":["Tempest","Compile Driver","Reprogram"],"picked":"SKIP","floor":37.0},{"not_picked":["Streamline+1","Compile Driver+1"],"picked":"Coolheaded","floor":41.0},{"not_picked":["Rebound","Static Discharge"],"picked":"Cold Snap","floor":41.0},{"not_picked":["Chaos","Hyperbeam","Cold Snap"],"picked":"SKIP","floor":42.0},{"not_picked":["Rip and Tear+1","Skim"],"picked":"White Noise","floor":46.0},{"not_picked":["Beam Cell","Rebound","Steam"],"picked":"SKIP","floor":46.0},{"not_picked":["Lockon","Stack"],"picked":"Defragment+1","floor":47.0},{"not_picked":["Turbo","Rainbow"],"picked":"Glacier","floor":48.0},{"not_picked":["Skim","Conserve Battery","Streamline"],"picked":"SKIP","floor":48.0},{"not_picked":["Sunder","Gash"],"picked":"White Noise","floor":55.0}],"player_experience":981439,"relics_obtained":[{"floor":6.0,"key":"Pear"},{"floor":8.0,"key":"Lantern"},{"floor":9.0,"key":"DataDisk"},{"floor":11.0,"key":"Prayer Wheel"},{"floor":23.0,"key":"Happy Flower"},{"floor":28.0,"key":"Bag of Preparation"},{"floor":30.0,"key":"Shuriken"},{"floor":42.0,"key":"Orichalcum"},{"floor":45.0,"key":"Girya"},{"floor":47.0,"key":"Omamori"},{"floor":55.0,"key":"Pocketwatch"}],"event_choices":[{"damage_healed":0.0,"max_hp_gain":0.0,"max_hp_loss":7.0,"gold_gain":0.0,"event_name":"Golden Idol","player_choice":"Lose Max HP","floor":3.0,"gold_loss":0.0,"damage_taken":0.0,"relics_obtained":["Golden Idol"]},{"damage_healed":0.0,"max_hp_gain":0.0,"max_hp_loss":0.0,"gold_gain":0.0,"cards_transformed":["Strike_B"],"event_name":"Living Wall","player_choice":"Change","floor":14.0,"gold_loss":0.0,"damage_taken":0.0,"cards_obtained":["Hologram"]},{"damage_healed":0.0,"max_hp_gain":0.0,"max_hp_loss":0.0,"gold_gain":0.0,"cards_transformed":["Strike_B","Defend_B"],"event_name":"Drug Dealer","player_choice":"Became Test Subject","floor":20.0,"gold_loss":0.0,"damage_taken":0.0,"cards_obtained":["White Noise","Meteor Strike"]},{"cards_removed":["Strike_B"],"damage_healed":0.0,"max_hp_gain":0.0,"max_hp_loss":0.0,"gold_gain":0.0,"event_name":"Beggar","player_choice":"Gave Gold","floor":22.0,"gold_loss":75.0,"damage_taken":0.0},{"damage_healed":0.0,"max_hp_gain":0.0,"max_hp_loss":0.0,"gold_gain":50.0,"event_name":"Nest","player_choice":"Stole From Cult","floor":27.0,"gold_loss":0.0,"damage_taken":0.0},{"damage_healed":0.0,"max_hp_gain":0.0,"max_hp_loss":0.0,"gold_gain":0.0,"event_name":"Lab","player_choice":"Got Potions","floor":36.0,"gold_loss":0.0,"damage_taken":0.0},{"damage_healed":0.0,"max_hp_gain":0.0,"max_hp_loss":0.0,"gold_gain":0.0,"event_name":"Duplicator","player_choice":"Copied","floor":38.0,"gold_loss":0.0,"damage_taken":0.0,"cards_obtained":["Capacitor"]},{"damage_healed":0.0,"max_hp_gain":0.0,"max_hp_loss":0.0,"gold_gain":0.0,"event_name":"Mysterious Sphere","player_choice":"Fight","floor":45.0,"gold_loss":0.0,"damage_taken":0.0}],"is_beta":false,"boss_relics":[{"not_picked":["White Beast Statue","Calling Bell"],"picked":"FrozenCore"},{"not_picked":["Runic Dome","Sozu"],"picked":"Cursed Key"}],"items_purged_floors":[25,29,39],"is_endless":false,"potions_floor_spawned":[8,11,13,16,23,28,31,33,42,46,47,48,55],"ascension_level":20}