{"gold_per_floor":[536,592,592,629,659,659,728,830,830,877,86,138,205,248,248,424,424,465,506,570,770,809,809,845,845,895,990,990,1028,1028,1081,1081,1177,1227,1269,8,45,133,219,245,281,337,384,440,491,491,576,630,630,655,730,730,730,21,103,128],"floor_reached":57,"playtime":3753,"items_purged":["Strike_B","Defend_B+1"],"score":3776,"play_id":"3d328afb-826f-4553-9dff-aaf9e89c6a53","local_time":"20190724185627","is_ascension_mode":true,"campfire_choices":[{"data":"HandOfGreed","floor":6,"key":"SMITH"},{"data":"Strike_B","floor":15,"key":"PURGE"},{"data":"Strike_B","floor":23,"key":"PURGE"},{"data":"Strike_B","floor":25,"key":"PURGE"},{"data":"Defend_B","floor":28,"key":"PURGE"},{"data":"Defend_B","floor":30,"key":"PURGE"},{"data":"Zap","floor":32,"key":"PURGE"},{"floor":49,"key":"RECALL"},{"data":"Defend_B","floor":53,"key":"PURGE"}],"neow_cost":"","seed_source_timestamp":0,"circlet_count":0,"master_deck":["HandOfGreed+1","Glacier+1","Recycle","Creative AI","Defragment+1","Loop","Capacitor","Buffer","Hologram","Self Repair","Coolheaded","Creative AI","Consume+1","Loop","Heatsinks+1","Loop+1","Force Field+1","Biased Cognition+1","Panacea","Coolheaded"],"relics":["Cracked Core","Membership Card","Old Coin","The Courier","Tiny Chest","Tiny House","Peace Pipe","Nunchaku","DataDisk","Regal Pillow","Ancient Tea Set","Kunai","Dodecahedron","Bag of Marbles","Mango","Centennial Puzzle","Happy Flower","Pocketwatch","Snecko Eye","Symbiotic Virus","Tiny House","Frozen Egg 2","Potion Belt","Oddly Smooth Stone","Anchor","WingedGreaves","Meat on the Bone","Bag of Preparation","War Paint","Turnip","Bottled Tornado","Omamori","Orichalcum","Mummified Hand","Lantern","PreservedInsect","Whetstone","Art of War","Strawberry","Mercury Hourglass","Unceasing Top","Boot","Gambling Chip","Pen Nib","Gremlin Horn","Vajra","Sundial","Pear","Bottled Lightning"],"potions_floor_usage":[7,8,19,33,56,56,56],"damage_taken":[{"damage":1,"enemies":"2 Louse","floor":1,"turns":4},{"damage":2,"enemies":"Jaw Worm","floor":4,"turns":3},{"damage":0,"enemies":"Cultist","floor":5,"turns":4},{"damage":7,"enemies":"Exordium Wildlife","floor":7,"turns":4},{"damage":13,"enemies":"3 Sentries","floor":8,"turns":15},{"damage":7,"enemies":"Lagavulin","floor":12,"turns":9},{"damage":6,"enemies":"2 Fungi Beasts","floor":13,"turns":3},{"damage":0,"enemies":"Red Slaver","floor":14,"turns":4},{"damage":0,"enemies":"Slime Boss","floor":16,"turns":26},{"damage":0,"enemies":"Spheric Guardian","floor":18,"turns":8},{"damage":0,"enemies":"2 Thieves","floor":19,"turns":4},{"damage":0,"enemies":"Centurion and Healer","floor":20,"turns":5},{"damage":0,"enemies":"Snecko","floor":22,"turns":8},{"damage":0,"enemies":"Snake Plant","floor":24,"turns":5},{"damage":0,"enemies":"3 Cultists","floor":27,"turns":8},{"damage":0,"enemies":"Centurion and Healer","floor":29,"turns":5},{"damage":0,"enemies":"Gremlin Leader","floor":31,"turns":7},{"damage":35,"enemies":"Collector","floor":33,"turns":12},{"damage":0,"enemies":"Orb Walker","floor":35,"turns":4},{"damage":0,"enemies":"3 Darklings","floor":37,"turns":6},{"damage":0,"enemies":"Jaw Worm Horde","floor":38,"turns":3},{"damage":0,"enemies":"4 Shapes","floor":39,"turns":4},{"damage":0,"enemies":"Reptomancer","floor":40,"turns":2},{"damage":0,"enemies":"Maw","floor":41,"turns":5},{"damage":0,"enemies":"Nemesis","floor":42,"turns":5},{"damage":0,"enemies":"Reptomancer","floor":44,"turns":3},{"damage":0,"enemies":"Giant Head","floor":45,"turns":4},{"damage":0,"enemies":"Sphere and 2 Shapes","floor":47,"turns":6},{"damage":0,"enemies":"Reptomancer","floor":48,"turns":5},{"damage":0,"enemies":"Time Eater","floor":50,"turns":11},{"damage":0,"enemies":"Awakened One","floor":51,"turns":7},{"damage":0,"enemies":"Shield and Spear","floor":55,"turns":4},{"damage":0,"enemies":"The Heart","floor":56,"turns":8}],"seed_played":"-2845151904423332839","potions_obtained":[{"floor":0,"key":"AttackPotion"},{"floor":1,"key":"AttackPotion"},{"floor":12,"key":"Dexterity Potion"},{"floor":13,"key":"SkillPotion"},{"floor":16,"key":"PowerPotion"},{"floor":22,"key":"EssenceOfSteel"},{"floor":33,"key":"Fire Potion"},{"floor":34,"key":"Energy Potion"},{"floor":38,"key":"EssenceOfSteel"},{"floor":39,"key":"LiquidBronze"},{"floor":55,"key":"SpeedPotion"}],"is_trial":true,"path_per_floor":["M","?","?","M","M","R","M","E","T","T","$","E","M","M","R","B",null,"M","M","M","?","M","R","M","R","T","M","R","M","R","E","R","B",null,"M","$","M","M","M","E","M","E","T","E","E","?","M","E","R","B","B",null,"R","$","E","B",null],"character_chosen":"DEFECT","items_purchased":["Regal Pillow","Ancient Tea Set","Kunai","Dodecahedron","Bag of Marbles","Mango","Centennial Puzzle","Happy Flower","Creative AI","Defragment","Loop","Capacitor","Frozen Egg 2","Potion Belt","Oddly Smooth Stone","Anchor","WingedGreaves","Meat on the Bone","Bag of Preparation","War Paint","Turnip","Bottled Tornado","Omamori","Orichalcum","Mummified Hand","Lantern","PreservedInsect","Heatsinks+1","Loop+1","Panacea","Boot","Gambling Chip","Pen Nib","Gremlin Horn","Vajra","Sundial","Pear"],"campfire_rested":0,"item_purchase_floors":[11,11,11,11,11,11,11,11,11,11,11,11,36,36,36,36,36,36,36,36,36,36,36,36,36,36,36,36,36,54,54,54,54,54,54,54,54],"current_hp_per_floor":[68,68,64,62,62,62,55,42,42,42,56,49,43,43,43,57,82,89,90,90,90,90,90,90,90,90,90,90,90,90,90,90,62,88,88,88,95,95,95,95,95,95,95,102,102,102,102,102,102,102,102,102,102,112,112,112],"gold":128,"neow_bonus":"","is_prod":false,"is_daily":false,"chose_seed":false,"campfire_upgraded":1,"win_rate":0,"timestamp":1563962187,"path_taken":["M","?","?","?","M","R","M","E","T","?","$","E","M","M","R","BOSS","M","M","M","?","M","R","M","R","T","?","R","M","R","E","R","BOSS","M","$","M","M","M","E","M","E","T","E","E","?","M","E","R","BOSS","BOSS","R","$","E","BOSS"],"build_version":"2019-07-17","purchased_purges":2,"victory":true,"max_hp_per_floor":[76,76,76,76,76,76,76,76,76,76,90,90,90,90,90,90,90,90,90,90,90,90,90,90,90,90,90,90,90,90,90,90,90,95,95,95,95,95,95,95,95,95,95,102,102,102,102,102,102,102,102,102,102,112,112,112],"card_choices":[{"not_picked":["Rebound","Redo","Double Energy"],"picked":"SKIP","floor":1},{"not_picked":["Stack","Conserve Battery","Sunder"],"picked":"SKIP","floor":4},{"not_picked":["Hologram","Sunder","Streamline"],"picked":"SKIP","floor":5},{"not_picked":["Beam Cell","Redo"],"picked":"Glacier","floor":7},{"not_picked":["Hello World","Steam"],"picked":"Recycle","floor":8},{"not_picked":["Auto Shields","Compile Driver"],"picked":"Buffer","floor":12},{"not_picked":["Tempest","Ball Lightning"],"picked":"Hologram","floor":13},{"not_picked":["Leap","Coolheaded"],"picked":"Self Repair","floor":14},{"not_picked":["Sweeping Beam","Heatsinks","Hologram"],"picked":"SKIP","floor":18},{"not_picked":["Streamline","Melter","Beam Cell"],"picked":"SKIP","floor":19},{"not_picked":["Hologram","Turbo"],"picked":"Coolheaded","floor":20},{"not_picked":["Redo","Thunder Strike","Undo+1"],"picked":"SKIP","floor":22},{"not_picked":["Static Discharge","Sweeping Beam","Fusion+1"],"picked":"SKIP","floor":24},{"not_picked":["Static Discharge","Sweeping Beam","Fusion+1"],"picked":"SKIP","floor":24},{"not_picked":["Steam","Turbo","Redo"],"picked":"SKIP","floor":27},{"not_picked":["Coolheaded","Beam Cell","Streamline"],"picked":"SKIP","floor":29},{"not_picked":["Coolheaded","Beam Cell","Streamline"],"picked":"SKIP","floor":29},{"not_picked":["Chaos","Stack"],"picked":"Capacitor","floor":31},{"not_picked":["Thunder Strike","Reboot"],"picked":"Creative AI","floor":33},{"not_picked":["Hologram","Cold Snap"],"picked":"Consume","floor":34},{"not_picked":["Turbo","FTL"],"picked":"Loop","floor":35},{"not_picked":["Lockon+1","FTL","Steam"],"picked":"SKIP","floor":37},{"not_picked":["Auto Shields","Streamline+1"],"picked":"Force Field+1","floor":38},{"not_picked":["Redo","White Noise","Rebound"],"picked":"SKIP","floor":39},{"not_picked":["Rebound+1","Fission","Undo+1"],"picked":"SKIP","floor":40},{"not_picked":["Hologram+1","Compile Driver","Chaos+1"],"picked":"SKIP","floor":41},{"not_picked":["Cold Snap","Steam Power+1","Coolheaded"],"picked":"SKIP","floor":42},{"not_picked":["Gash","Ball Lightning","Hello World+1"],"picked":"SKIP","floor":44},{"not_picked":["Streamline","Stack+1"],"picked":"Biased Cognition+1","floor":45},{"not_picked":["Leap","Gash+1","Compile Driver"],"picked":"SKIP","floor":47},{"not_picked":["Go for the Eyes","Biased Cognition+1","Static Discharge+1"],"picked":"SKIP","floor":48},{"not_picked":["Hyperbeam","Conserve Battery"],"picked":"Coolheaded","floor":55}],"player_experience":1178158,"relics_obtained":[{"floor":8,"key":"Peace Pipe"},{"floor":9,"key":"Nunchaku"},{"floor":10,"key":"DataDisk"},{"floor":12,"key":"Pocketwatch"},{"floor":31,"key":"Symbiotic Virus"},{"floor":40,"key":"Whetstone"},{"floor":43,"key":"Art of War"},{"floor":44,"key":"Strawberry"},{"floor":45,"key":"Mercury Hourglass"},{"floor":48,"key":"Unceasing Top"},{"floor":55,"key":"Bottled Lightning"}],"event_choices":[{"damage_healed":0,"gold_gain":56,"player_choice":"Gained Gold","damage_taken":0,"max_hp_gain":0,"max_hp_loss":0,"event_name":"Golden Wing","floor":2,"gold_loss":0},{"damage_healed":0,"gold_gain":0,"player_choice":"Bought 0 Potions","damage_taken":0,"max_hp_gain":0,"max_hp_loss":0,"event_name":"The Woman in Blue","floor":3,"gold_loss":0},{"damage_healed":0,"gold_gain":250,"player_choice":"Bet on Owner","damage_taken":0,"max_hp_gain":0,"max_hp_loss":0,"event_name":"The Joust","floor":21,"gold_loss":50},{"cards_removed":["Capacitor"],"damage_healed":0,"gold_gain":0,"player_choice":"Removed Power","damage_taken":0,"max_hp_gain":0,"max_hp_loss":0,"event_name":"Falling","floor":46,"gold_loss":0}],"is_beta":false,"boss_relics":[{"not_picked":["Fusion Hammer","Philosopher\u0027s Stone"],"picked":"Snecko Eye"},{"not_picked":["Orrery","Runic Dome"],"picked":"Tiny House"}],"items_purged_floors":[11,54],"is_endless":false,"potions_floor_spawned":[1,12,13,14,16,18,22,29,33,35,38,39,47,55],"ascension_level":20}