{"gold_per_floor":[110,35,35,58,58,58,98,114,166,179,11,52,73,89,89,178,178,201,201,251,36,49,49,49],"floor_reached":24,"playtime":688,"items_purged":["Strike_B"],"score":462,"play_id":"7d1953c7-95a0-4182-a4e6-5c94029e68ca","local_time":"20190620154135","is_ascension_mode":true,"campfire_choices":[{"data":"Zap","floor":6,"key":"SMITH"},{"data":"Defragment","floor":15,"key":"SMITH"},{"data":"Barrage","floor":23,"key":"SMITH"}],"neow_cost":"NONE","seed_source_timestamp":65776584967200,"circlet_count":0,"master_deck":["AscendersBane","Strike_B","Strike_B","Defend_B","Defend_B","Defend_B","Defend_B","Zap+1","Dualcast","Coolheaded","Tempest","Defragment+1","Cold Snap","Turbo","Coolheaded","Coolheaded","Echo Form","Ghostly","Ghostly","Ghostly","Loop","Barrage+1"],"relics":["Cracked Core","NeowsBlessing","Golden Idol","Omamori","Regal Pillow","Happy Flower","Inserter"],"potions_floor_usage":[12,16,18,22,24],"damage_taken":[{"damage":0,"enemies":"2 Louse","floor":1,"turns":1},{"damage":0,"enemies":"Small Slimes","floor":4,"turns":1},{"damage":0,"enemies":"3 Sentries","floor":7,"turns":1},{"damage":7,"enemies":"Jaw Worm","floor":8,"turns":3},{"damage":4,"enemies":"Blue Slaver","floor":10,"turns":4},{"damage":20,"enemies":"Gremlin Nob","floor":12,"turns":4},{"damage":3,"enemies":"2 Fungi Beasts","floor":13,"turns":4},{"damage":10,"enemies":"Large Slime","floor":14,"turns":5},{"damage":4,"enemies":"The Guardian","floor":16,"turns":12},{"damage":11,"enemies":"Shell Parasite","floor":18,"turns":12},{"damage":7,"enemies":"3 Byrds","floor":22,"turns":6},{"damage":3,"enemies":"Gremlin Leader","floor":24,"turns":2}],"seed_played":"5089452589782067024","potions_obtained":[{"floor":1,"key":"FocusPotion"},{"floor":4,"key":"Swift Potion"},{"floor":16,"key":"Weak Potion"},{"floor":22,"key":"Block Potion"}],"is_trial":false,"path_per_floor":["M","?","?","M","$","R","E","M","T","M","$","E","M","M","R","B",null,"M","?","?","$","M","R","E"],"character_chosen":"DEFECT","items_purchased":["Defragment","Cold Snap","Turbo","Loop","PowerPotion"],"campfire_rested":0,"item_purchase_floors":[11,11,11,21,21],"current_hp_per_floor":[64,64,64,64,64,64,64,57,57,53,53,33,30,20,20,16,52,41,32,32,32,25,25,22],"gold":49,"neow_bonus":"THREE_ENEMY_KILL","is_prod":false,"is_daily":false,"chose_seed":false,"campfire_upgraded":3,"win_rate":0,"timestamp":1561012895,"path_taken":["M","?","?","M","?","R","E","M","T","M","?","E","M","M","R","BOSS","M","?","?","$","M","R","E"],"build_version":"2019-01-23","purchased_purges":1,"victory":false,"max_hp_per_floor":[71,71,64,64,64,64,64,64,64,64,64,64,64,64,64,64,64,64,32,32,32,32,32,32],"card_choices":[{"not_picked":["Hello World","Blizzard","Beam Cell"],"picked":"SKIP","floor":1},{"not_picked":["Force Field","Hologram"],"picked":"Coolheaded","floor":4},{"not_picked":["Stack","Doom and Gloom","Undo"],"picked":"SKIP","floor":7},{"not_picked":["Genetic Algorithm","Compile Driver"],"picked":"Tempest","floor":8},{"not_picked":["Go for the Eyes","Redo","Leap"],"picked":"SKIP","floor":10},{"not_picked":["Steam","Compile Driver"],"picked":"Coolheaded","floor":12},{"not_picked":["Go for the Eyes","Storm","Beam Cell"],"picked":"SKIP","floor":13},{"not_picked":["FTL","Sunder"],"picked":"Coolheaded","floor":14},{"not_picked":["Biased Cognition","Multi-Cast"],"picked":"Echo Form","floor":16},{"not_picked":["Conserve Battery","Auto Shields+1","Sweeping Beam"],"picked":"SKIP","floor":18},{"not_picked":["Leap","Redo"],"picked":"Barrage","floor":22}],"player_experience":704200,"relics_obtained":[{"floor":7,"key":"Omamori"},{"floor":9,"key":"Regal Pillow"},{"floor":12,"key":"Happy Flower"}],"event_choices":[{"cards_removed":["Strike_B"],"damage_healed":0,"gold_gain":0,"player_choice":"Card Removal","damage_taken":0,"max_hp_gain":0,"max_hp_loss":0,"event_name":"The Cleric","floor":2,"gold_loss":75},{"damage_healed":0,"gold_gain":0,"player_choice":"Lose Max HP","damage_taken":0,"relics_obtained":["Golden Idol"],"max_hp_gain":0,"max_hp_loss":7,"event_name":"Golden Idol","floor":3,"gold_loss":0},{"damage_healed":0,"gold_gain":0,"player_choice":"Became a Ghost","damage_taken":0,"max_hp_gain":0,"max_hp_loss":32,"event_name":"Ghosts","floor":19,"gold_loss":0,"cards_obtained":["Ghostly","Ghostly","Ghostly"]},{"damage_healed":0,"gold_gain":50,"player_choice":"Stole From Cult","damage_taken":0,"max_hp_gain":0,"max_hp_loss":0,"event_name":"Nest","floor":20,"gold_loss":0}],"is_beta":false,"boss_relics":[{"not_picked":["Pandora\u0027s Box","White Beast Statue"],"picked":"Inserter"}],"items_purged_floors":[21],"is_endless":false,"potions_floor_spawned":[1,4,8,16,22],"killed_by":"Gremlin Leader","ascension_level":20}