{"gold_per_floor":[113,129,30,43,8,8,41,15,15,15,15,47,61,61,61,159,159,173,185,185,185,185,185,204,204,204,204,223,236,236,28,28,28],"floor_reached":33,"playtime":2508,"items_purged":[],"score":380,"play_id":"ed38f7db-4932-4356-aa86-830e2aeeddba","local_time":"20190624194210","is_ascension_mode":true,"campfire_choices":[{"data":"Infinite Blades","floor":6.0,"key":"SMITH"},{"floor":11,"key":"REST"},{"floor":15,"key":"REST"},{"floor":23,"key":"REST"},{"data":"Dash","floor":25,"key":"SMITH"},{"data":"Backstab","floor":30,"key":"SMITH"},{"data":"Blade Dance","floor":32,"key":"SMITH"}],"neow_cost":"NONE","seed_source_timestamp":951726602243912,"circlet_count":0,"master_deck":["AscendersBane","Defend_G","Defend_G","Defend_G","Defend_G","Defend_G","Strike_G","Strike_G","Strike_G","Strike_G","Strike_G","Survivor","Neutralize","Flying Knee","Slice","Infinite Blades+1","Blade Dance","PiercingWail","Doppelganger+1","Blade Dance","Blade Dance+1","Dash+1","Unload","Flying Knee+1","Leg Sweep","Necronomicurse","Sucker Punch+1","Backstab+1"],"special_seed":0,"relics":["Ring of the Snake","NeowsBlessing","Bird Faced Urn","FossilizedHelix","PreservedInsect","Eternal Feather","MutagenicStrength","Necronomicon","Ginger","Chemical X"],"potions_floor_usage":[12,29,29,33,33,33,33,33],"damage_taken":[{"damage":0.0,"enemies":"2 Louse","floor":1.0,"turns":1.0},{"damage":0.0,"enemies":"Small Slimes","floor":2.0,"turns":1.0},{"damage":0.0,"enemies":"Jaw Worm","floor":4.0,"turns":1.0},{"damage":16.0,"enemies":"3 Sentries","floor":7.0,"turns":10.0},{"damage":17,"enemies":"Gremlin Nob","floor":12,"turns":4},{"damage":5,"enemies":"Looter","floor":13,"turns":4},{"damage":51,"enemies":"The Guardian","floor":16,"turns":16},{"damage":0,"enemies":"Chosen","floor":18,"turns":6},{"damage":0,"enemies":"Spheric Guardian","floor":19,"turns":3},{"damage":10,"enemies":"Snecko","floor":24,"turns":5},{"damage":18,"enemies":"Snake Plant","floor":28,"turns":5},{"damage":0,"enemies":"3 Cultists","floor":29,"turns":5},{"damage":83,"enemies":"Champ","floor":33,"turns":13}],"seed_played":"-5583456610028930432","potions_obtained":[{"floor":1.0,"key":"GamblersBrew"},{"floor":2.0,"key":"Dexterity Potion"},{"floor":12,"key":"Fire Potion"},{"floor":24,"key":"Explosive Potion"},{"floor":28,"key":"EntropicBrew"},{"floor":29,"key":"Poison Potion"}],"is_trial":false,"path_per_floor":["M","M","$","M","?","R","E","$","T","?","R","E","M","?","R","B",null,"M","M","?","?","?","R","M","R","T","?","M","M","R","$","R","B"],"character_chosen":"THE_SILENT","items_purchased":["Infinite Blades","Blade Dance","Blade Dance","Chemical X"],"campfire_rested":3,"item_purchase_floors":[3,3,8,31],"current_hp_per_floor":[63,63,63,63,70,70,54,54,54,54,70,53,50,50,70,19,57,59,61,48,48,32,69,59,74,74,74,56,58,73,73,75,0],"gold":28,"neow_bonus":"THREE_ENEMY_KILL","is_prod":false,"is_daily":false,"chose_seed":false,"campfire_upgraded":4,"win_rate":0,"timestamp":1561394530,"path_taken":["M","M","$","M","?","R","E","$","T","?","R","E","M","?","R","BOSS","M","M","?","?","?","R","M","R","T","?","M","M","R","$","R","BOSS"],"build_version":"2019-01-23","purchased_purges":0,"victory":false,"max_hp_per_floor":[70,70,70,70,70,70,70,70,70,70,70,70,70,70,70,70,70,70,70,75,75,75,75,75,75,75,75,75,75,75,75,75,75],"card_choices":[{"not_picked":["Caltrops","Setup"],"picked":"Flying Knee","floor":1.0},{"not_picked":["Backflip","Dagger Spray"],"picked":"Slice","floor":2.0},{"not_picked":["Outmaneuver","Deadly Poison"],"picked":"PiercingWail","floor":4.0},{"not_picked":["Backflip","Acrobatics"],"picked":"Doppelganger","floor":7.0},{"not_picked":["Predator","Flying Knee"],"picked":"Blade Dance","floor":12},{"not_picked":["Eviscerate","Outmaneuver"],"picked":"Dash","floor":13},{"not_picked":["Corpse Explosion","Bullet Time"],"picked":"Unload","floor":16},{"not_picked":["Outmaneuver+1","Poisoned Stab"],"picked":"Flying Knee+1","floor":18},{"not_picked":["Dagger Throw","Flying Knee"],"picked":"Leg Sweep","floor":19},{"not_picked":["Prepared","Setup","Acrobatics+1"],"picked":"SKIP","floor":24},{"not_picked":["Quick Slash","Dagger Spray"],"picked":"Sucker Punch+1","floor":28},{"not_picked":["Cloak And Dagger+1","Deadly Poison+1"],"picked":"Backstab","floor":29}],"player_experience":1573969,"relics_obtained":[{"floor":7.0,"key":"Bird Faced Urn"},{"floor":9.0,"key":"FossilizedHelix"},{"floor":12,"key":"PreservedInsect"},{"floor":22,"key":"Necronomicon"},{"floor":26,"key":"Ginger"}],"event_choices":[{"damage_healed":17.0,"max_hp_gain":0.0,"max_hp_loss":0.0,"gold_gain":0.0,"event_name":"The Cleric","player_choice":"Healed","floor":5.0,"gold_loss":35.0,"damage_taken":0.0},{"damage_healed":0,"gold_gain":0,"player_choice":"Searched \u00270\u0027 times","damage_taken":0,"max_hp_gain":0,"max_hp_loss":0,"event_name":"Dead Adventurer","floor":10,"gold_loss":0},{"damage_healed":0,"gold_gain":0,"player_choice":"Ignored","damage_taken":0,"max_hp_gain":0,"max_hp_loss":0,"event_name":"Golden Idol","floor":14,"gold_loss":0},{"damage_healed":0,"gold_gain":0,"player_choice":"Shed Blood","damage_taken":18,"max_hp_gain":5,"max_hp_loss":0,"event_name":"Forgotten Altar","floor":20,"gold_loss":0},{"damage_healed":0,"gold_gain":0,"player_choice":"Inject Mutagens","damage_taken":0,"relics_obtained":["MutagenicStrength"],"max_hp_gain":0,"max_hp_loss":0,"event_name":"Drug Dealer","floor":21,"gold_loss":0},{"damage_healed":0,"gold_gain":0,"player_choice":"Obtained Book","damage_taken":16,"max_hp_gain":0,"max_hp_loss":0,"event_name":"Cursed Tome","floor":22,"gold_loss":0},{"damage_healed":0,"gold_gain":0,"player_choice":"Forge","damage_taken":0,"max_hp_gain":0,"max_hp_loss":0,"event_name":"Accursed Blacksmith","floor":27,"gold_loss":0,"cards_upgraded":["Doppelganger"]}],"is_beta":false,"boss_relics":[{"not_picked":["Ectoplasm","Coffee Dripper"],"picked":"Eternal Feather"}],"items_purged_floors":[],"is_endless":false,"potions_floor_spawned":[1,2,12,24,28,29],"killed_by":"Champ","ascension_level":10}