{"gold_per_floor":[109,109,109,109,34,75,75,95,95,148,148,184,198,214,214,307,307,332,257,257,277,300,300,300,331,357,385,170,203,203,214,214,214],"floor_reached":33,"playtime":1012,"items_purged":["Strike_B"],"score":582,"play_id":"b416a487-b791-491b-8750-49609c1f5ad3","local_time":"20190626181118","is_ascension_mode":true,"campfire_choices":[{"data":"Recycle","floor":7.0,"key":"SMITH"},{"data":"Sunder","floor":11.0,"key":"SMITH"},{"floor":15.0,"key":"REST"},{"data":"Zap","floor":23.0,"key":"SMITH"},{"data":"Loop","floor":32,"key":"SMITH"}],"neow_cost":"TEN_PERCENT_HP_LOSS","seed_source_timestamp":361584107780100,"circlet_count":0,"master_deck":["AscendersBane","Zap+1","Dualcast","Rip and Tear","Recycle+1","Cold Snap","Sunder+1","Rainbow","Hologram","Electrodynamics","Biased Cognition+1","Self Repair+1","Consume+1","Coolheaded","Tempest","Loop+1","Force Field+1","Double Energy"],"special_seed":0,"relics":["Cracked Core","Bloody Idol","Oddly Smooth Stone","Juzu Bracelet","Anchor","Astrolabe","Ancient Tea Set","Regal Pillow","Orichalcum","Red Mask"],"potions_floor_usage":[31],"damage_taken":[{"damage":2.0,"enemies":"2 Louse","floor":1.0,"turns":2.0},{"damage":38.0,"enemies":"Gremlin Nob","floor":6.0,"turns":4.0},{"damage":0.0,"enemies":"Jaw Worm","floor":8.0,"turns":2.0},{"damage":16.0,"enemies":"3 Sentries","floor":12.0,"turns":7.0},{"damage":0.0,"enemies":"Cultist","floor":13.0,"turns":2.0},{"damage":1.0,"enemies":"Blue Slaver","floor":14.0,"turns":3.0},{"damage":8.0,"enemies":"Hexaghost","floor":16.0,"turns":8.0},{"damage":0.0,"enemies":"Chosen","floor":18.0,"turns":3.0},{"damage":0.0,"enemies":"Spheric Guardian","floor":21.0,"turns":5.0},{"damage":14.0,"enemies":"Snake Plant","floor":22.0,"turns":4.0},{"damage":31.0,"enemies":"Gremlin Leader","floor":25.0,"turns":8.0},{"damage":28.0,"enemies":"Slavers","floor":27.0,"turns":5.0},{"damage":0.0,"enemies":"Masked Bandits","floor":29.0,"turns":2.0},{"damage":12,"enemies":"Sentry and Sphere","floor":31,"turns":6},{"damage":27,"enemies":"Collector","floor":33,"turns":2}],"seed_played":"-6042509884907138052","potions_obtained":[{"floor":13.0,"key":"Block Potion"},{"floor":14.0,"key":"Strength Potion"},{"floor":18.0,"key":"SteroidPotion"},{"floor":25.0,"key":"FearPotion"}],"is_trial":false,"path_per_floor":["M","?","?","$","$","E","R","M","T","?","R","E","M","M","R","B",null,"M","?","?","M","M","R","?","E","T","E","$","?","?","M","R","B"],"character_chosen":"DEFECT","items_purchased":["Orichalcum","SkillPotion"],"campfire_rested":1,"item_purchase_floors":[28,28],"current_hp_per_floor":[62,58,58,58,58,20,20,20,20,20,20,4,4,3,20,12,47,57,57,57,58,54,54,54,38,43,20,20,35,35,48,48,21],"gold":214,"neow_bonus":"TRANSFORM_TWO_CARDS","is_prod":false,"is_daily":false,"chose_seed":false,"campfire_upgraded":4,"win_rate":0,"timestamp":1561540278,"path_taken":["M","?","?","?","$","E","R","M","T","?","R","E","M","M","R","BOSS","M","?","?","M","M","R","?","E","T","E","$","?","?","M","R","BOSS"],"build_version":"2019-01-23","purchased_purges":1,"victory":false,"max_hp_per_floor":[64,58,58,58,58,58,58,58,58,58,58,58,58,58,58,58,58,58,58,58,58,58,58,58,58,58,58,58,58,58,58,58,58],"card_choices":[{"not_picked":["Barrage","Steam","Conserve Battery"],"picked":"SKIP","floor":1.0},{"not_picked":["Barrage","Genetic Algorithm"],"picked":"Cold Snap","floor":6.0},{"not_picked":["Redo","Streamline"],"picked":"Sunder","floor":8.0},{"not_picked":["Turbo","Beam Cell"],"picked":"Rainbow","floor":12.0},{"not_picked":["Darkness","Beam Cell","Gash"],"picked":"SKIP","floor":13.0},{"not_picked":["Go for the Eyes","Ball Lightning"],"picked":"Hologram","floor":14.0},{"not_picked":["Amplify","All For One"],"picked":"Electrodynamics","floor":16.0},{"not_picked":["Stack","Beam Cell"],"picked":"Coolheaded","floor":18.0},{"not_picked":["Go for the Eyes","Leap"],"picked":"Tempest","floor":21.0},{"not_picked":["Redo","Storm","Steam Power"],"picked":"SKIP","floor":22.0},{"not_picked":["Redo","Storm","Steam Power"],"picked":"SKIP","floor":22.0},{"not_picked":["Hologram","Electrodynamics"],"picked":"Loop","floor":25.0},{"not_picked":["Barrage+1","Thunder Strike"],"picked":"Force Field+1","floor":27.0},{"not_picked":["Gash","Steam","Barrage"],"picked":"SKIP","floor":31}],"player_experience":814007,"relics_obtained":[{"floor":6.0,"key":"Oddly Smooth Stone"},{"floor":9.0,"key":"Juzu Bracelet"},{"floor":12.0,"key":"Anchor"},{"floor":26.0,"key":"Ancient Tea Set"},{"floor":27.0,"key":"Regal Pillow"},{"floor":29.0,"key":"Red Mask"}],"event_choices":[{"damage_healed":0.0,"max_hp_gain":0.0,"max_hp_loss":6.0,"gold_gain":0.0,"event_name":"Golden Idol","player_choice":"Lose Max HP","floor":2.0,"gold_loss":0.0,"damage_taken":0.0,"relics_obtained":["Golden Idol"]},{"damage_healed":0.0,"max_hp_gain":0.0,"max_hp_loss":0.0,"gold_gain":0.0,"cards_transformed":["Strike_B"],"event_name":"Living Wall","player_choice":"Change","floor":3.0,"gold_loss":0.0,"damage_taken":0.0,"cards_obtained":["Rip and Tear"]},{"damage_healed":0.0,"max_hp_gain":0.0,"max_hp_loss":0.0,"gold_gain":53.0,"event_name":"Golden Wing","player_choice":"Gained Gold","floor":10.0,"gold_loss":0.0,"damage_taken":0.0},{"cards_removed":["Rip and Tear"],"damage_healed":0.0,"max_hp_gain":0.0,"max_hp_loss":0.0,"gold_gain":0.0,"event_name":"Beggar","player_choice":"Gave Gold","floor":19.0,"gold_loss":75.0,"damage_taken":0.0},{"damage_healed":0.0,"max_hp_gain":0.0,"max_hp_loss":0.0,"gold_gain":0.0,"event_name":"N\u0027loth","player_choice":"Ignored","floor":20.0,"gold_loss":0.0,"damage_taken":0.0},{"damage_healed":0.0,"max_hp_gain":0.0,"max_hp_loss":0.0,"gold_gain":0.0,"event_name":"Forgotten Altar","player_choice":"Gave Idol","floor":24.0,"relics_lost":["Golden Idol"],"gold_loss":0.0,"damage_taken":0.0,"relics_obtained":["Bloody Idol"]},{"damage_healed":0.0,"max_hp_gain":0.0,"max_hp_loss":0.0,"gold_gain":0.0,"event_name":"Masked Bandits","player_choice":"Fought Bandits","floor":29.0,"gold_loss":0.0,"damage_taken":0.0},{"damage_healed":0,"gold_gain":0,"cards_transformed":["Defend_B"],"player_choice":"Transformed","damage_taken":0,"max_hp_gain":0,"max_hp_loss":0,"event_name":"Transmorgrifier","floor":30,"gold_loss":0,"cards_obtained":["Double Energy"]}],"is_beta":false,"boss_relics":[{"not_picked":["Runic Pyramid","Tiny House"],"picked":"Astrolabe"}],"items_purged_floors":[5],"is_endless":false,"potions_floor_spawned":[13,14,18,25],"killed_by":"Collector","ascension_level":20}