{"gold_per_floor":[110,260,279,25,25,53,63,91,117,117,130,160,170,135,135,208,208,218,233,72,86,17,17,32,32],"floor_reached":25,"playtime":1701,"items_purged":["Doubt","Strike_G"],"score":496,"play_id":"53b12e8d-d94f-449a-8455-221dea7e4347","local_time":"20190716142256","is_ascension_mode":true,"campfire_choices":[{"data":"Footwork","floor":10,"key":"SMITH"},{"data":"Noxious Fumes","floor":15,"key":"SMITH"},{"floor":23,"key":"REST"}],"neow_cost":"NONE","seed_source_timestamp":477794220104527,"circlet_count":0,"master_deck":["AscendersBane","Strike_G","Strike_G","Strike_G","Strike_G","Defend_G","Defend_G","Defend_G","Defend_G+1","Defend_G+1","Survivor","Neutralize","Flying Knee","Poisoned Stab","Backstab","Leg Sweep","Footwork+1","Poisoned Stab","Noxious Fumes+1","PiercingWail+1","Escape Plan+1","Backflip","Footwork","Noxious Fumes","Deadly Poison"],"special_seed":0,"relics":["Ring of the Serpent","NeowsBlessing","Membership Card","Bag of Marbles","War Paint","Snake Skull","Smiling Mask","Omamori"],"potions_floor_usage":[16,18,19,24],"damage_taken":[{"damage":0.0,"enemies":"2 Louse","floor":1.0,"turns":1.0},{"damage":0.0,"enemies":"Cultist","floor":3.0,"turns":1.0},{"damage":0,"enemies":"Gremlin Nob","floor":6,"turns":1},{"damage":0,"enemies":"Jaw Worm","floor":7,"turns":1},{"damage":16,"enemies":"3 Sentries","floor":8,"turns":11},{"damage":5,"enemies":"Exordium Thugs","floor":11,"turns":5},{"damage":13,"enemies":"Lagavulin","floor":12,"turns":7},{"damage":8,"enemies":"Large Slime","floor":13,"turns":5},{"damage":18,"enemies":"Hexaghost","floor":16,"turns":8},{"damage":3,"enemies":"2 Thieves","floor":18,"turns":4},{"damage":13,"enemies":"Shell Parasite","floor":19,"turns":4},{"damage":32,"enemies":"Shelled Parasite and Fungi","floor":21,"turns":7},{"damage":7,"enemies":"Chosen and Byrds","floor":24,"turns":5},{"damage":19,"enemies":"Gremlin Leader","floor":25,"turns":5}],"seed_played":"-1803749770540122088","potions_obtained":[{"floor":7,"key":"PowerPotion"},{"floor":11,"key":"SpeedPotion"},{"floor":13,"key":"SteroidPotion"},{"floor":16,"key":"SteroidPotion"},{"floor":18,"key":"AttackPotion"},{"floor":19,"key":"Strength Potion"}],"is_trial":false,"path_per_floor":["M","?","M","$","?","E","M","E","T","R","M","E","M","?","R","B",null,"M","M","$","M","$","R","M","E"],"character_chosen":"THE_SILENT","items_purchased":["Membership Card","Omamori","Backflip","Noxious Fumes","Deadly Poison"],"campfire_rested":1,"item_purchase_floors":[4,20,20,22,22],"current_hp_per_floor":[59,59,59,59,59,59,59,43,43,43,38,25,17,33,33,15,53,50,37,37,5,5,24,17,0],"gold":32,"neow_bonus":"THREE_ENEMY_KILL","is_prod":false,"is_daily":false,"chose_seed":false,"campfire_upgraded":2,"win_rate":0,"timestamp":1563279776,"path_taken":["M","?","M","$","?","E","M","E","T","R","M","E","?","?","R","BOSS","M","M","$","M","$","R","M","E"],"build_version":"2019-07-05","purchased_purges":2,"victory":false,"max_hp_per_floor":[66,66,66,66,66,66,66,66,66,66,66,66,66,66,66,66,66,66,66,66,66,66,66,66,66],"card_choices":[{"not_picked":["Cloak And Dagger","Outmaneuver"],"picked":"Flying Knee","floor":1.0},{"not_picked":["Expertise","Calculated Gamble"],"picked":"Backstab","floor":6},{"not_picked":["Slice","Underhanded Strike"],"picked":"Leg Sweep","floor":7},{"not_picked":["Venomology","Blade Dance"],"picked":"Footwork","floor":8},{"not_picked":["All Out Attack","Infinite Blades"],"picked":"Poisoned Stab","floor":11},{"not_picked":["Concentrate","Acrobatics","Bane"],"picked":"SKIP","floor":12},{"not_picked":["Masterful Stab","Flechettes"],"picked":"Noxious Fumes","floor":13},{"not_picked":["Blade Dance","Footwork"],"picked":"PiercingWail+1","floor":18},{"not_picked":["All Out Attack","Flechettes+1"],"picked":"Escape Plan+1","floor":19},{"not_picked":["All Out Attack","Prepared"],"picked":"Footwork","floor":21}],"player_experience":1263305,"relics_obtained":[{"floor":6,"key":"Bag of Marbles"},{"floor":8,"key":"War Paint"},{"floor":9,"key":"Snake Skull"},{"floor":12,"key":"Smiling Mask"}],"event_choices":[{"damage_healed":0.0,"max_hp_gain":0.0,"max_hp_loss":0.0,"gold_gain":150.0,"event_name":"Liars Game","player_choice":"AGREE","floor":2.0,"gold_loss":0.0,"damage_taken":0.0,"cards_obtained":["Doubt"]},{"damage_healed":0,"gold_gain":0,"player_choice":"1 cards matched","damage_taken":0,"max_hp_gain":0,"max_hp_loss":0,"event_name":"Match and Keep!","floor":5,"gold_loss":0,"cards_obtained":["Poisoned Stab"]},{"damage_healed":16,"gold_gain":0,"player_choice":"Healed","damage_taken":0,"max_hp_gain":0,"max_hp_loss":0,"event_name":"The Cleric","floor":14,"gold_loss":35}],"is_beta":false,"boss_relics":[{"not_picked":["Lizard Tail","Ectoplasm"],"picked":"Ring of the Serpent"}],"items_purged_floors":[4,20],"is_endless":false,"potions_floor_spawned":[7,11,13,16,18,19],"killed_by":"Gremlin Leader","ascension_level":20}