{"gold_per_floor":[116,116,40,51,51,51,76,76,76,76,76,86,113,60,60,60],"floor_reached":16,"playtime":271,"items_purged":[],"score":212,"play_id":"be9f40c8-443f-4cbc-9375-15fe1b744f5f","local_time":"20190615002435","is_ascension_mode":true,"campfire_choices":[{"data":"Sunder","floor":6,"key":"SMITH"},{"data":"Consume","floor":8,"key":"SMITH"},{"floor":10,"key":"REST"},{"data":"Loop","floor":15,"key":"SMITH"}],"neow_cost":"TEN_PERCENT_HP_LOSS","seed_source_timestamp":35663290624700,"circlet_count":0,"master_deck":["AscendersBane","Strike_B","Strike_B","Strike_B","Defend_B","Defend_B","Defend_B","Zap","Dualcast","Consume+1","Loop+1","Sunder+1","Recycle","Self Repair","Defragment"],"relics":["Cracked Core","Gremlin Horn","Ancient Tea Set","Darkstone Periapt","Bag of Preparation"],"potions_floor_usage":[7],"damage_taken":[{"damage":7,"enemies":"Small Slimes","floor":1,"turns":4},{"damage":10,"enemies":"2 Louse","floor":4,"turns":3},{"damage":8,"enemies":"Gremlin Nob","floor":7,"turns":3},{"damage":1,"enemies":"Cultist","floor":12,"turns":3},{"damage":30,"enemies":"Lagavulin","floor":13,"turns":6},{"damage":20,"enemies":"The Guardian","floor":16,"turns":4}],"seed_played":"3388035823376458530","potions_obtained":[{"floor":4,"key":"AttackPotion"},{"floor":12,"key":"FocusPotion"}],"is_trial":false,"path_per_floor":["M","?","$","M","?","R","E","R","T","R","?","M","E","?","R","B"],"character_chosen":"DEFECT","items_purchased":["Loop"],"campfire_rested":1,"item_purchase_floors":[3],"current_hp_per_floor":[57,57,57,47,29,29,21,21,21,40,40,39,16,16,16,0],"gold":60,"neow_bonus":"REMOVE_TWO","is_prod":false,"is_daily":false,"chose_seed":false,"campfire_upgraded":3,"win_rate":0,"timestamp":1560525875,"path_taken":["M","?","$","M","?","R","E","R","T","R","?","M","E","?","R","BOSS"],"build_version":"2019-01-23","purchased_purges":0,"victory":false,"max_hp_per_floor":[64,64,64,64,64,64,64,64,64,64,64,64,64,64,64,64],"card_choices":[{"not_picked":["Streamline","Cold Snap"],"picked":"Consume","floor":1},{"not_picked":["Doom and Gloom","Compile Driver"],"picked":"Sunder","floor":4},{"not_picked":["Ball Lightning","Go for the Eyes"],"picked":"Recycle","floor":7},{"not_picked":["Melter","Double Energy"],"picked":"Self Repair","floor":12},{"not_picked":["Heatsinks","Compile Driver"],"picked":"Defragment","floor":13}],"player_experience":662314,"relics_obtained":[{"floor":7,"key":"Ancient Tea Set"},{"floor":13,"key":"Darkstone Periapt"}],"event_choices":[{"damage_healed":0,"gold_gain":0,"player_choice":"Leave","damage_taken":0,"max_hp_gain":0,"max_hp_loss":0,"event_name":"The Cleric","floor":2,"gold_loss":0},{"damage_healed":0,"gold_gain":0,"player_choice":"Success","damage_taken":18,"relics_obtained":["Gremlin Horn"],"max_hp_gain":0,"max_hp_loss":0,"event_name":"Scrap Ooze","floor":5,"gold_loss":0},{"damage_healed":0,"gold_gain":0,"player_choice":"Ignored","damage_taken":0,"max_hp_gain":0,"max_hp_loss":0,"event_name":"Liars Game","floor":11,"gold_loss":0},{"damage_healed":0,"gold_gain":0,"player_choice":"Paid Gold","damage_taken":0,"relics_obtained":["Bag of Preparation"],"max_hp_gain":0,"max_hp_loss":0,"event_name":"WeMeetAgain","floor":14,"gold_loss":53}],"is_beta":false,"boss_relics":[],"items_purged_floors":[],"is_endless":false,"potions_floor_spawned":[4,12],"killed_by":"The Guardian","ascension_level":20}