{"gold_per_floor":[116,127,52,52,70,100,150,150,150,161,177,207,207,242,242,313,313,330,380,380,132,132,132,165,176,176,193,213,244,244,49,49,123,123,143,143,153,153,163,163,197,197,197,227,227,240,269,12,12,12,12,12,12,12,37,37],"floor_reached":57,"playtime":2731,"items_purged":["Defend_B","Injury"],"score":2842,"play_id":"28ce3264-b60e-4f30-b7b1-bd3fa377f09d","local_time":"20190701181843","is_ascension_mode":true,"campfire_choices":[{"floor":8.0,"key":"REST"},{"data":"Capacitor","floor":13.0,"key":"SMITH"},{"floor":15.0,"key":"REST"},{"floor":23.0,"key":"REST"},{"data":"Consume","floor":30,"key":"SMITH"},{"floor":32,"key":"REST"},{"data":"Blizzard","floor":40,"key":"SMITH"},{"floor":45,"key":"REST"},{"floor":49,"key":"RECALL"},{"data":"Seek","floor":53,"key":"SMITH"}],"neow_cost":"NONE","seed_source_timestamp":205827725883300,"circlet_count":0,"master_deck":["AscendersBane","Strike_B+1","Defend_B+1","Defend_B","Defend_B","Zap","Dualcast","Capacitor+1","Echo Form","Glacier","Coolheaded","Machine Learning","Chill","Electrodynamics","Consume+1","Glacier","Conserve Battery","Recycle+1","Ball Lightning","Blizzard+1","Coolheaded","Seek+1","Chill+1","Hologram+1","Seek","Glacier","Glacier"],"special_seed":0,"relics":["Cracked Core","NeowsBlessing","Regal Pillow","Shuriken","Blood Vial","Cables","Philosopher\u0027s Stone","Ancient Tea Set","Pear","Boot","Bag of Preparation","Cursed Key","Prayer Wheel","Centennial Puzzle","Bag of Marbles","PreservedInsect","Lantern","Gambling Chip"],"potions_floor_usage":[28,29,29,39,41,41,56,56],"damage_taken":[{"damage":0.0,"enemies":"2 Louse","floor":1.0,"turns":1.0},{"damage":0.0,"enemies":"Jaw Worm","floor":2.0,"turns":1.0},{"damage":0.0,"enemies":"Small Slimes","floor":5.0,"turns":2.0},{"damage":15.0,"enemies":"Lagavulin","floor":6.0,"turns":8.0},{"damage":0.0,"enemies":"Red Slaver","floor":10.0,"turns":7.0},{"damage":0.0,"enemies":"2 Fungi Beasts","floor":11.0,"turns":6.0},{"damage":21.0,"enemies":"Gremlin Nob","floor":12.0,"turns":6.0},{"damage":28.0,"enemies":"3 Sentries","floor":14.0,"turns":15.0},{"damage":19.0,"enemies":"Slime Boss","floor":16.0,"turns":19.0},{"damage":18.0,"enemies":"Shell Parasite","floor":18.0,"turns":8.0},{"damage":26.0,"enemies":"Gremlin Leader","floor":24.0,"turns":6.0},{"damage":16.0,"enemies":"3 Byrds","floor":25.0,"turns":5.0},{"damage":3,"enemies":"Sentry and Sphere","floor":27,"turns":7},{"damage":0,"enemies":"3 Cultists","floor":28,"turns":5},{"damage":22,"enemies":"Slavers","floor":29,"turns":4},{"damage":26,"enemies":"Collector","floor":33,"turns":11},{"damage":7,"enemies":"3 Shapes","floor":35,"turns":2},{"damage":1,"enemies":"Orb Walker","floor":37,"turns":5},{"damage":16,"enemies":"Transient","floor":39,"turns":6},{"damage":34,"enemies":"Reptomancer","floor":41,"turns":6},{"damage":3,"enemies":"Nemesis","floor":44,"turns":7},{"damage":0,"enemies":"Spire Growth","floor":46,"turns":7},{"damage":0,"enemies":"Reptomancer","floor":47,"turns":7},{"damage":8,"enemies":"Time Eater","floor":50,"turns":13},{"damage":13,"enemies":"Awakened One","floor":51,"turns":12},{"damage":8,"enemies":"Shield and Spear","floor":55,"turns":7},{"damage":55,"enemies":"The Heart","floor":56,"turns":13}],"seed_played":"8938429475611469264","potions_obtained":[{"floor":1.0,"key":"Weak Potion"},{"floor":6.0,"key":"FocusPotion"},{"floor":10.0,"key":"PowerPotion"},{"floor":14.0,"key":"Weak Potion"},{"floor":25.0,"key":"Explosive Potion"},{"floor":27,"key":"SkillPotion"},{"floor":28,"key":"Block Potion"},{"floor":33,"key":"EntropicBrew"},{"floor":35,"key":"Explosive Potion"},{"floor":47,"key":"Dexterity Potion"},{"floor":55,"key":"GamblersBrew"}],"is_trial":false,"path_per_floor":["M","M","?","?","M","E","?","R","T","M","M","E","R","E","R","B",null,"M","?","?","$","?","R","E","M","T","M","M","E","R","$","R","B",null,"M","?","M","?","M","R","E","?","T","E","R","M","E","$","R","B","B",null,"R","$","E","B",null],"character_chosen":"DEFECT","items_purchased":["Ancient Tea Set","Bag of Preparation","Coolheaded","Lantern"],"campfire_rested":5,"item_purchase_floors":[21,31,31,48],"current_hp_per_floor":[64,64,64,43,43,28,21,57,57,57,57,36,36,10,46,29,61,45,45,45,45,25,62,48,34,34,33,35,15,15,15,55,31,72,67,67,68,68,54,54,22,22,22,21,61,63,65,65,65,59,48,77,77,77,71,18],"gold":37,"neow_bonus":"THREE_ENEMY_KILL","is_prod":false,"is_daily":false,"chose_seed":false,"campfire_upgraded":4,"win_rate":0,"timestamp":1561972723,"path_taken":["M","M","?","?","?","E","?","R","T","M","M","E","R","E","R","BOSS","M","?","?","$","?","R","E","M","T","M","M","E","R","$","R","BOSS","M","?","M","?","?","R","E","?","T","E","R","?","E","$","R","BOSS","BOSS","R","$","E","BOSS"],"build_version":"2019-01-23","purchased_purges":2,"victory":true,"max_hp_per_floor":[71,71,71,71,71,71,71,71,71,71,71,71,71,71,71,71,71,71,71,71,71,76,76,86,86,86,86,86,86,86,86,86,86,86,86,86,86,86,86,86,86,86,86,86,86,86,86,86,86,86,86,86,86,86,86,86],"card_choices":[{"not_picked":["Static Discharge","Redo","Beam Cell"],"picked":"SKIP","floor":1.0},{"not_picked":["Gash","Coolheaded"],"picked":"Capacitor","floor":2.0},{"not_picked":["Force Field","Genetic Algorithm"],"picked":"Echo Form","floor":5.0},{"not_picked":["Amplify","Streamline"],"picked":"Glacier","floor":6.0},{"not_picked":["Redo","Streamline"],"picked":"Coolheaded","floor":10.0},{"not_picked":["Coolheaded","Leap"],"picked":"Machine Learning","floor":11.0},{"not_picked":["Hologram","Auto Shields","Rebound"],"picked":"SKIP","floor":12.0},{"not_picked":["Undo","Go for the Eyes"],"picked":"Chill","floor":14.0},{"not_picked":["Core Surge","Fission"],"picked":"Electrodynamics","floor":16.0},{"not_picked":["Heatsinks","Auto Shields"],"picked":"Consume","floor":18.0},{"not_picked":["Redo+1","Rebound","Steam"],"picked":"SKIP","floor":24.0},{"not_picked":["Coolheaded","Leap","Chaos"],"picked":"SKIP","floor":25.0},{"not_picked":["Stack+1","Darkness"],"picked":"Recycle","floor":27},{"not_picked":["Rip and Tear","Redo"],"picked":"Ball Lightning","floor":28},{"not_picked":["Gash+1","Turbo"],"picked":"Blizzard","floor":29},{"not_picked":["Amplify","Reboot"],"picked":"Seek","floor":33},{"not_picked":["Conserve Battery","Leap+1"],"picked":"Chill+1","floor":35},{"not_picked":["Ball Lightning+1","Tempest"],"picked":"Hologram+1","floor":37},{"not_picked":["Chaos+1","Sweeping Beam+1","Go for the Eyes"],"picked":"SKIP","floor":39},{"not_picked":["Redo","Turbo"],"picked":"Seek","floor":41},{"not_picked":["Hologram","Heatsinks"],"picked":"Glacier","floor":44},{"not_picked":["Doom and Gloom+1","Redo","Rip and Tear"],"picked":"SKIP","floor":46},{"not_picked":["Melter+1","Hologram+1","Gash"],"picked":"SKIP","floor":46},{"not_picked":["Streamline+1","Rainbow","Sweeping Beam"],"picked":"SKIP","floor":47},{"not_picked":["Scrape","Tempest"],"picked":"Glacier","floor":55}],"player_experience":889801,"relics_obtained":[{"floor":6.0,"key":"Regal Pillow"},{"floor":9.0,"key":"Shuriken"},{"floor":12.0,"key":"Blood Vial"},{"floor":14.0,"key":"Cables"},{"floor":24.0,"key":"Pear"},{"floor":29,"key":"Boot"},{"floor":41,"key":"Prayer Wheel"},{"floor":43,"key":"Centennial Puzzle"},{"floor":44,"key":"Bag of Marbles"},{"floor":47,"key":"PreservedInsect"},{"floor":55,"key":"Gambling Chip"}],"event_choices":[{"cards_removed":["Strike_B"],"damage_healed":0.0,"max_hp_gain":0.0,"max_hp_loss":0.0,"gold_gain":0.0,"event_name":"The Cleric","player_choice":"Card Removal","floor":3.0,"gold_loss":75.0,"damage_taken":0.0},{"damage_healed":0.0,"max_hp_gain":0.0,"max_hp_loss":0.0,"gold_gain":0.0,"event_name":"Shining Light","player_choice":"Entered Light","floor":4.0,"gold_loss":0.0,"damage_taken":21.0,"cards_upgraded":["Strike_B","Defend_B"]},{"damage_healed":0.0,"max_hp_gain":0.0,"max_hp_loss":0.0,"gold_gain":50.0,"event_name":"FaceTrader","player_choice":"Touch","floor":7.0,"gold_loss":0.0,"damage_taken":7.0},{"damage_healed":0.0,"max_hp_gain":0.0,"max_hp_loss":0.0,"gold_gain":50.0,"event_name":"Nest","player_choice":"Stole From Cult","floor":19.0,"gold_loss":0.0,"damage_taken":0.0},{"damage_healed":0.0,"max_hp_gain":0.0,"max_hp_loss":0.0,"gold_gain":0.0,"cards_transformed":["Strike_B","Strike_B"],"event_name":"Drug Dealer","player_choice":"Became Test Subject","floor":20.0,"gold_loss":0.0,"damage_taken":0.0,"cards_obtained":["Glacier","Conserve Battery"]},{"damage_healed":0.0,"max_hp_gain":5.0,"max_hp_loss":0.0,"gold_gain":0.0,"event_name":"Forgotten Altar","player_choice":"Shed Blood","floor":22.0,"gold_loss":0.0,"damage_taken":25.0},{"damage_healed":0,"gold_gain":0,"player_choice":"Ignored","damage_taken":0,"max_hp_gain":0,"max_hp_loss":0,"event_name":"Tomb of Lord Red Mask","floor":36,"gold_loss":0},{"damage_healed":0,"gold_gain":0,"player_choice":"Ignored","damage_taken":0,"max_hp_gain":0,"max_hp_loss":0,"event_name":"Mysterious Sphere","floor":38,"gold_loss":0},{"damage_healed":0,"gold_gain":0,"player_choice":"Upgraded","damage_taken":0,"max_hp_gain":0,"max_hp_loss":0,"event_name":"Upgrade Shrine","floor":42,"gold_loss":0,"cards_upgraded":["Recycle"]}],"is_beta":false,"boss_relics":[{"not_picked":["Astrolabe","Orrery"],"picked":"Philosopher\u0027s Stone"},{"not_picked":["Tiny House","Runic Pyramid"],"picked":"Cursed Key"}],"items_purged_floors":[21,48],"is_endless":false,"potions_floor_spawned":[1,6,10,11,14,25,27,28,33,35,47,55],"ascension_level":20}