{"gold_per_floor":[119,145,177,205,227,270,282,311,323,335,377,389,427,473,485,569,581,605,380,394,122,122,142,142,160,210,56,56,86,86,117,117,191,191,207,218,188,63,363,392,392,425,450,467,501,521,532,144,144,144,144,144,144,9,43,43],"floor_reached":57,"playtime":2348,"items_purged":["Strike_R","Strike_R","Defend_R","Whirlwind+1","Bash+1"],"score":2931,"play_id":"30c03961-3744-4345-a558-b528cae397a0","local_time":"20190709184751","is_ascension_mode":true,"campfire_choices":[{"data":"Anger","floor":7.0,"key":"SMITH"},{"data":"Bash","floor":10.0,"key":"SMITH"},{"data":"True Grit","floor":12.0,"key":"SMITH"},{"floor":15.0,"key":"REST"},{"floor":24.0,"key":"REST"},{"floor":28.0,"key":"REST"},{"data":"Barricade","floor":32.0,"key":"SMITH"},{"data":"Offering","floor":41,"key":"SMITH"},{"floor":49,"key":"RECALL"},{"floor":53,"key":"REST"}],"neow_cost":"CURSE","seed_source_timestamp":135459085185000,"circlet_count":0,"master_deck":["AscendersBane","Defend_R","Defend_R","Defend_R","True Grit+1","Shrug It Off","Evolve","Barricade+1","Inflame","Apotheosis+1","Body Slam","Pummel","Flame Barrier","Shrug It Off+1","Offering+1"],"special_seed":0,"relics":["Burning Blood","MawBank","Juzu Bracelet","Torii","Matryoshka","Centennial Puzzle","Happy Flower","Ancient Tea Set","Empty Cage","Oddly Smooth Stone","Strawberry","Lantern","Red Mask","Nunchaku","Busted Crown","Orichalcum","Bag of Marbles","Smiling Mask","Gambling Chip","Dodecahedron"],"potions_floor_usage":[33,42,45,50,56,56],"damage_taken":[{"damage":1.0,"enemies":"Cultist","floor":1.0,"turns":4.0},{"damage":4.0,"enemies":"Small Slimes","floor":3.0,"turns":3.0},{"damage":3.0,"enemies":"2 Louse","floor":4.0,"turns":3.0},{"damage":12.0,"enemies":"Exordium Wildlife","floor":5.0,"turns":4.0},{"damage":32.0,"enemies":"3 Sentries","floor":6.0,"turns":7.0},{"damage":11.0,"enemies":"Blue Slaver","floor":8.0,"turns":4.0},{"damage":18.0,"enemies":"Lagavulin","floor":11.0,"turns":8.0},{"damage":32.0,"enemies":"Gremlin Nob","floor":14.0,"turns":4.0},{"damage":22.0,"enemies":"Hexaghost","floor":16.0,"turns":9.0},{"damage":24.0,"enemies":"Chosen","floor":18.0,"turns":6.0},{"damage":25.0,"enemies":"Spheric Guardian","floor":20.0,"turns":10.0},{"damage":8.0,"enemies":"Centurion and Healer","floor":23.0,"turns":8.0},{"damage":22.0,"enemies":"Snecko","floor":25.0,"turns":7.0},{"damage":0.0,"enemies":"Masked Bandits","floor":29.0,"turns":1.0},{"damage":1.0,"enemies":"Slavers","floor":31.0,"turns":2.0},{"damage":26,"enemies":"Collector","floor":33,"turns":11},{"damage":6,"enemies":"3 Shapes","floor":35,"turns":6},{"damage":6,"enemies":"Orb Walker","floor":36,"turns":2},{"damage":38,"enemies":"Reptomancer","floor":40,"turns":4},{"damage":6,"enemies":"Nemesis","floor":42,"turns":5},{"damage":6,"enemies":"3 Darklings","floor":44,"turns":3},{"damage":50,"enemies":"Reptomancer","floor":45,"turns":6},{"damage":6,"enemies":"Jaw Worm Horde","floor":46,"turns":1},{"damage":1,"enemies":"Sphere and 2 Shapes","floor":47,"turns":8},{"damage":8,"enemies":"Time Eater","floor":50,"turns":10},{"damage":6,"enemies":"Awakened One","floor":51,"turns":10},{"damage":33,"enemies":"Shield and Spear","floor":55,"turns":7},{"damage":23,"enemies":"The Heart","floor":56,"turns":9}],"seed_played":"2375777193437524048","potions_obtained":[{"floor":1.0,"key":"Poison Potion"},{"floor":5.0,"key":"Block Potion"},{"floor":6.0,"key":"BloodPotion"},{"floor":16.0,"key":"Weak Potion"},{"floor":20.0,"key":"FearPotion"},{"floor":25.0,"key":"Dexterity Potion"},{"floor":37,"key":"Ancient Potion"},{"floor":37,"key":"Regen Potion"},{"floor":42,"key":"BloodPotion"},{"floor":45,"key":"Dexterity Potion"},{"floor":47,"key":"BloodPotion"}],"is_trial":false,"path_per_floor":["M","T","M","M","M","E","R","M","T","R","E","R","T","E","R","B",null,"M","$","M","$","?","M","R","M","T","$","R","?","?","E","R","B",null,"M","M","?","$","?","E","R","E","T","M","E","M","M","$","R","B","B",null,"R","$","E","B",null],"character_chosen":"IRONCLAD","items_purchased":["Oddly Smooth Stone","Inflame","Apotheosis","SteroidPotion","Gambling Chip","EssenceOfSteel"],"campfire_rested":4,"item_purchase_floors":[19,19,21,27,48,54],"current_hp_per_floor":[73,73,75,75,69,43,43,38,38,38,44,44,44,18,40,24,62,44,44,25,25,25,23,45,29,36,36,60,66,66,71,71,51,74,74,74,74,74,74,42,42,56,56,56,32,32,37,37,37,55,55,75,82,82,55,38],"gold":43,"neow_bonus":"TRANSFORM_TWO_CARDS","is_prod":false,"is_daily":false,"chose_seed":false,"campfire_upgraded":5,"win_rate":0,"timestamp":1562665671,"path_taken":["M","?","?","M","M","E","R","M","T","R","E","R","?","E","R","BOSS","M","$","M","$","?","M","R","M","T","?","R","?","?","E","R","BOSS","M","M","?","$","?","E","R","E","T","M","E","M","M","?","R","BOSS","BOSS","R","$","E","BOSS"],"build_version":"2019-07-05","purchased_purges":5,"victory":true,"max_hp_per_floor":[75,75,75,75,75,75,75,75,75,75,75,75,75,75,75,75,75,75,75,75,75,75,75,75,75,82,82,82,82,82,82,82,82,82,82,82,82,82,82,82,82,82,82,82,82,82,82,82,82,82,82,82,82,82,82,82],"card_choices":[{"not_picked":["Hemokinesis","Clash"],"picked":"True Grit","floor":1.0},{"not_picked":["Cleave","Sever Soul","Body Slam"],"picked":"SKIP","floor":3.0},{"not_picked":["True Grit","Rupture","Hemokinesis"],"picked":"SKIP","floor":4.0},{"not_picked":["Searing Blow","Uppercut"],"picked":"Shrug It Off","floor":5.0},{"not_picked":["Heavy Blade","Wild Strike","Body Slam"],"picked":"SKIP","floor":6.0},{"not_picked":["Iron Wave","Warcry","Sever Soul"],"picked":"SKIP","floor":8.0},{"not_picked":["Perfected Strike","Wild Strike","Cleave"],"picked":"SKIP","floor":11.0},{"not_picked":["Iron Wave","Clothesline"],"picked":"Evolve","floor":14.0},{"not_picked":["Juggernaut","Exhume"],"picked":"Barricade","floor":16.0},{"not_picked":["Warcry","Havoc","Flex"],"picked":"SKIP","floor":18.0},{"not_picked":["Wild Strike+1","Anger","Pummel"],"picked":"SKIP","floor":20.0},{"not_picked":["Second Wind","Intimidate"],"picked":"Body Slam","floor":23.0},{"not_picked":["Twin Strike","Cleave"],"picked":"Whirlwind+1","floor":25.0},{"not_picked":["Hemokinesis","Twin Strike+1"],"picked":"Shrug It Off+1","floor":31.0},{"not_picked":["Limit Break","Berserk"],"picked":"Offering","floor":33},{"not_picked":["Dual Wield"],"picked":"SKIP","floor":35},{"not_picked":["Body Slam"],"picked":"SKIP","floor":36},{"not_picked":["Headbutt"],"picked":"SKIP","floor":40},{"not_picked":["Armaments"],"picked":"SKIP","floor":42},{"not_picked":["Carnage"],"picked":"SKIP","floor":44},{"not_picked":["Flex"],"picked":"SKIP","floor":45},{"not_picked":["Rampage"],"picked":"SKIP","floor":46},{"not_picked":["Reckless Charge"],"picked":"SKIP","floor":47},{"not_picked":["Dual Wield"],"picked":"SKIP","floor":55}],"player_experience":958620,"relics_obtained":[{"floor":2.0,"key":"MawBank"},{"floor":6.0,"key":"Juzu Bracelet"},{"floor":9.0,"key":"Torii"},{"floor":11.0,"key":"Matryoshka"},{"floor":13.0,"key":"Centennial Puzzle"},{"floor":13.0,"key":"Happy Flower"},{"floor":14.0,"key":"Ancient Tea Set"},{"floor":26.0,"key":"Strawberry"},{"floor":26.0,"key":"Lantern"},{"floor":29.0,"key":"Red Mask"},{"floor":31.0,"key":"Nunchaku"},{"floor":40,"key":"Orichalcum"},{"floor":42,"key":"Bag of Marbles"},{"floor":45,"key":"Smiling Mask"},{"floor":55,"key":"Dodecahedron"}],"event_choices":[{"damage_healed":0.0,"max_hp_gain":0.0,"max_hp_loss":0.0,"gold_gain":0.0,"event_name":"Accursed Blacksmith","player_choice":"Forge","floor":22.0,"gold_loss":0.0,"damage_taken":0.0,"cards_upgraded":["Apotheosis"]},{"damage_healed":0.0,"max_hp_gain":0.0,"max_hp_loss":0.0,"gold_gain":0.0,"event_name":"Masked Bandits","player_choice":"Fought Bandits","floor":29.0,"gold_loss":0.0,"damage_taken":0.0},{"damage_healed":0.0,"max_hp_gain":0.0,"max_hp_loss":0.0,"gold_gain":0.0,"cards_transformed":["Combust","Anger"],"event_name":"Drug Dealer","player_choice":"Became Test Subject","floor":30.0,"gold_loss":0.0,"damage_taken":0.0,"cards_obtained":["Pummel","Flame Barrier"]},{"damage_healed":0,"gold_gain":0,"player_choice":"Bought 2 Potions","damage_taken":0,"max_hp_gain":0,"max_hp_loss":0,"event_name":"The Woman in Blue","floor":37,"gold_loss":0},{"damage_healed":0,"gold_gain":300,"player_choice":"Gold","damage_taken":0,"max_hp_gain":0,"max_hp_loss":0,"event_name":"Wheel of Change","floor":39,"gold_loss":0}],"is_beta":false,"boss_relics":[{"not_picked":["Runic Cube","Coffee Dripper"],"picked":"Empty Cage"},{"not_picked":["Pandora\u0027s Box","Eternal Feather"],"picked":"Busted Crown"}],"items_purged_floors":[21,27,38,48,54],"is_endless":false,"potions_floor_spawned":[1,5,6,16,20,25,29,40,42,45,47,55],"ascension_level":20}