{"gold_per_floor":[118,128,128,128,128,128,157,157,184,184,204,52,52,83,83,160,160,176,26,26,26,39,39,69,69,93,93,127,145,180,194,194,270,270,281,1280,809,809],"floor_reached":38,"playtime":1185,"items_purged":["Strike_B","Strike_B","Strike_B+1"],"score":997,"play_id":"d0694f44-17fb-4a8d-be9f-52287737b663","local_time":"20190723221208","is_ascension_mode":true,"campfire_choices":[{"data":"Zap","floor":6,"key":"SMITH"},{"data":"Reboot","floor":8,"key":"SMITH"},{"floor":10,"key":"REST"},{"data":"Capacitor","floor":15,"key":"SMITH"},{"data":"Turbo","floor":23,"key":"SMITH"},{"data":"Capacitor","floor":27,"key":"SMITH"},{"data":"Multi-Cast","floor":32,"key":"SMITH"}],"neow_cost":"TEN_PERCENT_HP_LOSS","seed_source_timestamp":369202485400900,"circlet_count":0,"master_deck":["AscendersBane","Defend_B+1","Defend_B","Zap+1","Dualcast","Sunder+1","Core Surge+1","Rip and Tear+1","Ball Lightning","Reboot+1","Reinforced Body","Capacitor+1","Chill","Echo Form","Turbo+1","Cold Snap","Capacitor+1","BootSequence","Multi-Cast+1","Self Repair+1","Lockon","Biased Cognition","Loop"],"relics":["Cracked Core","Ornamental Fan","Whetstone","Lantern","Boot","Black Star","Letter Opener","Pear","Oddly Smooth Stone","PreservedInsect","Omamori","Ginger","Art of War","Inserter","Shuriken"],"potions_floor_usage":[7,24,24,38],"damage_taken":[{"damage":0,"enemies":"Cultist","floor":1,"turns":2},{"damage":0,"enemies":"2 Louse","floor":2,"turns":2},{"damage":22,"enemies":"3 Sentries","floor":7,"turns":5},{"damage":0,"enemies":"Small Slimes","floor":11,"turns":1},{"damage":0,"enemies":"Gremlin Nob","floor":14,"turns":2},{"damage":2,"enemies":"The Guardian","floor":16,"turns":9},{"damage":0,"enemies":"Chosen","floor":18,"turns":3},{"damage":9,"enemies":"Spheric Guardian","floor":22,"turns":3},{"damage":53,"enemies":"Book of Stabbing","floor":24,"turns":7},{"damage":0,"enemies":"Gremlin Leader","floor":28,"turns":6},{"damage":20,"enemies":"Cultist and Chosen","floor":29,"turns":5},{"damage":26,"enemies":"Book of Stabbing","floor":30,"turns":5},{"damage":6,"enemies":"Snecko","floor":31,"turns":3},{"damage":15,"enemies":"Champ","floor":33,"turns":12},{"damage":5,"enemies":"Orb Walker","floor":35,"turns":3},{"damage":78,"enemies":"2 Orb Walkers","floor":38,"turns":4}],"seed_played":"4019735376754291619","potions_obtained":[{"floor":1,"key":"SneckoOil"},{"floor":11,"key":"AttackPotion"},{"floor":18,"key":"SpeedPotion"},{"floor":29,"key":"Block Potion"},{"floor":33,"key":"Strength Potion"}],"is_trial":false,"path_per_floor":["M","M","T","?","?","R","E","R","T","R","M","$","?","E","R","B",null,"M","$","?","?","M","R","E","?","T","R","E","M","E","M","R","B",null,"M","?","$","?"],"character_chosen":"DEFECT","items_purchased":["Capacitor","Cold Snap","Loop","Shuriken"],"campfire_rested":1,"item_purchase_floors":[12,19,37,37],"current_hp_per_floor":[64,64,64,45,45,45,23,23,23,42,42,42,47,47,47,45,63,63,63,63,63,54,54,11,79,79,79,79,59,33,37,37,32,67,72,72,72,0],"gold":809,"neow_bonus":"TRANSFORM_TWO_CARDS","is_prod":false,"is_daily":false,"chose_seed":false,"campfire_upgraded":6,"win_rate":0,"timestamp":1563887528,"path_taken":["M","M","?","?","?","R","E","R","T","R","?","?","?","E","R","BOSS","M","$","?","?","M","R","E","?","T","R","E","M","E","M","R","BOSS","M","?","$","?"],"build_version":"2019-07-17","purchased_purges":3,"victory":false,"max_hp_per_floor":[64,64,64,64,64,64,64,64,64,64,64,64,69,69,69,69,69,69,69,69,69,69,69,79,79,79,79,79,79,79,79,79,79,79,79,79,79,79],"card_choices":[{"not_picked":["Steam","Leap"],"picked":"Rip and Tear","floor":1},{"not_picked":["Static Discharge","Steam Power"],"picked":"Ball Lightning","floor":2},{"not_picked":["Turbo","Streamline"],"picked":"Reboot","floor":7},{"not_picked":["Double Energy","Gash"],"picked":"Reinforced Body","floor":11},{"not_picked":["Aggregate","Stack"],"picked":"Chill","floor":14},{"not_picked":["Thunder Strike","Reboot"],"picked":"Echo Form","floor":16},{"not_picked":["Steam Power","Loop"],"picked":"Turbo","floor":18},{"not_picked":["Barrage","Hologram"],"picked":"Capacitor","floor":22},{"not_picked":["Stack","All For One"],"picked":"BootSequence","floor":24},{"not_picked":["Reprogram+1","Cold Snap"],"picked":"Multi-Cast","floor":28},{"not_picked":["Reprogram","Ball Lightning","Stack"],"picked":"SKIP","floor":29},{"not_picked":["Turbo","Stack"],"picked":"Self Repair+1","floor":30},{"not_picked":["Leap","Compile Driver"],"picked":"Lockon","floor":31},{"not_picked":["Seek","Creative AI"],"picked":"Biased Cognition","floor":33},{"not_picked":["Go for the Eyes","Steam","Rip and Tear"],"picked":"SKIP","floor":35}],"player_experience":1161387,"relics_obtained":[{"floor":3,"key":"Ornamental Fan"},{"floor":7,"key":"Whetstone"},{"floor":9,"key":"Lantern"},{"floor":14,"key":"Boot"},{"floor":24,"key":"Letter Opener"},{"floor":24,"key":"Pear"},{"floor":26,"key":"Oddly Smooth Stone"},{"floor":28,"key":"PreservedInsect"},{"floor":28,"key":"Omamori"},{"floor":30,"key":"Ginger"},{"floor":30,"key":"Art of War"}],"event_choices":[{"damage_healed":0,"gold_gain":0,"player_choice":"Entered Light","damage_taken":19,"max_hp_gain":0,"max_hp_loss":0,"event_name":"Shining Light","floor":4,"gold_loss":0,"cards_upgraded":["Defend_B","Sunder"]},{"damage_healed":0,"gold_gain":0,"player_choice":"Upgraded","damage_taken":0,"max_hp_gain":0,"max_hp_loss":0,"event_name":"Upgrade Shrine","floor":5,"gold_loss":0,"cards_upgraded":["Rip and Tear"]},{"damage_healed":0,"gold_gain":0,"player_choice":"Donut","damage_taken":0,"max_hp_gain":5,"max_hp_loss":0,"event_name":"Big Fish","floor":13,"gold_loss":0},{"damage_healed":0,"gold_gain":0,"player_choice":"Ignored","damage_taken":0,"max_hp_gain":0,"max_hp_loss":0,"event_name":"Vampires","floor":20,"gold_loss":0},{"cards_removed":["Defend_B"],"damage_healed":0,"gold_gain":0,"player_choice":"Elegance","damage_taken":0,"max_hp_gain":0,"max_hp_loss":0,"event_name":"Back to Basics","floor":21,"gold_loss":0},{"damage_healed":68,"gold_gain":0,"player_choice":"Full Heal","damage_taken":0,"max_hp_gain":0,"max_hp_loss":0,"event_name":"Wheel of Change","floor":25,"gold_loss":0},{"damage_healed":0,"gold_gain":999,"player_choice":"Gold","damage_taken":0,"max_hp_gain":0,"max_hp_loss":0,"event_name":"MindBloom","floor":36,"gold_loss":0,"cards_obtained":["Normality","Normality"]},{"damage_healed":0,"gold_gain":0,"player_choice":"Fight","damage_taken":0,"max_hp_gain":0,"max_hp_loss":0,"event_name":"Mysterious Sphere","floor":38,"gold_loss":0}],"is_beta":false,"boss_relics":[{"not_picked":["White Beast Statue","Lizard Tail"],"picked":"Black Star"},{"not_picked":["Snecko Eye","Philosopher\u0027s Stone"],"picked":"Inserter"}],"items_purged_floors":[12,19,37],"is_endless":false,"potions_floor_spawned":[1,11,18,29,33],"killed_by":"2 Orb Walkers","ascension_level":20}