{"gold_per_floor":[366,383,25,25,25,25,60,72,72,91,91,122,122,397,397,476,476,492,509,520,435,112,112,144,36,36,36],"floor_reached":27,"playtime":1173,"items_purged":["Strike_R","Strike_R","Strike_R"],"score":478,"play_id":"bb618f24-9253-4877-8e11-9b24daa550c2","local_time":"20190713172123","is_ascension_mode":true,"campfire_choices":[{"data":"Armaments","floor":6,"key":"SMITH"},{"data":"Inflame","floor":11,"key":"SMITH"},{"data":"Bash","floor":13,"key":"SMITH"},{"data":"Rampage","floor":15,"key":"SMITH"},{"floor":23,"key":"REST"}],"neow_cost":"TEN_PERCENT_HP_LOSS","seed_source_timestamp":55583685939700,"circlet_count":0,"master_deck":["AscendersBane","Strike_R","Defend_R","Defend_R","Defend_R","Defend_R","Bash+1","Rampage+1","Armaments+1","Inflame+1","Shrug It Off","Double Tap","Anger","Feel No Pain","Feed","Regret","Limit Break","Heavy Blade","Spot Weakness","Second Wind","Offering","Evolve","Dual Wield","True Grit"],"relics":["Burning Blood","Bag of Preparation","Du-Vu Doll","Blue Candle","Paper Frog","Snecko Eye","Girya","Smiling Mask"],"potions_floor_usage":[16,19,24,27],"damage_taken":[{"damage":3,"enemies":"2 Louse","floor":1,"turns":4},{"damage":10,"enemies":"Small Slimes","floor":2,"turns":3},{"damage":31,"enemies":"Gremlin Nob","floor":7,"turns":4},{"damage":1,"enemies":"Cultist","floor":8,"turns":3},{"damage":0,"enemies":"Blue Slaver","floor":10,"turns":4},{"damage":24,"enemies":"Lagavulin","floor":12,"turns":6},{"damage":30,"enemies":"Hexaghost","floor":16,"turns":6},{"damage":27,"enemies":"Shell Parasite","floor":18,"turns":5},{"damage":1,"enemies":"2 Thieves","floor":19,"turns":2},{"damage":51,"enemies":"Cultist and Chosen","floor":20,"turns":8},{"damage":13,"enemies":"Slavers","floor":24,"turns":3},{"damage":31,"enemies":"Book of Stabbing","floor":27,"turns":4}],"seed_played":"7092935432779796115","potions_obtained":[{"floor":2,"key":"Regen Potion"},{"floor":10,"key":"EssenceOfSteel"},{"floor":16,"key":"Strength Potion"}],"is_trial":false,"path_per_floor":["M","M","$","?","?","R","E","M","T","M","R","E","R","?","R","B",null,"M","M","M","?","$","R","E","$","T","E"],"character_chosen":"IRONCLAD","items_purchased":["Bag of Preparation","Inflame","Shrug It Off","Offering","PowerPotion","Evolve","True Grit"],"campfire_rested":1,"item_purchase_floors":[3,3,3,22,22,22,25],"current_hp_per_floor":[68,64,64,69,69,69,44,49,49,55,55,37,37,37,37,27,62,45,54,13,13,13,38,34,34,34,3],"gold":36,"neow_bonus":"TWO_FIFTY_GOLD","is_prod":false,"is_daily":false,"chose_seed":false,"campfire_upgraded":4,"win_rate":0,"timestamp":1563006083,"path_taken":["M","M","$","?","?","R","E","M","T","M","R","E","R","?","R","BOSS","M","?","M","?","$","R","E","$","T","E"],"build_version":"2019-07-05","purchased_purges":3,"victory":false,"max_hp_per_floor":[68,68,68,73,73,73,73,73,73,73,73,73,73,73,73,73,73,77,81,85,85,85,85,88,88,88,88],"card_choices":[{"not_picked":["Flex","Perfected Strike"],"picked":"Rampage","floor":1},{"not_picked":["Pommel Strike","Flame Barrier"],"picked":"Armaments","floor":2},{"not_picked":["Uppercut","Infernal Blade"],"picked":"Anger","floor":7},{"not_picked":["Combust","Burning Pact"],"picked":"Feel No Pain","floor":8},{"not_picked":["Body Slam","Armaments","Fire Breathing"],"picked":"SKIP","floor":10},{"not_picked":["Second Wind","Pommel Strike"],"picked":"Feed","floor":12},{"not_picked":["Exhume","Dark Embrace"],"picked":"Limit Break","floor":16},{"not_picked":["Burning Pact","Cleave"],"picked":"Heavy Blade","floor":18},{"not_picked":["Iron Wave","Battle Trance+1"],"picked":"Spot Weakness","floor":19},{"not_picked":["Whirlwind","Perfected Strike"],"picked":"Second Wind","floor":20},{"not_picked":["Feel No Pain","Sever Soul"],"picked":"Dual Wield","floor":24}],"player_experience":1002944,"relics_obtained":[{"floor":7,"key":"Du-Vu Doll"},{"floor":9,"key":"Blue Candle"},{"floor":12,"key":"Paper Frog"},{"floor":24,"key":"Smiling Mask"}],"event_choices":[{"damage_healed":0,"gold_gain":0,"player_choice":"Donut","damage_taken":0,"max_hp_gain":5,"max_hp_loss":0,"event_name":"Big Fish","floor":4,"gold_loss":0},{"damage_healed":0,"gold_gain":0,"cards_transformed":["Strike_R"],"player_choice":"Change","damage_taken":0,"max_hp_gain":0,"max_hp_loss":0,"event_name":"Living Wall","floor":5,"gold_loss":0,"cards_obtained":["Double Tap"]},{"damage_healed":0,"gold_gain":275,"player_choice":"Desecrate","damage_taken":0,"max_hp_gain":0,"max_hp_loss":0,"event_name":"Golden Shrine","floor":14,"gold_loss":0,"cards_obtained":["Regret"]},{"damage_healed":0,"gold_gain":0,"player_choice":"Obtained Relic","damage_taken":0,"relics_obtained":["Girya"],"max_hp_gain":0,"max_hp_loss":0,"event_name":"Addict","floor":21,"gold_loss":85}],"is_beta":false,"boss_relics":[{"not_picked":["Pandora\u0027s Box","Philosopher\u0027s Stone"],"picked":"Snecko Eye"}],"items_purged_floors":[3,22,25],"is_endless":false,"potions_floor_spawned":[2,10,16],"killed_by":"Book of Stabbing","ascension_level":20}