{"gold_per_floor":[116,116,12,162,18,48,48,80,134,162,172,189,206,219,219,294,294,307,1,1,1,1,26,26,26,50,65,85,119,119,131,131,131],"floor_reached":33,"playtime":1522,"items_purged":["Strike_G","Doubt"],"score":706,"play_id":"406b9508-46ab-4910-9e33-ea900603782e","local_time":"20190730002431","is_ascension_mode":true,"campfire_choices":[{"data":"Crippling Poison","floor":15,"key":"SMITH"},{"data":"J.A.X.","floor":24,"key":"SMITH"},{"floor":30,"key":"DIG"},{"floor":32,"key":"DIG"}],"neow_cost":"NONE","seed_source_timestamp":27081362424428,"circlet_count":0,"master_deck":["AscendersBane","Strike_G+1","Strike_G+1","Strike_G+1","Strike_G+1","Defend_G+1","Defend_G+1","Defend_G+1","Defend_G+1","Defend_G+1","Survivor","Neutralize","Flying Knee","Flying Knee","Backstab","Crippling Poison+1","Dodge and Roll","Quick Slash","Terror","Corpse Explosion","Deflect+1","Noxious Fumes","J.A.X.+1","RitualDagger","Adrenaline","Predator","A Thousand Cuts","Acrobatics"],"special_seed":0,"relics":["Ring of the Snake","NeowsBlessing","Boot","Meat on the Bone","Happy Flower","Dream Catcher","Runic Dome","Sling","Bronze Scales","Bag of Marbles","Shovel","Bag of Preparation","Ice Cream"],"potions_floor_usage":[10,13,16,16,31,33],"damage_taken":[{"damage":0.0,"enemies":"Cultist","floor":1.0,"turns":1.0},{"damage":0.0,"enemies":"Lagavulin","floor":6.0,"turns":1.0},{"damage":0.0,"enemies":"Gremlin Nob","floor":8.0,"turns":1.0},{"damage":37,"enemies":"3 Sentries","floor":10,"turns":11},{"damage":0,"enemies":"Small Slimes","floor":11,"turns":3},{"damage":0,"enemies":"2 Louse","floor":12,"turns":2},{"damage":2,"enemies":"Exordium Wildlife","floor":13,"turns":3},{"damage":5,"enemies":"Blue Slaver","floor":14,"turns":4},{"damage":39,"enemies":"Hexaghost","floor":16,"turns":11},{"damage":0,"enemies":"3 Byrds","floor":18,"turns":2},{"damage":19,"enemies":"Book of Stabbing","floor":23,"turns":5},{"damage":4,"enemies":"Chosen","floor":27,"turns":4},{"damage":4,"enemies":"3 Cultists","floor":28,"turns":3},{"damage":12,"enemies":"Gremlin Leader","floor":29,"turns":4},{"damage":5,"enemies":"Shelled Parasite and Fungi","floor":31,"turns":3},{"damage":58,"enemies":"Champ","floor":33,"turns":7}],"seed_played":"-3354360409107756791","potions_obtained":[{"floor":6.0,"key":"Strength Potion"},{"floor":10,"key":"GamblersBrew"},{"floor":11,"key":"Explosive Potion"},{"floor":13,"key":"SteroidPotion"},{"floor":16,"key":"SpeedPotion"},{"floor":29,"key":"Strength Potion"}],"is_trial":false,"path_per_floor":["M","?","$","?","$","E","?","E","T","E","M","M","M","M","R","B",null,"M","$","?","?","?","E","R","?","T","M","M","E","R","M","R","B"],"character_chosen":"THE_SILENT","items_purchased":["Flying Knee","Backstab","Sling","Noxious Fumes"],"campfire_rested":0,"item_purchase_floors":[3,5,19,19],"current_hp_per_floor":[59,59,59,59,59,59,39,39,39,14,26,38,36,43,43,16,54,54,54,54,54,48,41,41,41,41,37,45,45,45,40,40,0],"gold":131,"neow_bonus":"THREE_ENEMY_KILL","is_prod":false,"is_daily":false,"chose_seed":false,"campfire_upgraded":2,"win_rate":0,"timestamp":1564439071,"path_taken":["M","?","$","?","$","E","?","E","T","E","?","M","M","M","R","BOSS","M","$","?","?","?","E","R","?","T","M","M","E","R","M","R","BOSS"],"build_version":"2019-07-17","purchased_purges":2,"victory":false,"max_hp_per_floor":[66,66,66,66,66,66,66,66,66,66,66,66,66,66,66,66,66,66,66,66,66,66,66,66,66,66,66,66,66,66,66,66,66],"card_choices":[{"not_picked":["Bane","Skewer"],"picked":"Flying Knee","floor":1.0},{"not_picked":["Flechettes","Underhanded Strike"],"picked":"Crippling Poison","floor":6.0},{"not_picked":["Eviscerate","Sucker Punch"],"picked":"Dodge and Roll","floor":8.0},{"not_picked":["Blade Dance","Concentrate"],"picked":"Quick Slash","floor":10},{"not_picked":["Poisoned Stab","Backflip"],"picked":"Terror","floor":13},{"not_picked":["Skewer","Deflect","Setup"],"picked":"SKIP","floor":14},{"not_picked":["Bullet Time","Venomology"],"picked":"Corpse Explosion","floor":16},{"not_picked":["Choke","Expertise"],"picked":"Deflect+1","floor":18},{"not_picked":["Deflect","Deadly Poison+1"],"picked":"Adrenaline","floor":23},{"not_picked":["Prepared","Deflect"],"picked":"Predator","floor":27},{"not_picked":["Endless Agony+1","Quick Slash"],"picked":"A Thousand Cuts","floor":29},{"not_picked":["All Out Attack","Prepared"],"picked":"Acrobatics","floor":31}],"player_experience":1331991,"relics_obtained":[{"floor":6.0,"key":"Boot"},{"floor":8.0,"key":"Meat on the Bone"},{"floor":9.0,"key":"Happy Flower"},{"floor":10,"key":"Dream Catcher"},{"floor":23,"key":"Bronze Scales"},{"floor":26,"key":"Bag of Marbles"},{"floor":29,"key":"Shovel"},{"floor":30,"key":"Bag of Preparation"},{"floor":32,"key":"Ice Cream"}],"event_choices":[{"damage_healed":0.0,"max_hp_gain":0.0,"max_hp_loss":0.0,"gold_gain":0.0,"event_name":"The Cleric","player_choice":"Leave","floor":2.0,"gold_loss":0.0,"damage_taken":0.0},{"damage_healed":0.0,"max_hp_gain":0.0,"max_hp_loss":0.0,"gold_gain":150.0,"event_name":"Liars Game","player_choice":"AGREE","floor":4.0,"gold_loss":0.0,"damage_taken":0.0,"cards_obtained":["Doubt"]},{"damage_healed":0.0,"max_hp_gain":0.0,"max_hp_loss":0.0,"gold_gain":0.0,"event_name":"Shining Light","player_choice":"Entered Light","floor":7.0,"gold_loss":0.0,"damage_taken":20.0,"cards_upgraded":["Defend_G","Strike_G"]},{"damage_healed":0,"gold_gain":0,"player_choice":"Obtain J.A.X.","damage_taken":0,"max_hp_gain":0,"max_hp_loss":0,"event_name":"Drug Dealer","floor":20,"gold_loss":0,"cards_obtained":["J.A.X."]},{"damage_healed":0,"gold_gain":0,"player_choice":"Simplicity","damage_taken":0,"max_hp_gain":0,"max_hp_loss":0,"event_name":"Back to Basics","floor":21,"gold_loss":0,"cards_upgraded":["Strike_G","Strike_G","Strike_G","Defend_G","Defend_G","Defend_G","Defend_G"]},{"damage_healed":0,"gold_gain":0,"player_choice":"Joined the Cult","damage_taken":6,"max_hp_gain":0,"max_hp_loss":0,"event_name":"Nest","floor":22,"gold_loss":0,"cards_obtained":["RitualDagger"]}],"is_beta":false,"boss_relics":[{"not_picked":["White Beast Statue","HoveringKite"],"picked":"Runic Dome"}],"items_purged_floors":[3,5],"is_endless":false,"potions_floor_spawned":[6,10,11,13,16,29],"killed_by":"Champ","ascension_level":20}