{"gold_per_floor":[112,112,125,125,125,125,168,168,168,193,268,268,293,318,318,318],"floor_reached":16,"playtime":415,"items_purged":[],"score":196,"play_id":"58145578-b413-4980-8d38-71a60309e69a","local_time":"20190712183458","is_ascension_mode":true,"campfire_choices":[{"data":"Noxious Fumes","floor":6,"key":"SMITH"},{"data":"Neutralize","floor":8,"key":"SMITH"},{"floor":12,"key":"REST"},{"floor":15,"key":"REST"}],"neow_cost":"TEN_PERCENT_HP_LOSS","seed_source_timestamp":99251321801800,"circlet_count":0,"master_deck":["AscendersBane","Strike_G","Strike_G","Strike_G","Strike_G","Defend_G","Defend_G","Defend_G","Defend_G","Defend_G","Survivor","Neutralize+1","Dash","Noxious Fumes+1","Predator","Backflip","Catalyst"],"relics":["Ring of the Snake","Prayer Wheel","Golden Idol","Gremlin Horn","Happy Flower","Odd Mushroom"],"potions_floor_usage":[7,16],"damage_taken":[{"damage":0,"enemies":"Cultist","floor":1,"turns":4},{"damage":0,"enemies":"2 Louse","floor":3,"turns":4},{"damage":20,"enemies":"Lagavulin","floor":7,"turns":6},{"damage":0,"enemies":"Small Slimes","floor":10,"turns":2},{"damage":0,"enemies":"Blue Slaver","floor":13,"turns":4},{"damage":22,"enemies":"The Mushroom Lair","floor":14,"turns":6},{"damage":6,"enemies":"Slime Boss","floor":16,"turns":6}],"seed_played":"-9094489853524607807","potions_obtained":[{"floor":3,"key":"Swift Potion"},{"floor":14,"key":"EssenceOfSteel"}],"is_trial":false,"path_per_floor":["M","?","M","?","?","R","E","R","T","M","?","R","M","?","R","B"],"character_chosen":"THE_SILENT","items_purchased":[],"campfire_rested":2,"item_purchase_floors":[],"current_hp_per_floor":[59,38,38,38,38,38,18,18,18,18,7,25,25,3,21,15],"gold":318,"neow_bonus":"ONE_RARE_RELIC","is_prod":false,"is_daily":false,"chose_seed":false,"campfire_upgraded":2,"win_rate":0,"timestamp":1562924098,"path_taken":["M","?","M","?","?","R","E","R","T","M","?","R","?","?","R","BOSS"],"build_version":"2019-07-05","purchased_purges":0,"victory":false,"max_hp_per_floor":[60,60,60,60,60,60,60,60,60,60,60,60,60,60,60,60],"card_choices":[{"not_picked":["Underhanded Strike","Deflect"],"picked":"Dash","floor":1},{"not_picked":["Sucker Punch","Endless Agony","Outmaneuver"],"picked":"SKIP","floor":1},{"not_picked":["Dodge and Roll","Calculated Gamble"],"picked":"Noxious Fumes","floor":3},{"not_picked":["Underhanded Strike","Outmaneuver"],"picked":"Predator","floor":3},{"not_picked":["PiercingWail","Dagger Throw"],"picked":"Backflip","floor":7},{"not_picked":["All Out Attack","Poisoned Stab"],"picked":"Catalyst","floor":10},{"not_picked":["Dodge and Roll","Slice","Dagger Throw"],"picked":"SKIP","floor":10},{"not_picked":["Acrobatics","Riddle With Holes","Flying Knee"],"picked":"SKIP","floor":13},{"not_picked":["Poisoned Stab","Slice","Heel Hook"],"picked":"SKIP","floor":13}],"player_experience":995961,"relics_obtained":[{"floor":7,"key":"Gremlin Horn"},{"floor":9,"key":"Happy Flower"},{"floor":14,"key":"Odd Mushroom"}],"event_choices":[{"damage_healed":0,"gold_gain":0,"player_choice":"Take Damage","damage_taken":21,"relics_obtained":["Golden Idol"],"max_hp_gain":0,"max_hp_loss":0,"event_name":"Golden Idol","floor":2,"gold_loss":0},{"cards_removed":["Strike_G"],"damage_healed":0,"gold_gain":0,"player_choice":"Forget","damage_taken":0,"max_hp_gain":0,"max_hp_loss":0,"event_name":"Living Wall","floor":4,"gold_loss":0},{"damage_healed":0,"gold_gain":0,"player_choice":"Ignored","damage_taken":0,"max_hp_gain":0,"max_hp_loss":0,"event_name":"Liars Game","floor":5,"gold_loss":0},{"damage_healed":0,"gold_gain":75,"player_choice":"Gather Gold","damage_taken":11,"max_hp_gain":0,"max_hp_loss":0,"event_name":"World of Goop","floor":11,"gold_loss":0},{"damage_healed":0,"gold_gain":0,"player_choice":"Fought Mushrooms","damage_taken":0,"max_hp_gain":0,"max_hp_loss":0,"event_name":"Mushrooms","floor":14,"gold_loss":0}],"is_beta":false,"boss_relics":[],"items_purged_floors":[],"is_endless":false,"potions_floor_spawned":[3,14],"killed_by":"Slime Boss","ascension_level":20}