{"gold_per_floor":[19,19,36,36,52,52,79,79,106,106,132,132,151,167,167,246,246,264,277,49,49],"floor_reached":21,"playtime":603,"items_purged":["Streamline"],"score":378,"play_id":"290ac4eb-8a47-49b8-90f8-9b50a6c6c875","local_time":"20190730175113","is_ascension_mode":true,"campfire_choices":[{"data":"Loop","floor":6,"key":"SMITH"},{"data":"Genetic Algorithm","floor":8,"key":"SMITH"},{"floor":12,"key":"REST"},{"floor":15,"key":"REST"}],"neow_cost":"NO_GOLD","seed_source_timestamp":958938935009000,"circlet_count":0,"master_deck":["AscendersBane","Zap+1","Dualcast+1","Core Surge","Genetic Algorithm+1","Loop+1","Echo Form","Genetic Algorithm","Ball Lightning","Seek","Capacitor","White Noise","Reboot","White Noise","Stack","Biased Cognition","Conserve Battery+1","Coolheaded","Finesse"],"relics":["Cracked Core","War Paint","Bag of Preparation","Bottled Tornado","Pandora\u0027s Box"],"potions_floor_usage":[7,7,16],"damage_taken":[{"damage":1,"enemies":"Cultist","floor":1,"turns":3},{"damage":7,"enemies":"Jaw Worm","floor":3,"turns":3},{"damage":11,"enemies":"Small Slimes","floor":5,"turns":3},{"damage":27,"enemies":"Gremlin Nob","floor":7,"turns":4},{"damage":14,"enemies":"Lagavulin","floor":11,"turns":6},{"damage":14,"enemies":"Red Slaver","floor":13,"turns":2},{"damage":12,"enemies":"2 Fungi Beasts","floor":14,"turns":3},{"damage":25,"enemies":"The Guardian","floor":16,"turns":10},{"damage":26,"enemies":"2 Thieves","floor":18,"turns":3},{"damage":18,"enemies":"Chosen","floor":19,"turns":4},{"damage":0,"enemies":"Snecko","floor":21,"turns":3}],"seed_played":"-3124308708439371349","potions_obtained":[{"floor":1,"key":"LiquidBronze"},{"floor":3,"key":"Regen Potion"},{"floor":7,"key":"Strength Potion"}],"is_trial":false,"path_per_floor":["M","$","M","$","M","R","E","R","T","?","E","R","M","M","R","B",null,"M","M","$","M"],"character_chosen":"DEFECT","items_purchased":["Coolheaded","Finesse"],"campfire_rested":2,"item_purchase_floors":[20,20],"current_hp_per_floor":[63,63,56,56,45,45,30,30,30,30,16,37,23,11,32,7,55,29,11,11,11],"gold":49,"neow_bonus":"THREE_RARE_CARDS","is_prod":false,"is_daily":false,"chose_seed":false,"campfire_upgraded":2,"win_rate":0,"timestamp":1564476673,"path_taken":["M","$","M","?","M","R","E","R","T","?","E","R","M","M","R","BOSS","M","M","$","?"],"build_version":"2019-07-17","purchased_purges":1,"victory":false,"max_hp_per_floor":[71,71,71,71,71,71,71,71,71,71,71,71,71,71,71,71,71,71,71,71,71],"card_choices":[{"not_picked":["Thunder Strike","Reboot"],"picked":"Core Surge","floor":0},{"not_picked":["Steam","Steam Power","Chaos"],"picked":"SKIP","floor":1},{"not_picked":["Compile Driver","Steam"],"picked":"Genetic Algorithm","floor":3},{"not_picked":["Gash","Storm"],"picked":"Loop","floor":5},{"not_picked":["Ball Lightning","Fusion"],"picked":"Echo Form","floor":7},{"not_picked":["Conserve Battery","Hologram","Leap"],"picked":"SKIP","floor":11},{"not_picked":["Conserve Battery","Hologram","Leap"],"picked":"SKIP","floor":11},{"not_picked":["Fusion","Barrage","Go for the Eyes"],"picked":"SKIP","floor":13},{"not_picked":["Barrage","Redo"],"picked":"Ball Lightning","floor":14},{"not_picked":["Machine Learning","Core Surge"],"picked":"Seek","floor":16},{"not_picked":["Beam Cell","Chaos","Aggregate"],"picked":"SKIP","floor":18},{"not_picked":["Consume","Doom and Gloom"],"picked":"Conserve Battery+1","floor":19}],"player_experience":1300913,"relics_obtained":[{"floor":7,"key":"War Paint"},{"floor":9,"key":"Bag of Preparation"},{"floor":11,"key":"Bottled Tornado"}],"event_choices":[{"damage_healed":0,"gold_gain":0,"cards_transformed":["Strike_B"],"player_choice":"Transformed","damage_taken":0,"max_hp_gain":0,"max_hp_loss":0,"event_name":"Transmorgrifier","floor":10,"gold_loss":0,"cards_obtained":["Genetic Algorithm"]}],"is_beta":false,"boss_relics":[{"not_picked":["Runic Dome","Cursed Key"],"picked":"Pandora\u0027s Box"}],"items_purged_floors":[20],"is_endless":false,"potions_floor_spawned":[1,3,7],"killed_by":"Snecko","ascension_level":20}