{"gold_per_floor":[110,110,7,7,7,7,23,23,323,346,346,346],"floor_reached":12,"playtime":206,"items_purged":[],"score":136,"play_id":"f90ad937-3bff-4ae0-ba10-7eae71d7fbd4","local_time":"20190722150243","is_ascension_mode":true,"campfire_choices":[{"data":"Bludgeon","floor":6,"key":"SMITH"},{"data":"Armaments","floor":8,"key":"SMITH"}],"neow_cost":"CURSE","seed_source_timestamp":258016878294300,"circlet_count":0,"master_deck":["AscendersBane","Strike_R","Strike_R","Strike_R","Defend_R","Defend_R","Defend_R","Defend_R","Bash","Injury","Bludgeon+1","Barricade","True Grit","Evolve","Armaments+1","Shockwave"],"relics":["Burning Blood","Blood Vial","Golden Idol","Old Coin"],"potions_floor_usage":[11,12],"damage_taken":[{"damage":25,"enemies":"Small Slimes","floor":1,"turns":4},{"damage":5,"enemies":"2 Louse","floor":7,"turns":4},{"damage":0,"enemies":"Cultist","floor":10,"turns":2},{"damage":0,"enemies":"Exordium Thugs","floor":11,"turns":1},{"damage":32,"enemies":"Gremlin Nob","floor":12,"turns":4}],"seed_played":"-2488867705682439374","potions_obtained":[{"floor":5,"key":"SmokeBomb"},{"floor":5,"key":"SkillPotion"}],"is_trial":false,"path_per_floor":["M","?","$","?","?","R","M","R","T","M","M","E"],"character_chosen":"IRONCLAD","items_purchased":["Evolve","Armaments"],"campfire_rested":0,"item_purchase_floors":[3,3],"current_hp_per_floor":[49,44,44,18,18,18,21,21,21,29,37,7],"gold":346,"neow_bonus":"TRANSFORM_TWO_CARDS","is_prod":false,"is_daily":false,"chose_seed":false,"campfire_upgraded":2,"win_rate":0,"timestamp":1563775363,"path_taken":["M","?","$","?","?","R","?","R","T","M","M","E"],"build_version":"2019-07-17","purchased_purges":0,"victory":false,"max_hp_per_floor":[75,75,75,75,75,75,75,75,75,75,75,75],"card_choices":[{"not_picked":["Uppercut","Cleave"],"picked":"True Grit","floor":1},{"not_picked":["Clothesline","Rupture","Iron Wave"],"picked":"SKIP","floor":7},{"not_picked":["Headbutt","True Grit"],"picked":"Shockwave","floor":10}],"player_experience":1123085,"relics_obtained":[{"floor":9,"key":"Old Coin"}],"event_choices":[{"damage_healed":0,"gold_gain":0,"player_choice":"Success","damage_taken":5,"relics_obtained":["Blood Vial"],"max_hp_gain":0,"max_hp_loss":0,"event_name":"Scrap Ooze","floor":2,"gold_loss":0},{"damage_healed":0,"gold_gain":0,"player_choice":"Take Damage","damage_taken":26,"relics_obtained":["Golden Idol"],"max_hp_gain":0,"max_hp_loss":0,"event_name":"Golden Idol","floor":4,"gold_loss":0},{"damage_healed":0,"gold_gain":0,"player_choice":"Got Potions","damage_taken":0,"max_hp_gain":0,"max_hp_loss":0,"event_name":"Lab","floor":5,"gold_loss":0}],"is_beta":false,"boss_relics":[],"items_purged_floors":[],"is_endless":false,"potions_floor_spawned":[7],"killed_by":"Gremlin Nob","ascension_level":20}