{"gold_per_floor":[367,386,406,419,14,14,189,189,189,199,232,242,268,268,268,370,370,390,402,418,14,34,34,59,79,109,122,122,50,67,90,90,90],"floor_reached":33,"playtime":2122,"items_purged":[],"score":490,"play_id":"dcd5cbc0-f3a7-418f-b033-3f297a7a7c34","local_time":"20190706110325","is_ascension_mode":true,"campfire_choices":[{"floor":6.0,"key":"REST"},{"data":"Backstab","floor":8.0,"key":"SMITH"},{"floor":15.0,"key":"REST"},{"floor":23.0,"key":"REST"},{"data":"Reflex","floor":32.0,"key":"SMITH"}],"neow_cost":"PERCENT_DAMAGE","seed_source_timestamp":0,"circlet_count":0,"master_deck":["AscendersBane","Strike_G","Strike_G","Strike_G","Strike_G","Defend_G+1","Defend_G","Defend_G+1","Defend_G","Survivor","Neutralize","Backstab+1","Flying Knee","Predator","Flying Knee","Acrobatics","Quick Slash","Outmaneuver","Corpse Explosion","Deflect+1","Choke+1","Glass Knife+1","Underhanded Strike","Quick Slash","Reflex+1","Masterful Stab","Flash of Steel","Crippling Poison","Dagger Throw","Backflip","Tactician","Tactician","Dagger Throw"],"special_seed":0,"relics":["Ring of the Snake","Oddly Smooth Stone","Anchor","Ancient Tea Set","Darkstone Periapt","Bag of Marbles","Astrolabe","HandDrill","Pantograph","Tiny Chest","War Paint"],"potions_floor_usage":[],"damage_taken":[{"damage":0.0,"enemies":"Small Slimes","floor":1.0,"turns":4.0},{"damage":0.0,"enemies":"Jaw Worm","floor":2.0,"turns":4.0},{"damage":0.0,"enemies":"Cultist","floor":3.0,"turns":3.0},{"damage":7.0,"enemies":"Exordium Wildlife","floor":4.0,"turns":5.0},{"damage":0.0,"enemies":"Large Slime","floor":10.0,"turns":5.0},{"damage":0.0,"enemies":"Gremlin Nob","floor":11.0,"turns":3.0},{"damage":0.0,"enemies":"2 Fungi Beasts","floor":12.0,"turns":2.0},{"damage":15.0,"enemies":"Lagavulin","floor":13.0,"turns":5.0},{"damage":24.0,"enemies":"Slime Boss","floor":16.0,"turns":11.0},{"damage":0.0,"enemies":"3 Byrds","floor":18.0,"turns":1.0},{"damage":0.0,"enemies":"Spheric Guardian","floor":19.0,"turns":3.0},{"damage":0.0,"enemies":"Shelled Parasite and Fungi","floor":20.0,"turns":3.0},{"damage":46.0,"enemies":"Sentry and Sphere","floor":22.0,"turns":6.0},{"damage":16.0,"enemies":"Gremlin Leader","floor":24.0,"turns":3.0},{"damage":15.0,"enemies":"Cultist and Chosen","floor":25.0,"turns":6.0},{"damage":0.0,"enemies":"Centurion and Healer","floor":27.0,"turns":4.0},{"damage":8.0,"enemies":"Snake Plant","floor":30.0,"turns":4.0},{"damage":70,"enemies":"Automaton","floor":33,"turns":8}],"seed_played":"-6657994686827101329","potions_obtained":[{"floor":1.0,"key":"Energy Potion"},{"floor":2.0,"key":"Poison Potion"},{"floor":4.0,"key":"SteroidPotion"},{"floor":11.0,"key":"Fire Potion"},{"floor":13.0,"key":"Energy Potion"},{"floor":16.0,"key":"Dexterity Potion"},{"floor":20.0,"key":"Dexterity Potion"},{"floor":24.0,"key":"Ancient Potion"},{"floor":25.0,"key":"PowerPotion"}],"is_trial":false,"path_per_floor":["M","M","M","M","$","R","?","R","T","M","E","M","E","?","R","B",null,"M","M","M","$","M","R","E","M","T","M","?","$","M","T","R","B"],"character_chosen":"THE_SILENT","items_purchased":["Oddly Smooth Stone","Anchor","Flying Knee","SkillPotion","HandDrill","Masterful Stab","Flash of Steel","Crippling Poison","Tactician"],"campfire_rested":3,"item_purchase_floors":[5,5,5,5,21,21,21,21,29],"current_hp_per_floor":[45,45,45,38,38,59,59,59,59,59,59,59,44,37,58,34,61,61,61,61,61,15,36,20,5,5,5,70,70,62,62,62,0],"gold":90,"neow_bonus":"TWO_FIFTY_GOLD","is_prod":false,"is_daily":false,"chose_seed":false,"campfire_upgraded":2,"win_rate":0,"timestamp":1562400205,"path_taken":["M","M","M","M","$","R","?","R","T","M","E","M","E","?","R","BOSS","M","M","M","$","M","R","E","M","T","M","?","$","?","?","R","BOSS"],"build_version":"2019-07-05","purchased_purges":0,"victory":false,"max_hp_per_floor":[70,70,70,70,70,70,70,70,70,70,70,70,70,70,70,70,70,70,70,70,70,70,70,70,70,70,70,70,70,70,70,70,70],"card_choices":[{"not_picked":["Reflex","Dagger Throw"],"picked":"Backstab","floor":1.0},{"not_picked":["Accuracy","Skewer"],"picked":"Flying Knee","floor":2.0},{"not_picked":["Footwork","Leg Sweep"],"picked":"Calculated Gamble","floor":3.0},{"not_picked":["Backflip","Slice"],"picked":"Predator","floor":4.0},{"not_picked":["Backflip","Expertise"],"picked":"Acrobatics","floor":10.0},{"not_picked":["Choke","Deflect"],"picked":"Quick Slash","floor":11.0},{"not_picked":["Sucker Punch","Bane","PiercingWail"],"picked":"SKIP","floor":12.0},{"not_picked":["Backflip","Burst"],"picked":"Outmaneuver","floor":13.0},{"not_picked":["Grand Finale","Night Terror"],"picked":"Corpse Explosion","floor":16.0},{"not_picked":["Bane","Outmaneuver"],"picked":"Underhanded Strike","floor":18.0},{"not_picked":["PiercingWail","Sucker Punch"],"picked":"Quick Slash","floor":19.0},{"not_picked":["Outmaneuver","Prepared"],"picked":"Reflex","floor":20.0},{"not_picked":["Acrobatics+1","Die Die Die"],"picked":"Dagger Throw","floor":22.0},{"not_picked":["Sucker Punch","Dagger Throw"],"picked":"Backflip","floor":24.0},{"not_picked":["Flechettes","Outmaneuver"],"picked":"Tactician","floor":25.0},{"not_picked":["Accuracy","Infinite Blades"],"picked":"Bouncing Flask","floor":27.0},{"not_picked":["Sucker Punch","Riddle With Holes"],"picked":"Dagger Throw","floor":30.0}],"player_experience":1596630,"relics_obtained":[{"floor":9.0,"key":"Ancient Tea Set"},{"floor":11.0,"key":"Darkstone Periapt"},{"floor":13.0,"key":"Bag of Marbles"},{"floor":24.0,"key":"Pantograph"},{"floor":26.0,"key":"Tiny Chest"},{"floor":31.0,"key":"War Paint"}],"event_choices":[{"damage_healed":0.0,"max_hp_gain":0.0,"max_hp_loss":0.0,"gold_gain":175.0,"event_name":"Liars Game","player_choice":"AGREE","floor":7.0,"gold_loss":0.0,"damage_taken":0.0,"cards_obtained":["Doubt"]},{"cards_removed":["Doubt"],"damage_healed":0.0,"max_hp_gain":0.0,"max_hp_loss":0.0,"gold_gain":0.0,"event_name":"Golden Wing","player_choice":"Card Removal","floor":14.0,"gold_loss":0.0,"damage_taken":7.0},{"cards_removed":["Bouncing Flask"],"damage_healed":65.0,"max_hp_gain":0.0,"max_hp_loss":0.0,"gold_gain":0.0,"event_name":"Bonfire Elementals","player_choice":"Offered Uncommon","floor":28.0,"gold_loss":0.0,"damage_taken":0.0}],"is_beta":false,"boss_relics":[{"not_picked":["Empty Cage","Snecko Eye"],"picked":"Astrolabe"}],"items_purged_floors":[],"is_endless":false,"potions_floor_spawned":[1,2,4,11,13,16,20,24,25],"killed_by":"Automaton","ascension_level":12}