{"gold_per_floor":[111,36,36,36,48,79,34,69,96,96,128,128,143,156,156,233,233,253,96,146,164,180,180,180],"floor_reached":24,"playtime":695,"items_purged":["Strike_B","Strike_B"],"score":478,"play_id":"e35f0cc6-5cd4-4176-bf2e-8fb5d98eb958","local_time":"20190612125327","is_ascension_mode":true,"campfire_choices":[{"data":"Metamorphosis","floor":10,"key":"SMITH"},{"floor":12,"key":"DIG"},{"floor":15,"key":"DIG"},{"floor":23,"key":"REST"}],"neow_cost":"TEN_PERCENT_HP_LOSS","seed_source_timestamp":341935123300900,"circlet_count":0,"master_deck":["AscendersBane","Strike_B","Defend_B","Defend_B","Defend_B","Defend_B","Zap","Dualcast","Purity","Metamorphosis+1","Darkness","All For One","Ball Lightning","Glacier","Turbo","White Noise","Core Surge","Loop","Coolheaded","Consume","BootSequence"],"relics":["Cracked Core","PreservedInsect","Mercury Hourglass","Shovel","Art of War","Centennial Puzzle","Dream Catcher","Prayer Wheel","Inserter"],"potions_floor_usage":[8,16,22],"damage_taken":[{"damage":7,"enemies":"Jaw Worm","floor":1,"turns":4},{"damage":10,"enemies":"Small Slimes","floor":5,"turns":3},{"damage":10,"enemies":"Lagavulin","floor":6,"turns":5},{"damage":0,"enemies":"Gremlin Nob","floor":8,"turns":3},{"damage":15,"enemies":"3 Sentries","floor":11,"turns":3},{"damage":0,"enemies":"Cultist","floor":13,"turns":3},{"damage":1,"enemies":"Looter","floor":14,"turns":2},{"damage":3,"enemies":"Hexaghost","floor":16,"turns":7},{"damage":23,"enemies":"3 Byrds","floor":18,"turns":4},{"damage":21,"enemies":"Shell Parasite","floor":21,"turns":3},{"damage":8,"enemies":"Cultist and Chosen","floor":22,"turns":3},{"damage":20,"enemies":"Slavers","floor":24,"turns":1}],"seed_played":"7195699252667503778","potions_obtained":[{"floor":1,"key":"Regen Potion"},{"floor":6,"key":"PowerPotion"},{"floor":11,"key":"Weak Potion"},{"floor":16,"key":"Strength Potion"},{"floor":22,"key":"Energy Potion"}],"is_trial":false,"path_per_floor":["M","$","?","?","M","E","$","E","T","R","E","R","M","M","R","B",null,"M","$","?","M","M","R","E"],"character_chosen":"DEFECT","items_purchased":["Glacier","Fire Potion"],"campfire_rested":1,"item_purchase_floors":[7,19],"current_hp_per_floor":[57,57,57,57,47,37,37,37,37,37,22,22,22,21,21,18,53,30,30,30,9,1,20,0],"gold":180,"neow_bonus":"RANDOM_COLORLESS_2","is_prod":false,"is_daily":false,"chose_seed":false,"campfire_upgraded":1,"win_rate":0,"timestamp":1560311607,"path_taken":["M","$","?","?","?","E","$","E","T","R","E","R","M","M","R","BOSS","M","$","?","M","M","R","E"],"build_version":"2019-01-23","purchased_purges":2,"victory":false,"max_hp_per_floor":[64,64,64,64,64,64,64,64,64,64,64,64,64,64,64,64,64,64,64,64,64,64,64,64],"card_choices":[{"not_picked":["Streamline","Force Field"],"picked":"Darkness","floor":1},{"not_picked":["Static Discharge","BootSequence"],"picked":"Ball Lightning","floor":5},{"not_picked":["Compile Driver","Redo","All For One"],"picked":"SKIP","floor":6},{"not_picked":["Leap","Steam","Reprogram"],"picked":"SKIP","floor":8},{"not_picked":["Blizzard","Leap"],"picked":"Turbo","floor":11},{"not_picked":["Tempest","Fusion","Ball Lightning"],"picked":"SKIP","floor":13},{"not_picked":["Force Field","Hologram"],"picked":"White Noise","floor":14},{"not_picked":["Reboot","Fission"],"picked":"Core Surge","floor":16},{"not_picked":["Compile Driver","Reprogram","Rebound"],"picked":"SKIP","floor":18},{"not_picked":["Sweeping Beam","Beam Cell","Doom and Gloom"],"picked":"SKIP","floor":18},{"not_picked":["Stack","Redo+1"],"picked":"Loop","floor":21},{"not_picked":["Barrage+1","Rip and Tear"],"picked":"Coolheaded","floor":21},{"not_picked":["Chaos","Ball Lightning"],"picked":"Consume","floor":22},{"not_picked":["Streamline","Turbo"],"picked":"BootSequence","floor":22}],"player_experience":600569,"relics_obtained":[{"floor":6,"key":"Mercury Hourglass"},{"floor":8,"key":"Shovel"},{"floor":9,"key":"Art of War"},{"floor":11,"key":"Centennial Puzzle"},{"floor":12,"key":"Dream Catcher"},{"floor":15,"key":"Prayer Wheel"}],"event_choices":[{"damage_healed":0,"gold_gain":0,"cards_transformed":["Strike_B"],"player_choice":"Change","damage_taken":0,"max_hp_gain":0,"max_hp_loss":0,"event_name":"Living Wall","floor":3,"gold_loss":0,"cards_obtained":["All For One"]},{"damage_healed":0,"gold_gain":0,"player_choice":"Gave Potion","damage_taken":0,"relics_obtained":["PreservedInsect"],"max_hp_gain":0,"max_hp_loss":0,"event_name":"WeMeetAgain","floor":4,"gold_loss":0},{"damage_healed":0,"gold_gain":50,"player_choice":"Stole From Cult","damage_taken":0,"max_hp_gain":0,"max_hp_loss":0,"event_name":"Nest","floor":20,"gold_loss":0}],"is_beta":false,"boss_relics":[{"not_picked":["Cursed Key","Black Star"],"picked":"Inserter"}],"items_purged_floors":[2,19],"is_endless":false,"potions_floor_spawned":[1,6,11,16,22],"killed_by":"Slavers","ascension_level":20}