{"gold_per_floor":[119,119,119,119,135,135,168,168,168,168,15,33,33,63,63,141,141,158,208,208,40,140,140,152,152,221,255,255,265,296,325,325,325],"floor_reached":33,"playtime":1032,"items_purged":["Strike_R"],"score":624,"play_id":"8eb827c9-2eb3-4660-82a8-f87842938b90","local_time":"20190611231207","is_ascension_mode":true,"campfire_choices":[{"data":"Bash","floor":6,"key":"SMITH"},{"data":"Sword Boomerang","floor":8,"key":"SMITH"},{"data":"Feel No Pain","floor":10,"key":"SMITH"},{"data":"Shockwave","floor":13,"key":"SMITH"},{"data":"Anger","floor":15,"key":"SMITH"},{"data":"Corruption","floor":23,"key":"SMITH"},{"data":"Feel No Pain","floor":28,"key":"SMITH"},{"data":"Entrench","floor":32,"key":"SMITH"}],"neow_cost":"NONE","seed_source_timestamp":292318811117800,"circlet_count":0,"master_deck":["AscendersBane","Strike_R+1","Strike_R+1","Defend_R+1","Defend_R+1","Defend_R+1","Defend_R+1","Bash+1","Sword Boomerang+1","Rupture","Feel No Pain+1","Feel No Pain+1","Shockwave+1","Anger+1","Offering","Flame Barrier","Corruption+1","Spot Weakness","Limit Break","Entrench+1","Heavy Blade","Barricade"],"relics":["Burning Blood","NeowsBlessing","Boot","Vajra","Bag of Marbles","Juzu Bracelet","White Beast Statue","PreservedInsect","Bird Faced Urn","Kunai","Ornamental Fan","Champion Belt","Red Mask","FossilizedHelix"],"potions_floor_usage":[18,22,33,33],"damage_taken":[{"damage":0,"enemies":"2 Louse","floor":1,"turns":2},{"damage":0,"enemies":"Small Slimes","floor":5,"turns":1},{"damage":0,"enemies":"Gremlin Nob","floor":7,"turns":1},{"damage":2,"enemies":"Jaw Worm","floor":12,"turns":2},{"damage":11,"enemies":"3 Sentries","floor":14,"turns":16},{"damage":43,"enemies":"Slime Boss","floor":16,"turns":10},{"damage":18,"enemies":"3 Byrds","floor":18,"turns":5},{"damage":26,"enemies":"Colosseum Slavers","floor":22,"turns":5},{"damage":6,"enemies":"Colosseum Nobs","floor":22,"turns":4},{"damage":2,"enemies":"Spheric Guardian","floor":24,"turns":5},{"damage":22,"enemies":"Gremlin Leader","floor":27,"turns":6},{"damage":0,"enemies":"Snecko","floor":29,"turns":6},{"damage":21,"enemies":"Masked Bandits","floor":30,"turns":5},{"damage":8,"enemies":"Book of Stabbing","floor":31,"turns":4},{"damage":43,"enemies":"Collector","floor":33,"turns":5}],"seed_played":"-7975585328639843177","potions_obtained":[{"floor":14,"key":"AttackPotion"},{"floor":18,"key":"Poison Potion"},{"floor":22,"key":"Dexterity Potion"},{"floor":24,"key":"FairyPotion"},{"floor":30,"key":"Strength Potion"}],"is_trial":false,"path_per_floor":["M","?","?","?","M","R","E","R","T","R","$","M","R","E","R","B",null,"M","?","?","$","?","R","M","?","T","E","R","M","?","E","R","B"],"character_chosen":"IRONCLAD","items_purchased":["Feel No Pain","PreservedInsect"],"campfire_rested":0,"item_purchase_floors":[11,21],"current_hp_per_floor":[74,67,67,62,68,68,74,74,74,74,74,75,75,70,70,33,65,53,53,53,53,33,33,45,45,45,37,37,51,42,48,48,11],"gold":325,"neow_bonus":"THREE_ENEMY_KILL","is_prod":false,"is_daily":false,"chose_seed":false,"campfire_upgraded":8,"win_rate":0,"timestamp":1560262327,"path_taken":["M","?","?","?","M","R","E","R","T","R","?","M","R","E","R","BOSS","M","?","?","$","?","R","M","?","T","E","R","M","?","E","R","BOSS"],"build_version":"2019-01-23","purchased_purges":1,"victory":false,"max_hp_per_floor":[75,75,75,75,75,75,75,75,75,75,75,75,75,75,75,75,75,75,75,75,75,75,75,75,75,75,75,75,75,75,75,75,75],"card_choices":[{"not_picked":["Body Slam","Warcry"],"picked":"Sword Boomerang","floor":1},{"not_picked":["Havoc","Perfected Strike"],"picked":"Feel No Pain","floor":5},{"not_picked":["Wild Strike","Heavy Blade","Warcry"],"picked":"SKIP","floor":7},{"not_picked":["Twin Strike","Searing Blow"],"picked":"Shockwave","floor":12},{"not_picked":["Wild Strike","Fire Breathing"],"picked":"Anger","floor":14},{"not_picked":["Barricade","Reaper"],"picked":"Offering","floor":16},{"not_picked":["Hemokinesis+1","Warcry"],"picked":"Flame Barrier","floor":18},{"not_picked":["Evolve+1","Perfected Strike"],"picked":"Corruption","floor":22},{"not_picked":["Anger","Carnage"],"picked":"Spot Weakness","floor":24},{"not_picked":["Rage","Exhume"],"picked":"Limit Break","floor":27},{"not_picked":["Rampage","Anger"],"picked":"Entrench","floor":29},{"not_picked":["Warcry","Evolve"],"picked":"Heavy Blade","floor":30},{"not_picked":["Warcry","Dual Wield"],"picked":"Barricade","floor":31}],"player_experience":592080,"relics_obtained":[{"floor":7,"key":"Vajra"},{"floor":9,"key":"Bag of Marbles"},{"floor":14,"key":"Juzu Bracelet"},{"floor":22,"key":"Bird Faced Urn"},{"floor":22,"key":"Kunai"},{"floor":26,"key":"Ornamental Fan"},{"floor":27,"key":"Champion Belt"},{"floor":30,"key":"Red Mask"},{"floor":31,"key":"FossilizedHelix"}],"event_choices":[{"cards_removed":["Strike_R"],"damage_healed":0,"gold_gain":0,"player_choice":"Card Removal","damage_taken":7,"max_hp_gain":0,"max_hp_loss":0,"event_name":"Golden Wing","floor":2,"gold_loss":0},{"damage_healed":0,"gold_gain":0,"cards_transformed":["Strike_R"],"player_choice":"Change","damage_taken":0,"max_hp_gain":0,"max_hp_loss":0,"event_name":"Living Wall","floor":3,"gold_loss":0,"cards_obtained":["Rupture"]},{"damage_healed":0,"gold_gain":0,"player_choice":"Success","damage_taken":5,"relics_obtained":["Boot"],"max_hp_gain":0,"max_hp_loss":0,"event_name":"Scrap Ooze","floor":4,"gold_loss":0},{"damage_healed":0,"gold_gain":50,"player_choice":"Stole From Cult","damage_taken":0,"max_hp_gain":0,"max_hp_loss":0,"event_name":"Nest","floor":19,"gold_loss":0},{"damage_healed":0,"gold_gain":0,"player_choice":"Simplicity","damage_taken":0,"max_hp_gain":0,"max_hp_loss":0,"event_name":"Back to Basics","floor":20,"gold_loss":0,"cards_upgraded":["Strike_R","Strike_R","Defend_R","Defend_R","Defend_R","Defend_R"]},{"damage_healed":0,"gold_gain":0,"player_choice":"Fight","damage_taken":0,"max_hp_gain":0,"max_hp_loss":0,"event_name":"Colosseum","floor":22,"gold_loss":0},{"damage_healed":0,"gold_gain":0,"player_choice":"Fought Nobs","damage_taken":0,"max_hp_gain":0,"max_hp_loss":0,"event_name":"Colosseum","floor":22,"gold_loss":0},{"damage_healed":0,"gold_gain":0,"player_choice":"Ignored","damage_taken":0,"max_hp_gain":0,"max_hp_loss":0,"event_name":"Vampires","floor":25,"gold_loss":0},{"damage_healed":0,"gold_gain":0,"player_choice":"Fought Bandits","damage_taken":0,"max_hp_gain":0,"max_hp_loss":0,"event_name":"Masked Bandits","floor":30,"gold_loss":0}],"is_beta":false,"boss_relics":[{"not_picked":["Black Blood","Lizard Tail"],"picked":"White Beast Statue"}],"items_purged_floors":[11],"is_endless":false,"potions_floor_spawned":[14,18,22,22,24,27,29,30,31],"killed_by":"Collector","ascension_level":20}