{"gold_per_floor":[112,182,197,197,8,8,41,41,122,154,154,169,186,206,206,284,284,304,304,93,8,22,22,41,41,41,75,88,103,103,136,136,211,211,221,221,270,5,5,36,36,66,66,66,92,111,111,140,140,140,140,140,140,15,49,49],"floor_reached":57,"playtime":2455,"items_purged":["Strike_B","Defend_B","Ball Lightning"],"score":3628,"play_id":"31f38183-d713-49ea-959f-5d6dcc08de3a","local_time":"20190723235355","is_ascension_mode":true,"campfire_choices":[{"data":"Darkness","floor":6,"key":"SMITH"},{"data":"Self Repair","floor":8,"key":"SMITH"},{"data":"Zap","floor":11,"key":"SMITH"},{"data":"Recycle","floor":15,"key":"SMITH"},{"data":"Consume","floor":23,"key":"SMITH"},{"data":"Reboot","floor":30,"key":"SMITH"},{"data":"Blizzard","floor":32,"key":"SMITH"},{"data":"Defend_B","floor":41,"key":"PURGE"},{"data":"Zap+1","floor":44,"key":"PURGE"},{"floor":47,"key":"RECALL"},{"data":"Blizzard","floor":49,"key":"SMITH"},{"data":"Consume","floor":53,"key":"SMITH"}],"neow_cost":"NONE","seed_source_timestamp":374031654701900,"circlet_count":0,"master_deck":["AscendersBane","Defend_B","Defend_B","Dualcast","Darkness+1","Coolheaded","Self Repair+1","Cold Snap","Glacier","Recycle+1","Glacier","Seek","Conserve Battery+1","Consume+1","Reboot+1","Glacier","Chill","Skim","Blizzard+1","Echo Form","Hologram","Blizzard+1","Hologram","Hologram","Consume+1","Recycle"],"relics":["Cracked Core","NeowsBlessing","Letter Opener","Potion Belt","Mercury Hourglass","Prayer Wheel","Snecko Eye","Runic Capacitor","Bag of Marbles","FossilizedHelix","Emotion Chip","Torii","Empty Cage","Peace Pipe","DataDisk","Anchor","Bottled Lightning","Thread and Needle","Dodecahedron","Blood Vial"],"potions_floor_usage":[16,37,37,37,55,55,56,56],"damage_taken":[{"damage":0,"enemies":"Cultist","floor":1,"turns":1},{"damage":0,"enemies":"2 Louse","floor":3,"turns":1},{"damage":0,"enemies":"Lagavulin","floor":7,"turns":1},{"damage":18,"enemies":"3 Sentries","floor":10,"turns":4},{"damage":11,"enemies":"Small Slimes","floor":12,"turns":2},{"damage":9,"enemies":"2 Fungi Beasts","floor":13,"turns":3},{"damage":7,"enemies":"Exordium Wildlife","floor":14,"turns":3},{"damage":0,"enemies":"The Guardian","floor":16,"turns":10},{"damage":1,"enemies":"Spheric Guardian","floor":18,"turns":6},{"damage":0,"enemies":"Chosen","floor":22,"turns":3},{"damage":0,"enemies":"Sentry and Sphere","floor":24,"turns":4},{"damage":0,"enemies":"Book of Stabbing","floor":27,"turns":6},{"damage":0,"enemies":"Snecko","floor":28,"turns":4},{"damage":0,"enemies":"3 Cultists","floor":29,"turns":5},{"damage":0,"enemies":"Gremlin Leader","floor":31,"turns":8},{"damage":0,"enemies":"Collector","floor":33,"turns":9},{"damage":27,"enemies":"3 Darklings","floor":35,"turns":5},{"damage":35,"enemies":"2 Orb Walkers","floor":37,"turns":7},{"damage":0,"enemies":"Nemesis","floor":40,"turns":7},{"damage":0,"enemies":"Giant Head","floor":42,"turns":7},{"damage":0,"enemies":"Nemesis","floor":45,"turns":7},{"damage":0,"enemies":"Orb Walker","floor":46,"turns":3},{"damage":0,"enemies":"Giant Head","floor":48,"turns":8},{"damage":0,"enemies":"Donu and Deca","floor":50,"turns":8},{"damage":0,"enemies":"Time Eater","floor":51,"turns":12},{"damage":0,"enemies":"Shield and Spear","floor":55,"turns":6},{"damage":3,"enemies":"The Heart","floor":56,"turns":11}],"seed_played":"-8147559198775646023","potions_obtained":[{"floor":1,"key":"FocusPotion"},{"floor":4,"key":"FocusPotion"},{"floor":10,"key":"Block Potion"},{"floor":14,"key":"LiquidBronze"},{"floor":28,"key":"Regen Potion"},{"floor":29,"key":"GamblersBrew"},{"floor":37,"key":"AttackPotion"},{"floor":42,"key":"Weak Potion"},{"floor":46,"key":"Explosive Potion"}],"is_trial":false,"path_per_floor":["M","T","M","?","$","R","E","R","T","E","R","M","M","M","R","B",null,"M","?","$","?","M","R","M","?","T","E","M","M","R","E","R","B",null,"M","?","?","$","?","E","R","E","T","R","E","M","R","E","R","B","B",null,"R","$","E","B",null],"character_chosen":"DEFECT","items_purchased":["Coolheaded","Self Repair","Runic Capacitor","DataDisk"],"campfire_rested":0,"item_purchase_floors":[5,5,20,38],"current_hp_per_floor":[64,64,64,64,64,64,71,71,71,63,63,62,63,66,66,71,71,71,71,71,71,71,71,71,71,71,71,71,71,71,71,71,71,71,64,64,39,39,39,59,59,67,67,67,67,67,67,67,67,67,67,67,67,67,67,67],"gold":49,"neow_bonus":"THREE_ENEMY_KILL","is_prod":false,"is_daily":false,"chose_seed":false,"campfire_upgraded":9,"win_rate":0,"timestamp":1563893635,"path_taken":["M","?","?","?","$","R","E","R","T","E","R","M","M","?","R","BOSS","M","?","$","?","M","R","M","?","T","E","M","M","R","E","R","BOSS","M","?","?","$","?","E","R","E","T","R","E","M","R","E","R","BOSS","BOSS","R","$","E","BOSS"],"build_version":"2019-07-17","purchased_purges":3,"victory":true,"max_hp_per_floor":[71,71,71,71,71,71,71,71,71,71,71,71,71,71,71,71,71,71,71,71,71,71,71,71,71,71,71,71,71,71,71,71,71,71,71,67,67,67,67,67,67,67,67,67,67,67,67,67,67,67,67,67,67,67,67,67],"card_choices":[{"not_picked":["Storm","Steam"],"picked":"Darkness","floor":1},{"not_picked":["Steam","Beam Cell"],"picked":"Ball Lightning","floor":3},{"not_picked":["Double Energy","Compile Driver"],"picked":"Cold Snap","floor":7},{"not_picked":["Compile Driver","Stack"],"picked":"Glacier","floor":10},{"not_picked":["Conserve Battery","Coolheaded"],"picked":"Recycle","floor":12},{"not_picked":["Rebound","Compile Driver","Amplify"],"picked":"SKIP","floor":12},{"not_picked":["Redo","Rebound","Steam"],"picked":"SKIP","floor":13},{"not_picked":["FTL","Static Discharge","Leap"],"picked":"SKIP","floor":13},{"not_picked":["Redo","Rebound","Steam"],"picked":"SKIP","floor":13},{"not_picked":["FTL","Static Discharge","Leap"],"picked":"SKIP","floor":13},{"not_picked":["Beam Cell","Turbo"],"picked":"Glacier","floor":14},{"not_picked":["Heatsinks","Stack","Go for the Eyes"],"picked":"SKIP","floor":14},{"not_picked":["Thunder Strike","Machine Learning"],"picked":"Seek","floor":16},{"not_picked":["Go for the Eyes","Undo"],"picked":"Conserve Battery+1","floor":18},{"not_picked":["Sweeping Beam","Turbo+1","Leap+1"],"picked":"SKIP","floor":18},{"not_picked":["Cold Snap","Streamline"],"picked":"Reboot","floor":22},{"not_picked":["Undo","Stack+1","Gash"],"picked":"SKIP","floor":22},{"not_picked":["FTL","Leap"],"picked":"Glacier","floor":24},{"not_picked":["Compile Driver+1","Go for the Eyes","Redo+1"],"picked":"SKIP","floor":24},{"not_picked":["Heatsinks","Reinforced Body","Conserve Battery"],"picked":"SKIP","floor":27},{"not_picked":["BootSequence","Redo"],"picked":"Chill","floor":28},{"not_picked":["Compile Driver","Cold Snap","Auto Shields"],"picked":"SKIP","floor":28},{"not_picked":["Barrage","BootSequence"],"picked":"Skim","floor":29},{"not_picked":["Go for the Eyes","Conserve Battery","Cold Snap"],"picked":"SKIP","floor":29},{"not_picked":["BootSequence","Barrage"],"picked":"Blizzard","floor":31},{"not_picked":["Multi-Cast","Biased Cognition"],"picked":"Echo Form","floor":33},{"not_picked":["Gash+1","Conserve Battery","Streamline"],"picked":"SKIP","floor":35},{"not_picked":["FTL","Storm","Reprogram"],"picked":"SKIP","floor":35},{"not_picked":["Rebound","Conserve Battery"],"picked":"Hologram","floor":37},{"not_picked":["Melter+1","Turbo"],"picked":"Blizzard","floor":40},{"not_picked":["Sunder+1","Darkness+1","Fission"],"picked":"SKIP","floor":42},{"not_picked":["Sunder+1","Darkness+1","Fission"],"picked":"SKIP","floor":42},{"not_picked":["Rebound","Barrage+1"],"picked":"Hologram","floor":45},{"not_picked":["Rip and Tear","Undo"],"picked":"Hologram","floor":46},{"not_picked":["Go for the Eyes","Gash"],"picked":"Consume","floor":46},{"not_picked":["Heatsinks+1","Self Repair","Leap"],"picked":"SKIP","floor":48},{"not_picked":["Heatsinks+1","Self Repair","Leap"],"picked":"SKIP","floor":48},{"not_picked":["Scrape","Tempest"],"picked":"Recycle","floor":55}],"player_experience":1166111,"relics_obtained":[{"floor":2,"key":"Letter Opener"},{"floor":7,"key":"Potion Belt"},{"floor":9,"key":"Mercury Hourglass"},{"floor":10,"key":"Prayer Wheel"},{"floor":26,"key":"FossilizedHelix"},{"floor":27,"key":"Emotion Chip"},{"floor":31,"key":"Torii"},{"floor":37,"key":"Peace Pipe"},{"floor":40,"key":"Anchor"},{"floor":42,"key":"Bottled Lightning"},{"floor":45,"key":"Thread and Needle"},{"floor":48,"key":"Dodecahedron"},{"floor":55,"key":"Blood Vial"}],"event_choices":[{"damage_healed":0,"gold_gain":0,"player_choice":"Got Potions","damage_taken":0,"max_hp_gain":0,"max_hp_loss":0,"event_name":"Lab","floor":4,"gold_loss":0},{"damage_healed":0,"gold_gain":0,"player_choice":"Read","damage_taken":0,"max_hp_gain":0,"max_hp_loss":0,"event_name":"The Library","floor":19,"gold_loss":0,"cards_obtained":["Consume"]},{"damage_healed":0,"gold_gain":0,"player_choice":"Obtained Relic","damage_taken":0,"relics_obtained":["Bag of Marbles"],"max_hp_gain":0,"max_hp_loss":0,"event_name":"Addict","floor":21,"gold_loss":85},{"damage_healed":0,"gold_gain":0,"player_choice":"Ignored","damage_taken":0,"max_hp_gain":0,"max_hp_loss":0,"event_name":"The Mausoleum","floor":25,"gold_loss":0},{"damage_healed":0,"gold_gain":0,"player_choice":"Max HP","damage_taken":0,"max_hp_gain":0,"max_hp_loss":4,"event_name":"Winding Halls","floor":36,"gold_loss":0},{"damage_healed":0,"gold_gain":0,"player_choice":"Fight","damage_taken":0,"max_hp_gain":0,"max_hp_loss":0,"event_name":"Mysterious Sphere","floor":37,"gold_loss":0},{"cards_removed":["Strike_B"],"damage_healed":0,"gold_gain":0,"player_choice":"Removed Attack","damage_taken":0,"max_hp_gain":0,"max_hp_loss":0,"event_name":"Falling","floor":39,"gold_loss":0}],"is_beta":false,"boss_relics":[{"not_picked":["Lizard Tail","Cursed Key"],"picked":"Snecko Eye"},{"not_picked":["Tiny House","Fusion Hammer"],"picked":"Empty Cage"}],"items_purged_floors":[5,38,54],"is_endless":false,"potions_floor_spawned":[1,10,14,28,29,33,37,42,46],"ascension_level":20}