{"gold_per_floor":[118,193,158,168,93,93,127,141,219,238,272,13,65,78,78,182,182,196,196,196,46,46,58,58,70,96,108,120,150,172,197,209,326,338,362,429,457,469,481,493,605,643,678,700,712,630,646,373,373,373],"floor_reached":50,"playtime":3665,"items_purged":["Defend_G"],"score":580,"play_id":"2a962b84-5f8a-4cc9-877e-0c7566652e01","local_time":"20190101180554","is_ascension_mode":false,"campfire_choices":[{"data":"Cloak And Dagger","floor":6.0,"key":"SMITH"},{"floor":15.0,"key":"RECALL"},{"data":"Accuracy","floor":24.0,"key":"SMITH"},{"data":"Cloak And Dagger","floor":27.0,"key":"SMITH"},{"floor":32.0,"key":"REST"},{"data":"Infinite Blades","floor":40.0,"key":"SMITH"},{"floor":45.0,"key":"REST"},{"floor":49,"key":"REST"}],"neow_cost":"NONE","seed_source_timestamp":865516371300755,"circlet_count":0,"master_deck":["Defend_G","Defend_G","Defend_G","Defend_G","Strike_G","Strike_G","Strike_G","Strike_G","Strike_G","Survivor","Neutralize","Cloak And Dagger+1","Deflect","Cloak And Dagger+1","Backstab","Accuracy+1","Distraction+1","Backstab","A Thousand Cuts","Endless Agony+1","Backstab","Distraction+1","Quick Slash+1","Infinite Blades+1","Deflect+1","Writhe","Slice+1","Accuracy","Cloak And Dagger+1","Parasite","Backstab+1","Backstab+1","Accuracy"],"special_seed":0,"relics":["Ring of the Snake","NeowsBlessing","Strawberry","Ornamental Fan","Toxic Egg 2","Omamori","Lizard Tail","Enchiridion","Vajra","WarpedTongs","MawBank","Cursed Key","Mango","Calipers","Girya","DollysMirror"],"potions_floor_usage":[47],"damage_taken":[{"damage":0.0,"enemies":"Small Slimes","floor":1.0,"turns":1.0},{"damage":0.0,"enemies":"Jaw Worm","floor":4.0,"turns":1.0},{"damage":0.0,"enemies":"Lagavulin","floor":7.0,"turns":1.0},{"damage":0.0,"enemies":"2 Louse","floor":8.0,"turns":2.0},{"damage":0.0,"enemies":"Blue Slaver","floor":10.0,"turns":4.0},{"damage":6.0,"enemies":"Gremlin Nob","floor":11.0,"turns":5.0},{"damage":0.0,"enemies":"2 Fungi Beasts","floor":14.0,"turns":2.0},{"damage":43.0,"enemies":"Slime Boss","floor":16.0,"turns":18.0},{"damage":1.0,"enemies":"Chosen","floor":18.0,"turns":5.0},{"damage":0.0,"enemies":"3 Byrds","floor":23.0,"turns":7.0},{"damage":0.0,"enemies":"Centurion and Healer","floor":25.0,"turns":5.0},{"damage":9.0,"enemies":"Shelled Parasite and Fungi","floor":29.0,"turns":4.0},{"damage":13.0,"enemies":"Snake Plant","floor":30.0,"turns":5.0},{"damage":2.0,"enemies":"Cultist and Chosen","floor":31.0,"turns":3.0},{"damage":51.0,"enemies":"Champ","floor":33.0,"turns":12.0},{"damage":21.0,"enemies":"3 Darklings","floor":35.0,"turns":4.0},{"damage":9.0,"enemies":"2 Orb Walkers","floor":36.0,"turns":3.0},{"damage":0.0,"enemies":"Orb Walker","floor":37.0,"turns":2.0},{"damage":3.0,"enemies":"Mind Bloom Boss Battle","floor":41.0,"turns":7.0},{"damage":35.0,"enemies":"Reptomancer","floor":42.0,"turns":6.0},{"damage":0.0,"enemies":"Transient","floor":44.0,"turns":5.0},{"damage":23,"enemies":"Writhing Mass","floor":47,"turns":7},{"damage":136,"enemies":"Awakened One","floor":50,"turns":10}],"seed_played":"3159596141972576457","potions_obtained":[{"floor":4.0,"key":"Fire Potion"},{"floor":10.0,"key":"Poison Potion"},{"floor":11.0,"key":"Explosive Potion"},{"floor":18.0,"key":"Fire Potion"},{"floor":23.0,"key":"Swift Potion"},{"floor":25.0,"key":"GhostInAJar"},{"floor":28.0,"key":"PowerPotion"},{"floor":37.0,"key":"Strength Potion"},{"floor":41.0,"key":"Explosive Potion"},{"floor":44.0,"key":"EssenceOfSteel"}],"is_trial":false,"path_per_floor":["M","?","?","M","$","R","E","M","T","M","E","$","?","M","R","B",null,"M","?","?","$","?","M","R","M","T","R","?","M","M","M","R","B",null,"M","?","M","?","?","R","?","E","T","M","R","$","M","$","R","B"],"character_chosen":"THE_SILENT","items_purchased":["Accuracy","Distraction+1","Omamori","Vajra","Accuracy","Cloak And Dagger+1","DollysMirror","Accuracy"],"campfire_rested":3,"item_purchase_floors":[12,12,12,21,46,46,48,48],"current_hp_per_floor":[70,59,70,70,70,70,77,77,77,77,71,71,71,71,71,28,77,76,76,60,60,60,60,60,60,60,60,60,51,38,36,59,8,77,56,61,61,84,84,84,81,46,46,46,73,73,50,50,77,0],"gold":373,"neow_bonus":"THREE_ENEMY_KILL","is_prod":false,"is_daily":false,"chose_seed":false,"campfire_upgraded":4,"win_rate":0,"timestamp":1546358754,"path_taken":["M","?","?","M","?","R","E","M","T","M","E","$","?","?","R","BOSS","M","?","?","$","?","M","R","?","T","R","?","M","M","M","R","BOSS","M","?","M","?","?","R","?","E","T","M","R","$","M","$","R","BOSS"],"build_version":"2018-12-20","purchased_purges":1,"victory":false,"max_hp_per_floor":[70,70,70,70,70,70,77,77,77,77,77,77,77,77,77,77,77,77,77,77,77,77,77,77,77,77,77,77,77,77,77,77,77,77,77,91,91,91,91,91,91,91,91,91,91,91,91,91,91,91],"card_choices":[{"not_picked":["Backflip","Deflect"],"picked":"Cloak And Dagger","floor":1.0},{"not_picked":["Acrobatics","Skewer"],"picked":"Deflect","floor":4.0},{"not_picked":["Reflex","Dagger Throw"],"picked":"Cloak And Dagger","floor":7.0},{"not_picked":["Blur","Acrobatics","Poisoned Stab"],"picked":"SKIP","floor":8.0},{"not_picked":["Adrenaline","Cloak And Dagger"],"picked":"Backstab","floor":10.0},{"not_picked":["Bouncing Flask","Flying Knee","Dagger Spray"],"picked":"SKIP","floor":11.0},{"not_picked":["Predator","Underhanded Strike"],"picked":"Backstab","floor":14.0},{"not_picked":["Malaise+1","Tools of the Trade"],"picked":"A Thousand Cuts","floor":16.0},{"not_picked":["Backflip+1","Underhanded Strike","Poisoned Stab"],"picked":"SKIP","floor":18.0},{"not_picked":["Flechettes","Concentrate+1","Acrobatics+1"],"picked":"SKIP","floor":23.0},{"not_picked":["Noxious Fumes","Sucker Punch"],"picked":"Endless Agony+1","floor":25.0},{"not_picked":["Flying Knee","PiercingWail+1"],"picked":"Backstab","floor":29.0},{"not_picked":["Caltrops","Sucker Punch","Dagger Spray"],"picked":"SKIP","floor":30.0},{"not_picked":["Backflip+1","Leg Sweep+1"],"picked":"Distraction+1","floor":31.0},{"not_picked":["Prepared+1","Underhanded Strike"],"picked":"Quick Slash+1","floor":35.0},{"not_picked":["Sucker Punch+1","Outmaneuver+1"],"picked":"Infinite Blades","floor":37.0},{"not_picked":["Corpse Explosion+1","Footwork"],"picked":"Deflect+1","floor":42.0},{"not_picked":["Well Laid Plans+1","Prepared+1"],"picked":"Slice+1","floor":44.0},{"not_picked":["Blade Dance+1","Bane+1"],"picked":"Backstab+1","floor":47}],"player_experience":880850,"relics_obtained":[{"floor":7.0,"key":"Strawberry"},{"floor":9.0,"key":"Ornamental Fan"},{"floor":11.0,"key":"Toxic Egg 2"},{"floor":20.0,"key":"Enchiridion"},{"floor":26.0,"key":"MawBank"},{"floor":36.0,"key":"Mango"},{"floor":41.0,"key":"Calipers"},{"floor":42.0,"key":"Girya"}],"event_choices":[{"damage_healed":0.0,"max_hp_gain":0.0,"max_hp_loss":0.0,"gold_gain":75.0,"event_name":"World of Goop","player_choice":"Gather Gold","floor":2.0,"gold_loss":0.0,"damage_taken":11.0},{"damage_healed":17.0,"max_hp_gain":0.0,"max_hp_loss":0.0,"gold_gain":0.0,"event_name":"The Cleric","player_choice":"Healed","floor":3.0,"gold_loss":35.0,"damage_taken":0.0},{"damage_healed":0.0,"max_hp_gain":0.0,"max_hp_loss":0.0,"gold_gain":52.0,"event_name":"Golden Wing","player_choice":"Gained Gold","floor":13.0,"gold_loss":0.0,"damage_taken":0.0},{"damage_healed":0.0,"max_hp_gain":0.0,"max_hp_loss":0.0,"gold_gain":0.0,"event_name":"Ghosts","player_choice":"Ignored","floor":19.0,"gold_loss":0.0,"damage_taken":0.0},{"damage_healed":0.0,"max_hp_gain":0.0,"max_hp_loss":0.0,"gold_gain":0.0,"event_name":"Cursed Tome","player_choice":"Obtained Book","floor":20.0,"gold_loss":0.0,"damage_taken":16.0},{"damage_healed":0.0,"max_hp_gain":0.0,"max_hp_loss":0.0,"gold_gain":0.0,"event_name":"Accursed Blacksmith","player_choice":"Rummage","floor":22.0,"gold_loss":0.0,"damage_taken":0.0,"relics_obtained":["WarpedTongs"],"cards_obtained":["Pain"]},{"damage_healed":0.0,"max_hp_gain":0.0,"max_hp_loss":0.0,"gold_gain":0.0,"event_name":"Lab","player_choice":"Got Potions","floor":28.0,"gold_loss":0.0,"damage_taken":0.0},{"damage_healed":0.0,"max_hp_gain":0.0,"max_hp_loss":0.0,"gold_gain":0.0,"event_name":"Mysterious Sphere","player_choice":"Fight","floor":36.0,"gold_loss":0.0,"damage_taken":0.0},{"damage_healed":23.0,"max_hp_gain":0.0,"max_hp_loss":0.0,"gold_gain":0.0,"event_name":"Winding Halls","player_choice":"Writhe","floor":38.0,"gold_loss":0.0,"damage_taken":0.0,"cards_obtained":["Writhe"]},{"damage_healed":0.0,"max_hp_gain":0.0,"max_hp_loss":0.0,"gold_gain":0.0,"event_name":"Tomb of Lord Red Mask","player_choice":"Ignored","floor":39.0,"gold_loss":0.0,"damage_taken":0.0},{"damage_healed":0.0,"max_hp_gain":0.0,"max_hp_loss":0.0,"gold_gain":0.0,"event_name":"MindBloom","player_choice":"Fight","floor":41.0,"gold_loss":0.0,"damage_taken":0.0}],"is_beta":false,"boss_relics":[{"not_picked":["Eternal Feather","Runic Pyramid"],"picked":"Lizard Tail"},{"not_picked":["Runic Dome","White Beast Statue"],"picked":"Cursed Key"}],"items_purged_floors":[5],"is_endless":false,"potions_floor_spawned":[4,10,11,18,23,25,37,41,44],"killed_by":"Awakened One","ascension_level":0}