{"gold_per_floor":[117,117,129,129,144,144,163,225,225,253,267,298,298,298,298,377,377,387,312,312,17,29,29,56,56,101,127,127,127,127,141,141,212,212,226,226,239,287,209,209,228,243,267,367,398,413,423,442,442,442,442,442,442,66,93,93],"floor_reached":57,"playtime":2510,"items_purged":["Aggregate","Defend_B"],"score":2930,"play_id":"82a882c6-3d07-4770-9645-7bf4a99a421e","local_time":"20190703205558","is_ascension_mode":true,"campfire_choices":[{"data":"Barrage","floor":6,"key":"SMITH"},{"floor":13,"key":"REST"},{"floor":15,"key":"REST"},{"data":"Biased Cognition","floor":23,"key":"SMITH"},{"data":"Hologram","floor":25,"key":"SMITH"},{"floor":28,"key":"REST"},{"floor":30,"key":"REST"},{"data":"Coolheaded","floor":32,"key":"SMITH"},{"data":"Blizzard","floor":40,"key":"SMITH"},{"floor":49,"key":"RECALL"},{"data":"Fission","floor":53,"key":"SMITH"}],"neow_cost":"TEN_PERCENT_HP_LOSS","seed_source_timestamp":388414842604100,"circlet_count":0,"master_deck":["AscendersBane","Defend_B","Defend_B","Zap","Dualcast","Leap","Biased Cognition+1","Melter","Barrage+1","Hologram+1","Glacier","Ball Lightning","Electrodynamics+1","Auto Shields","Coolheaded+1","Cold Snap+1","Buffer+1","Fission+1","Finesse","Blind","White Noise","Blizzard+1","Self Repair+1","Coolheaded","Coolheaded","Chill","Capacitor+1","Cold Snap","Conserve Battery+1"],"relics":["Cracked Core","Tiny Chest","Cables","Frozen Egg 2","Inserter","ClockworkSouvenir","Darkstone Periapt","Bronze Scales","Bottled Tornado","Runic Dome","Nunchaku","Dream Catcher","Turnip","Vajra","Pen Nib","Bird Faced Urn"],"potions_floor_usage":[12,18,24,27,56,56],"damage_taken":[{"damage":1,"enemies":"Cultist","floor":1,"turns":4},{"damage":2,"enemies":"2 Louse","floor":3,"turns":4},{"damage":4,"enemies":"Small Slimes","floor":5,"turns":3},{"damage":11,"enemies":"Looter","floor":7,"turns":2},{"damage":10,"enemies":"Lagavulin","floor":8,"turns":5},{"damage":26,"enemies":"3 Sentries","floor":10,"turns":9},{"damage":0,"enemies":"Large Slime","floor":11,"turns":6},{"damage":6,"enemies":"Gremlin Nob","floor":12,"turns":3},{"damage":0,"enemies":"The Guardian","floor":16,"turns":11},{"damage":8,"enemies":"3 Byrds","floor":18,"turns":3},{"damage":3,"enemies":"Shell Parasite","floor":22,"turns":3},{"damage":0,"enemies":"Book of Stabbing","floor":24,"turns":7},{"damage":28,"enemies":"Slavers","floor":27,"turns":3},{"damage":0,"enemies":"Cultist and Chosen","floor":31,"turns":3},{"damage":0,"enemies":"Champ","floor":33,"turns":15},{"damage":0,"enemies":"3 Shapes","floor":35,"turns":1},{"damage":2,"enemies":"Orb Walker","floor":37,"turns":3},{"damage":9,"enemies":"2 Orb Walkers","floor":38,"turns":4},{"damage":19,"enemies":"Jaw Worm Horde","floor":41,"turns":2},{"damage":5,"enemies":"Transient","floor":42,"turns":6},{"damage":0,"enemies":"Mind Bloom Boss Battle","floor":44,"turns":7},{"damage":0,"enemies":"Giant Head","floor":45,"turns":13},{"damage":0,"enemies":"Sphere and 2 Shapes","floor":46,"turns":4},{"damage":0,"enemies":"Writhing Mass","floor":47,"turns":5},{"damage":0,"enemies":"Maw","floor":48,"turns":7},{"damage":10,"enemies":"Donu and Deca","floor":50,"turns":10},{"damage":4,"enemies":"Time Eater","floor":51,"turns":14},{"damage":19,"enemies":"Shield and Spear","floor":55,"turns":6},{"damage":4,"enemies":"The Heart","floor":56,"turns":11}],"seed_played":"-5254327170991637085","potions_obtained":[{"floor":3,"key":"EntropicBrew"},{"floor":7,"key":"Weak Potion"},{"floor":12,"key":"EssenceOfSteel"},{"floor":22,"key":"EntropicBrew"},{"floor":27,"key":"Dexterity Potion"},{"floor":38,"key":"PowerPotion"},{"floor":46,"key":"Ancient Potion"}],"is_trial":false,"path_per_floor":["M","?","M","$","M","R","M","E","T","E","M","E","R","?","R","B",null,"M","?","?","$","M","R","E","R","T","E","R","?","R","M","R","B",null,"M","?","M","?","$","R","M","M","T","?","E","M","M","M","R","B","B",null,"R","$","E","B",null],"character_chosen":"DEFECT","items_purchased":["ClockworkSouvenir","Self Repair+1","Capacitor+1","Cold Snap","Pen Nib"],"campfire_rested":4,"item_purchase_floors":[21,39,54,54,54],"current_hp_per_floor":[63,63,61,61,57,57,46,36,36,10,10,4,23,16,35,35,57,49,49,49,49,46,46,46,46,46,18,37,20,40,40,40,40,62,62,52,50,41,41,41,32,37,37,47,57,67,69,69,69,69,69,69,69,69,60,69],"gold":93,"neow_bonus":"TRANSFORM_TWO_CARDS","is_prod":false,"is_daily":false,"chose_seed":false,"campfire_upgraded":6,"win_rate":0,"timestamp":1562154958,"path_taken":["M","?","?","?","M","R","M","E","T","E","M","E","R","?","R","BOSS","M","?","?","$","M","R","E","R","T","E","R","?","R","M","R","BOSS","M","?","M","?","$","R","M","M","T","?","E","M","M","M","R","BOSS","BOSS","R","$","E","BOSS"],"build_version":"2019-07-01","purchased_purges":2,"victory":true,"max_hp_per_floor":[64,64,64,64,64,64,64,64,64,64,64,64,64,64,64,64,64,64,64,64,64,64,64,64,64,64,64,64,69,69,69,69,69,69,69,69,69,69,69,69,69,69,69,69,69,69,69,69,69,69,69,69,69,69,69,69],"card_choices":[{"not_picked":["Rebound","Sweeping Beam","Heatsinks"],"picked":"SKIP","floor":1},{"not_picked":["Scrape","Compile Driver"],"picked":"Melter","floor":3},{"not_picked":["Recycle","Compile Driver"],"picked":"Barrage","floor":5},{"not_picked":["Rebound","Sweeping Beam"],"picked":"Hologram","floor":7},{"not_picked":["Rebound","Machine Learning"],"picked":"Glacier","floor":8},{"not_picked":["Redo","BootSequence","Leap"],"picked":"SKIP","floor":10},{"not_picked":["Sweeping Beam","Compile Driver","Leap"],"picked":"SKIP","floor":11},{"not_picked":["Sunder","FTL"],"picked":"Ball Lightning","floor":12},{"not_picked":["Buffer+1","Core Surge"],"picked":"Electrodynamics+1","floor":16},{"not_picked":["Ball Lightning+1","Auto Shields","Force Field+1"],"picked":"SKIP","floor":18},{"not_picked":["Sweeping Beam+1","Streamline"],"picked":"Coolheaded","floor":22},{"not_picked":["Leap","Steam"],"picked":"Cold Snap+1","floor":24},{"not_picked":["Force Field","Coolheaded"],"picked":"Buffer+1","floor":27},{"not_picked":["Storm+1","Hello World+1","Melter"],"picked":"SKIP","floor":31},{"not_picked":["Amplify","Biased Cognition+1"],"picked":"Fission","floor":33},{"not_picked":["Turbo","FTL","Sweeping Beam"],"picked":"SKIP","floor":35},{"not_picked":["Jack Of All Trades","Dramatic Entrance"],"picked":"Finesse","floor":36},{"not_picked":["HandOfGreed","Magnetism+1"],"picked":"Blind","floor":36},{"not_picked":["Streamline","FTL"],"picked":"White Noise","floor":37},{"not_picked":["Compile Driver","Hello World+1"],"picked":"Blizzard","floor":38},{"not_picked":["Streamline","Steam","Scrape+1"],"picked":"SKIP","floor":41},{"not_picked":["Rebound+1","Redo","Hello World+1"],"picked":"SKIP","floor":42},{"not_picked":["Hologram","Sweeping Beam"],"picked":"Coolheaded","floor":45},{"not_picked":["Cold Snap","Turbo"],"picked":"Coolheaded","floor":46},{"not_picked":["BootSequence","Melter+1"],"picked":"Chill","floor":47},{"not_picked":["Gash","Thunder Strike","Compile Driver"],"picked":"SKIP","floor":48},{"not_picked":["Gash","Thunder Strike","Compile Driver"],"picked":"SKIP","floor":48},{"not_picked":["Hologram","Conserve Battery+1","Sweeping Beam"],"picked":"SKIP","floor":55},{"not_picked":["Hologram","Sweeping Beam"],"picked":"Conserve Battery+1","floor":55}],"player_experience":916754,"relics_obtained":[{"floor":8,"key":"Tiny Chest"},{"floor":10,"key":"Cables"},{"floor":12,"key":"Frozen Egg 2"},{"floor":24,"key":"Darkstone Periapt"},{"floor":26,"key":"Bronze Scales"},{"floor":27,"key":"Bottled Tornado"},{"floor":38,"key":"Nunchaku"},{"floor":43,"key":"Dream Catcher"},{"floor":44,"key":"Turnip"},{"floor":45,"key":"Vajra"},{"floor":55,"key":"Bird Faced Urn"}],"event_choices":[{"damage_healed":0,"gold_gain":0,"player_choice":"1 cards matched","damage_taken":0,"max_hp_gain":0,"max_hp_loss":0,"event_name":"Match and Keep!","floor":2,"gold_loss":0,"cards_obtained":["Biased Cognition"]},{"cards_removed":["Strike_B"],"damage_healed":0,"gold_gain":0,"player_choice":"Card Removal","damage_taken":7,"max_hp_gain":0,"max_hp_loss":0,"event_name":"Golden Wing","floor":14,"gold_loss":0},{"cards_removed":["Strike_B"],"damage_healed":0,"gold_gain":0,"player_choice":"Gave Gold","damage_taken":0,"max_hp_gain":0,"max_hp_loss":0,"event_name":"Beggar","floor":19,"gold_loss":75},{"damage_healed":0,"gold_gain":0,"cards_transformed":["Strike_B","Storm"],"player_choice":"Became Test Subject","damage_taken":0,"max_hp_gain":0,"max_hp_loss":0,"event_name":"Drug Dealer","floor":20,"gold_loss":0,"cards_obtained":["Auto Shields","Aggregate"]},{"damage_healed":0,"gold_gain":0,"player_choice":"Shed Blood","damage_taken":22,"max_hp_gain":5,"max_hp_loss":0,"event_name":"Forgotten Altar","floor":29,"gold_loss":0},{"damage_healed":0,"gold_gain":0,"player_choice":"Memory 3","damage_taken":10,"max_hp_gain":0,"max_hp_loss":0,"event_name":"SensoryStone","floor":36,"gold_loss":0},{"damage_healed":0,"gold_gain":0,"player_choice":"Fight","damage_taken":0,"max_hp_gain":0,"max_hp_loss":0,"event_name":"Mysterious Sphere","floor":38,"gold_loss":0},{"damage_healed":0,"gold_gain":0,"player_choice":"Fight","damage_taken":0,"max_hp_gain":0,"max_hp_loss":0,"event_name":"MindBloom","floor":44,"gold_loss":0}],"is_beta":false,"boss_relics":[{"not_picked":["Eternal Feather","Velvet Choker"],"picked":"Inserter"},{"not_picked":["Calling Bell","Philosopher\u0027s Stone"],"picked":"Runic Dome"}],"items_purged_floors":[21,54],"is_endless":false,"potions_floor_spawned":[3,7,12,22,27,38,41,44,46],"ascension_level":20}