{"gold_per_floor":[362,362,362,380,530,530,602,616,639,639,4,22,37,65,65,142,142,156,126,9,19,19,19,29,64,64,1,1,54,54,88,88,159,159,179,198,198,272,291,291,291,321,321,32,132,185,220,232,232,232,232,232,232,11,44,44],"floor_reached":57,"playtime":2485,"items_purged":["Doubt","Parasite","Rampage","Immolate+1"],"score":2963,"play_id":"aab1f08f-e63e-47a0-bf70-9b4d57390524","local_time":"20190620184946","is_ascension_mode":true,"campfire_choices":[{"data":"Bash","floor":6.0,"key":"SMITH"},{"data":"Bludgeon","floor":15.0,"key":"SMITH"},{"data":"Immolate","floor":23.0,"key":"SMITH"},{"data":"Pommel Strike","floor":28.0,"key":"SMITH"},{"data":"Shockwave","floor":30.0,"key":"SMITH"},{"data":"Dual Wield","floor":32.0,"key":"SMITH"},{"data":"Feel No Pain","floor":41.0,"key":"SMITH"},{"floor":49,"key":"RECALL"},{"data":"Discovery","floor":53,"key":"SMITH"}],"neow_cost":"PERCENT_DAMAGE","seed_source_timestamp":75079362878800,"circlet_count":0,"master_deck":["AscendersBane","Bash+1","Ghostly Armor","Flame Barrier+1","Feel No Pain+1","Seeing Red","Corruption+1","Flash of Steel","Spot Weakness","Bludgeon+1","Reaper","Pommel Strike+1","Barricade+1","Dual Wield+1","Rupture+1","Spot Weakness","Infernal Blade","Sentinel","Discovery+1","Dropkick","Shockwave+1","Impervious+1","Impervious+1","Metallicize+1","Madness+1","Madness+1","True Grit+1","Limit Break+1","Feel No Pain+1","Apotheosis+1","Disarm+1","Ghostly Armor+1","True Grit+1","Evolve+1","Parasite","Warcry+1","Shrug It Off+1"],"special_seed":0,"relics":["Burning Blood","Gremlin Horn","Bronze Scales","Membership Card","Frozen Egg 2","Thread and Needle","Strawberry","Pandora\u0027s Box","Art of War","Toxic Egg 2","Vajra","Orichalcum","Philosopher\u0027s Stone","Letter Opener","Paper Frog","Magic Flower","Dream Catcher","Bottled Lightning","Dead Branch","Oddly Smooth Stone"],"potions_floor_usage":[48,56],"damage_taken":[{"damage":6.0,"enemies":"Cultist","floor":1.0,"turns":3.0},{"damage":6.0,"enemies":"2 Louse","floor":4.0,"turns":4.0},{"damage":2.0,"enemies":"Small Slimes","floor":8.0,"turns":3.0},{"damage":0.0,"enemies":"Looter","floor":12.0,"turns":4.0},{"damage":0.0,"enemies":"Exordium Wildlife","floor":13.0,"turns":4.0},{"damage":41.0,"enemies":"Gremlin Nob","floor":14.0,"turns":5.0},{"damage":9.0,"enemies":"Hexaghost","floor":16.0,"turns":7.0},{"damage":0.0,"enemies":"Spheric Guardian","floor":18.0,"turns":5.0},{"damage":5.0,"enemies":"2 Thieves","floor":21.0,"turns":3.0},{"damage":45.0,"enemies":"Chosen and Byrds","floor":24.0,"turns":9.0},{"damage":14.0,"enemies":"Gremlin Leader","floor":25.0,"turns":5.0},{"damage":5.0,"enemies":"Slavers","floor":31.0,"turns":4.0},{"damage":6.0,"enemies":"Automaton","floor":33.0,"turns":8.0},{"damage":6.0,"enemies":"3 Darklings","floor":35.0,"turns":4.0},{"damage":12.0,"enemies":"Orb Walker","floor":36.0,"turns":5.0},{"damage":0.0,"enemies":"Sphere and 2 Shapes","floor":39.0,"turns":8.0},{"damage":6.0,"enemies":"Nemesis","floor":42.0,"turns":9.0},{"damage":0.0,"enemies":"Mind Bloom Boss Battle","floor":45.0,"turns":7.0},{"damage":0.0,"enemies":"Giant Head","floor":47.0,"turns":9.0},{"damage":7,"enemies":"Writhing Mass","floor":48,"turns":7},{"damage":54,"enemies":"Donu and Deca","floor":50,"turns":9},{"damage":65,"enemies":"Awakened One","floor":51,"turns":12},{"damage":6,"enemies":"Shield and Spear","floor":55,"turns":5},{"damage":76,"enemies":"The Heart","floor":56,"turns":10}],"seed_played":"6217699917994350994","potions_obtained":[{"floor":12.0,"key":"Weak Potion"},{"floor":14.0,"key":"Energy Potion"},{"floor":16.0,"key":"BloodPotion"},{"floor":19.0,"key":"Block Potion"},{"floor":24.0,"key":"Strength Potion"},{"floor":35.0,"key":"FearPotion"},{"floor":39.0,"key":"Energy Potion"}],"is_trial":false,"path_per_floor":["M","?","?","M","?","R","T","M","T","?","$","M","M","E","R","B",null,"M","?","$","M","?","R","M","E","T","$","R","T","R","E","R","B",null,"M","M","?","T","M","?","R","E","T","$","?","T","E","M","R","B","B",null,"R","$","E","B",null],"character_chosen":"IRONCLAD","items_purchased":["Membership Card","Frozen Egg 2","Corruption+1","Flash of Steel","Thread and Needle","Discovery","Body Slam","Feel No Pain+1","Apotheosis+1","Disarm+1","Ghostly Armor+1","Dead Branch","Shrug It Off+1","Block Potion"],"campfire_rested":0,"item_purchase_floors":[11,11,11,11,11,20,20,44,44,44,44,54,54,54],"current_hp_per_floor":[50,50,27,27,27,27,27,31,31,49,49,55,61,33,33,30,69,75,75,75,76,76,76,46,68,68,68,68,68,68,69,69,79,79,79,73,59,59,66,66,66,78,78,78,79,79,79,79,79,79,79,79,79,79,79,33],"gold":44,"neow_bonus":"TWO_FIFTY_GOLD","is_prod":false,"is_daily":false,"chose_seed":false,"campfire_upgraded":8,"win_rate":0,"timestamp":1561024186,"path_taken":["M","?","?","M","?","R","?","?","T","?","$","M","M","E","R","BOSS","M","?","?","?","?","R","M","E","T","$","R","?","R","E","R","BOSS","M","M","?","?","?","?","R","E","T","$","?","?","E","M","R","BOSS","BOSS","R","$","E","BOSS"],"build_version":"2019-01-23","purchased_purges":4,"victory":true,"max_hp_per_floor":[75,75,75,75,75,75,75,75,75,75,75,75,75,82,82,82,82,82,82,79,79,79,79,79,79,79,79,79,79,79,79,79,79,79,79,79,79,79,79,79,79,79,79,79,79,79,79,79,79,79,79,79,79,79,79,79],"card_choices":[{"not_picked":["Body Slam","Headbutt"],"picked":"Ghostly Armor","floor":1.0},{"not_picked":["Headbutt","Warcry"],"picked":"Feel No Pain","floor":4.0},{"not_picked":["Havoc","Cleave"],"picked":"Seeing Red","floor":8.0},{"not_picked":["Sentinel","Clothesline"],"picked":"Spot Weakness","floor":12.0},{"not_picked":["Cleave","Power Through"],"picked":"Rampage","floor":13.0},{"not_picked":["Armaments","Flame Barrier"],"picked":"Bludgeon","floor":14.0},{"not_picked":["Bludgeon","Impervious"],"picked":"Reaper","floor":16.0},{"not_picked":["Body Slam","Havoc+1"],"picked":"Sentinel","floor":18.0},{"not_picked":["Twin Strike","Uppercut"],"picked":"Dropkick","floor":21.0},{"not_picked":["Combust+1","Heavy Blade"],"picked":"Shockwave","floor":24.0},{"not_picked":["Combust+1","Dropkick","Wild Strike+1"],"picked":"SKIP","floor":25.0},{"not_picked":["Combust+1","Dropkick","Wild Strike+1"],"picked":"SKIP","floor":25.0},{"not_picked":["Perfected Strike","Rampage"],"picked":"Impervious+1","floor":31.0},{"not_picked":["Berserk+1","Double Tap+1"],"picked":"Impervious+1","floor":33.0},{"not_picked":["Body Slam","Pommel Strike"],"picked":"Metallicize+1","floor":35.0},{"not_picked":["Searing Blow","Dropkick","Havoc+1"],"picked":"SKIP","floor":36.0},{"not_picked":["Flex+1","Carnage"],"picked":"True Grit+1","floor":39.0},{"not_picked":["Reckless Charge","Bloodletting+1"],"picked":"Limit Break+1","floor":42.0},{"not_picked":["Clothesline","Whirlwind+1"],"picked":"True Grit+1","floor":45.0},{"not_picked":["Feel No Pain+1","Power Through+1"],"picked":"Evolve+1","floor":47.0},{"not_picked":["Headbutt","Clothesline"],"picked":"Warcry+1","floor":48},{"not_picked":["Hemokinesis","Twin Strike","Rampage"],"picked":"SKIP","floor":55}],"player_experience":713136,"relics_obtained":[{"floor":7.0,"key":"Gremlin Horn"},{"floor":9.0,"key":"Bronze Scales"},{"floor":14.0,"key":"Strawberry"},{"floor":25.0,"key":"Art of War"},{"floor":26.0,"key":"Toxic Egg 2"},{"floor":29.0,"key":"Vajra"},{"floor":31.0,"key":"Orichalcum"},{"floor":38.0,"key":"Letter Opener"},{"floor":42.0,"key":"Paper Frog"},{"floor":45.0,"key":"Magic Flower"},{"floor":46.0,"key":"Dream Catcher"},{"floor":47.0,"key":"Bottled Lightning"},{"floor":55,"key":"Oddly Smooth Stone"}],"event_choices":[{"damage_healed":0.0,"max_hp_gain":0.0,"max_hp_loss":0.0,"gold_gain":0.0,"cards_transformed":["Strike_R"],"event_name":"Living Wall","player_choice":"Change","floor":2.0,"gold_loss":0.0,"damage_taken":0.0,"cards_obtained":["Flame Barrier"]},{"damage_healed":0.0,"max_hp_gain":0.0,"max_hp_loss":0.0,"gold_gain":0.0,"event_name":"Shining Light","player_choice":"Entered Light","floor":3.0,"gold_loss":0.0,"damage_taken":23.0,"cards_upgraded":["Flame Barrier","Strike_R"]},{"damage_healed":0.0,"max_hp_gain":0.0,"max_hp_loss":0.0,"gold_gain":150.0,"event_name":"Liars Game","player_choice":"AGREE","floor":5.0,"gold_loss":0.0,"damage_taken":0.0,"cards_obtained":["Doubt"]},{"damage_healed":18.0,"max_hp_gain":0.0,"max_hp_loss":0.0,"gold_gain":0.0,"event_name":"Mushrooms","player_choice":"Healed and dodged fight","floor":10.0,"gold_loss":0.0,"damage_taken":0.0,"cards_obtained":["Parasite"]},{"damage_healed":0.0,"max_hp_gain":0.0,"max_hp_loss":0.0,"gold_gain":0.0,"event_name":"The Woman in Blue","player_choice":"Bought 2 Potions","floor":19.0,"gold_loss":0.0,"damage_taken":0.0},{"cards_removed":["Clothesline"],"damage_healed":0.0,"max_hp_gain":0.0,"max_hp_loss":0.0,"gold_gain":0.0,"event_name":"Back to Basics","player_choice":"Elegance","floor":22.0,"gold_loss":0.0,"damage_taken":0.0},{"damage_healed":0.0,"max_hp_gain":0.0,"max_hp_loss":0.0,"gold_gain":0.0,"event_name":"Winding Halls","player_choice":"Embrace Madness","floor":37.0,"gold_loss":0.0,"damage_taken":14.0,"cards_obtained":["Madness","Madness"]},{"cards_removed":["Body Slam"],"damage_healed":0.0,"max_hp_gain":0.0,"max_hp_loss":0.0,"gold_gain":0.0,"event_name":"Falling","player_choice":"Removed Attack","floor":40.0,"gold_loss":0.0,"damage_taken":0.0},{"damage_healed":0.0,"max_hp_gain":0.0,"max_hp_loss":0.0,"gold_gain":0.0,"event_name":"MindBloom","player_choice":"Fight","floor":45.0,"gold_loss":0.0,"damage_taken":0.0}],"is_beta":false,"boss_relics":[{"not_picked":["Fusion Hammer","Mark of Pain"],"picked":"Pandora\u0027s Box"},{"not_picked":["Cursed Key","Calling Bell"],"picked":"Philosopher\u0027s Stone"}],"items_purged_floors":[11,20,27,44],"is_endless":false,"potions_floor_spawned":[12,14,16,24,25,35,39],"ascension_level":20}