{"gold_per_floor":[109,109,109,72,89,89,106,106,106,134,147,161,187,205,205,281,281,298,298,213,213,233,233,67,97,123,123,155,155,80,98,98,171,171,182,182,200,200,220,220,254,254,325,325,325,425,450,48,48,48],"floor_reached":50,"playtime":1586,"items_purged":[],"score":1128,"play_id":"cc8a853f-d829-4eaf-98e4-f07c4f4efd50","local_time":"20190628201929","is_ascension_mode":true,"campfire_choices":[{"data":"Consume","floor":6,"key":"SMITH"},{"data":"Zap","floor":8,"key":"SMITH"},{"data":"Coolheaded","floor":15,"key":"SMITH"},{"data":"Fission","floor":23,"key":"SMITH"},{"data":"Defragment","floor":27,"key":"SMITH"},{"data":"Darkness","floor":29,"key":"SMITH"},{"floor":32,"key":"REST"},{"data":"Seek","floor":40,"key":"SMITH"},{"data":"Conserve Battery","floor":42,"key":"SMITH"},{"floor":49,"key":"RECALL"}],"neow_cost":"NONE","seed_source_timestamp":151162724415300,"circlet_count":0,"master_deck":["AscendersBane","Defend_B","Defend_B","Defend_B","Defend_B","Zap+1","Dualcast","Sunder+1","Undo","Consume+1","Chill","Turbo","White Noise","Coolheaded+1","Electrodynamics","Fission+1","Electrodynamics","Defragment+1","Darkness+1","Storm+1","Conserve Battery+1","Seek+1","Coolheaded"],"relics":["Cracked Core","NeowsBlessing","Pantograph","Oddly Smooth Stone","Meat on the Bone","Busted Crown","Mercury Hourglass","Pocketwatch","Lantern","Frozen Egg 2","Coffee Dripper","Pen Nib","Shovel","DataDisk","Gambling Chip"],"potions_floor_usage":[13,16,28,33,33,50,50],"damage_taken":[{"damage":0,"enemies":"Small Slimes","floor":1,"turns":1},{"damage":0,"enemies":"Cultist","floor":5,"turns":1},{"damage":0,"enemies":"Jaw Worm","floor":7,"turns":1},{"damage":15,"enemies":"Lagavulin","floor":10,"turns":7},{"damage":0,"enemies":"Large Slime","floor":11,"turns":4},{"damage":0,"enemies":"3 Louse","floor":12,"turns":3},{"damage":39,"enemies":"Gremlin Nob","floor":13,"turns":4},{"damage":7,"enemies":"Blue Slaver","floor":14,"turns":4},{"damage":11,"enemies":"Slime Boss","floor":16,"turns":7},{"damage":2,"enemies":"2 Thieves","floor":18,"turns":4},{"damage":2,"enemies":"Shell Parasite","floor":22,"turns":4},{"damage":13,"enemies":"Slavers","floor":25,"turns":3},{"damage":21,"enemies":"Book of Stabbing","floor":28,"turns":4},{"damage":2,"enemies":"Sentry and Sphere","floor":31,"turns":4},{"damage":24,"enemies":"Champ","floor":33,"turns":12},{"damage":10,"enemies":"3 Darklings","floor":35,"turns":2},{"damage":0,"enemies":"Orb Walker","floor":37,"turns":3},{"damage":25,"enemies":"Transient","floor":39,"turns":6},{"damage":0,"enemies":"Nemesis","floor":41,"turns":5},{"damage":10,"enemies":"Mind Bloom Boss Battle","floor":46,"turns":5},{"damage":78,"enemies":"Time Eater","floor":50,"turns":13}],"seed_played":"3863731355514385126","potions_obtained":[{"floor":1,"key":"SpeedPotion"},{"floor":5,"key":"AttackPotion"},{"floor":12,"key":"Regen Potion"},{"floor":13,"key":"Weak Potion"},{"floor":16,"key":"FocusPotion"},{"floor":28,"key":"GamblersBrew"},{"floor":35,"key":"Energy Potion"},{"floor":39,"key":"Strength Potion"},{"floor":41,"key":"GamblersBrew"}],"is_trial":false,"path_per_floor":["M","?","?","$","M","R","M","R","T","E","M","M","E","M","R","B",null,"M","?","?","?","M","R","$","E","T","R","E","R","?","M","R","B",null,"M","?","M","?","M","R","E","R","T","?","$","?","T","$","R","B"],"character_chosen":"DEFECT","items_purchased":["Undo","Defragment","Darkness","Gambling Chip","Coolheaded"],"campfire_rested":1,"item_purchase_floors":[4,24,24,48,48],"current_hp_per_floor":[64,64,64,64,64,64,64,64,64,49,49,49,22,27,27,41,64,62,62,62,62,60,60,60,47,47,47,38,38,38,36,57,47,65,55,55,55,45,32,32,44,44,44,44,44,57,57,57,57,0],"gold":48,"neow_bonus":"THREE_ENEMY_KILL","is_prod":false,"is_daily":false,"chose_seed":false,"campfire_upgraded":8,"win_rate":0,"timestamp":1561720769,"path_taken":["M","?","?","$","?","R","M","R","T","E","M","M","E","M","R","BOSS","M","?","?","?","M","R","$","E","T","R","E","R","?","?","R","BOSS","M","?","M","?","M","R","E","R","T","?","$","?","?","$","R","BOSS"],"build_version":"2019-01-23","purchased_purges":0,"victory":false,"max_hp_per_floor":[71,71,71,71,71,71,71,71,71,71,71,71,71,71,71,71,71,71,71,71,71,71,71,71,71,71,71,71,71,71,71,71,71,71,71,67,67,67,67,67,67,67,67,67,67,67,67,67,67,67],"card_choices":[{"not_picked":["White Noise","Compile Driver"],"picked":"Sunder","floor":1},{"not_picked":["Steam","Reprogram"],"picked":"Consume","floor":5},{"not_picked":["Stack","Fusion"],"picked":"Chill","floor":7},{"not_picked":["Go for the Eyes","Undo"],"picked":"Turbo","floor":10},{"not_picked":["Storm","Gash","Lockon"],"picked":"SKIP","floor":11},{"not_picked":["Sunder","Redo"],"picked":"White Noise","floor":12},{"not_picked":["Compile Driver","Heatsinks","Gash"],"picked":"SKIP","floor":13},{"not_picked":["Gash","Streamline"],"picked":"Coolheaded","floor":14},{"not_picked":["Thunder Strike","Creative AI"],"picked":"Electrodynamics","floor":16},{"not_picked":["Rebound"],"picked":"SKIP","floor":18},{"not_picked":["Streamline+1"],"picked":"SKIP","floor":22},{"not_picked":["Streamline+1"],"picked":"SKIP","floor":22},{"not_picked":["Streamline+1"],"picked":"SKIP","floor":22},{"not_picked":["Turbo"],"picked":"SKIP","floor":25},{"not_picked":["Ball Lightning+1"],"picked":"SKIP","floor":28},{"not_picked":["Doom and Gloom"],"picked":"SKIP","floor":31},{"not_picked":[],"picked":"Seek","floor":33},{"not_picked":["Turbo+1"],"picked":"SKIP","floor":35},{"not_picked":["Darkness"],"picked":"SKIP","floor":37},{"not_picked":["Fusion"],"picked":"SKIP","floor":39},{"not_picked":["Hello World+1"],"picked":"SKIP","floor":41}],"player_experience":866704,"relics_obtained":[{"floor":9,"key":"Pantograph"},{"floor":10,"key":"Oddly Smooth Stone"},{"floor":13,"key":"Meat on the Bone"},{"floor":25,"key":"Pocketwatch"},{"floor":26,"key":"Lantern"},{"floor":28,"key":"Frozen Egg 2"},{"floor":41,"key":"Pen Nib"},{"floor":46,"key":"Shovel"},{"floor":47,"key":"DataDisk"}],"event_choices":[{"damage_healed":0,"gold_gain":0,"player_choice":"Leave","damage_taken":0,"max_hp_gain":0,"max_hp_loss":0,"event_name":"The Cleric","floor":2,"gold_loss":0},{"damage_healed":0,"gold_gain":0,"player_choice":"Upgraded","damage_taken":0,"max_hp_gain":0,"max_hp_loss":0,"event_name":"Upgrade Shrine","floor":3,"gold_loss":0,"cards_upgraded":["Sunder"]},{"damage_healed":0,"gold_gain":0,"player_choice":"Ignored","damage_taken":0,"max_hp_gain":0,"max_hp_loss":0,"event_name":"The Mausoleum","floor":19,"gold_loss":0},{"damage_healed":0,"gold_gain":0,"player_choice":"Obtained Relic","damage_taken":0,"relics_obtained":["Mercury Hourglass"],"max_hp_gain":0,"max_hp_loss":0,"event_name":"Addict","floor":20,"gold_loss":85},{"damage_healed":0,"gold_gain":0,"cards_transformed":["Strike_B","Strike_B"],"player_choice":"Became Test Subject","damage_taken":0,"max_hp_gain":0,"max_hp_loss":0,"event_name":"Drug Dealer","floor":21,"gold_loss":0,"cards_obtained":["Fission","Electrodynamics"]},{"damage_healed":0,"gold_gain":0,"cards_transformed":["Strike_B","Strike_B"],"player_choice":"Transformed Cards","damage_taken":0,"max_hp_gain":0,"max_hp_loss":0,"event_name":"Designer","floor":30,"gold_loss":75,"cards_obtained":["Storm","Conserve Battery"]},{"damage_healed":0,"gold_gain":0,"player_choice":"Max HP","damage_taken":0,"max_hp_gain":0,"max_hp_loss":4,"event_name":"Winding Halls","floor":36,"gold_loss":0},{"damage_healed":0,"gold_gain":0,"player_choice":"Memory 3","damage_taken":10,"max_hp_gain":0,"max_hp_loss":0,"event_name":"SensoryStone","floor":38,"gold_loss":0},{"damage_healed":0,"gold_gain":0,"player_choice":"Ignored","damage_taken":0,"max_hp_gain":0,"max_hp_loss":0,"event_name":"Tomb of Lord Red Mask","floor":44,"gold_loss":0},{"damage_healed":0,"gold_gain":0,"player_choice":"Fight","damage_taken":0,"max_hp_gain":0,"max_hp_loss":0,"event_name":"MindBloom","floor":46,"gold_loss":0}],"is_beta":false,"boss_relics":[{"not_picked":["Runic Pyramid","FrozenCore"],"picked":"Busted Crown"},{"not_picked":["Velvet Choker","Lizard Tail"],"picked":"Coffee Dripper"}],"items_purged_floors":[],"is_endless":false,"potions_floor_spawned":[1,5,12,13,16,22,28,31,35,39,41],"killed_by":"Time Eater","ascension_level":20}