{"gold_per_floor":[10,10,10,31,31,66,66,131,131,131,174,46,46,65,65,160,160,178,178,193,233,253,292,292,327,354,120,161,179,179,179,179,269,269,290,215,230,355,355,355,398,423,423,462,462,525,546,565,565,565,565,565,565,20,63,63],"floor_reached":57,"playtime":3056,"items_purged":["Strike_B","Strike_B","Defend_B"],"score":3068,"play_id":"7193d787-3782-4587-8ac2-24f09b9af581","local_time":"20190728204857","is_ascension_mode":true,"campfire_choices":[{"data":"Buffer","floor":7,"key":"SMITH"},{"data":"Defragment","floor":10,"key":"SMITH"},{"data":"Self Repair","floor":13,"key":"SMITH"},{"data":"Go for the Eyes","floor":15,"key":"SMITH"},{"data":"Dualcast","floor":24,"key":"SMITH"},{"data":"Blizzard","floor":30,"key":"SMITH"},{"data":"Coolheaded","floor":32,"key":"SMITH"},{"data":"Consume","floor":40,"key":"SMITH"},{"floor":45,"key":"RECALL"},{"data":"Double Energy","floor":49,"key":"SMITH"},{"data":"Finesse","floor":53,"key":"SMITH"}],"neow_cost":"NO_GOLD","seed_source_timestamp":794338797987100,"circlet_count":0,"master_deck":["AscendersBane","Defend_B","Defend_B","Defend_B","Zap","Dualcast+1","Buffer+1","Cold Snap","Defragment+1","FTL","Self Repair+1","Go for the Eyes+1","Undo","Electrodynamics+1","Core Surge","Coolheaded+1","Blizzard+1","Genetic Algorithm","Loop+1","Echo Form+1","Consume+1","Loop+1","Core Surge","Finesse+1","Hologram+1","BootSequence+1","Double Energy+1","Defragment+1"],"relics":["Cracked Core","Golden Idol","Ice Cream","Tiny Chest","Bottled Tornado","Frozen Egg 2","Sozu","Torii","Red Mask","Calipers","Incense Burner","PreservedInsect","Girya","Coffee Dripper","Thread and Needle","Centennial Puzzle","Dream Catcher","Juzu Bracelet","Du-Vu Doll","Gambling Chip","Blood Vial"],"potions_floor_usage":[16,50,56],"damage_taken":[{"damage":0,"enemies":"Cultist","floor":1,"turns":3},{"damage":1,"enemies":"Small Slimes","floor":4,"turns":3},{"damage":45,"enemies":"3 Sentries","floor":6,"turns":16},{"damage":0,"enemies":"Gremlin Nob","floor":8,"turns":4},{"damage":19,"enemies":"3 Sentries","floor":11,"turns":12},{"damage":0,"enemies":"Jaw Worm","floor":14,"turns":4},{"damage":0,"enemies":"The Guardian","floor":16,"turns":12},{"damage":0,"enemies":"Spheric Guardian","floor":18,"turns":5},{"damage":12,"enemies":"3 Byrds","floor":20,"turns":2},{"damage":0,"enemies":"Masked Bandits","floor":21,"turns":2},{"damage":0,"enemies":"Centurion and Healer","floor":22,"turns":7},{"damage":3,"enemies":"Gremlin Leader","floor":23,"turns":6},{"damage":13,"enemies":"Slavers","floor":25,"turns":3},{"damage":13,"enemies":"Book of Stabbing","floor":28,"turns":7},{"damage":0,"enemies":"Snecko","floor":29,"turns":5},{"damage":3,"enemies":"Automaton","floor":33,"turns":14},{"damage":0,"enemies":"Orb Walker","floor":35,"turns":5},{"damage":14,"enemies":"3 Darklings","floor":37,"turns":4},{"damage":0,"enemies":"Mind Bloom Boss Battle","floor":38,"turns":11},{"damage":1,"enemies":"Reptomancer","floor":41,"turns":7},{"damage":0,"enemies":"Writhing Mass","floor":42,"turns":7},{"damage":0,"enemies":"Giant Head","floor":44,"turns":10},{"damage":20,"enemies":"2 Orb Walkers","floor":46,"turns":5},{"damage":0,"enemies":"Sphere and 2 Shapes","floor":47,"turns":5},{"damage":12,"enemies":"3 Darklings","floor":48,"turns":3},{"damage":20,"enemies":"Awakened One","floor":50,"turns":19},{"damage":2,"enemies":"Donu and Deca","floor":51,"turns":10},{"damage":0,"enemies":"Shield and Spear","floor":55,"turns":12},{"damage":0,"enemies":"The Heart","floor":56,"turns":15}],"seed_played":"-2987923615544660348","potions_obtained":[{"floor":4,"key":"Weak Potion"},{"floor":6,"key":"Dexterity Potion"},{"floor":16,"key":"SpeedPotion"}],"is_trial":false,"path_per_floor":["M","?","?","M","$","E","R","E","T","R","E","$","R","M","R","B",null,"M","T","M","?","M","E","R","E","T","$","E","M","R","T","R","B",null,"M","?","M","?","?","R","E","M","T","E","R","?","M","M","R","B","B",null,"R","$","E","B",null],"character_chosen":"DEFECT","items_purchased":["PowerPotion","Coolheaded","Blizzard","Defragment+1","Gambling Chip"],"campfire_rested":0,"item_purchase_floors":[12,27,27,54,54],"current_hp_per_floor":[64,64,64,63,63,18,18,25,25,25,13,13,13,23,23,33,56,64,64,62,62,64,64,64,51,51,51,48,58,58,58,58,64,64,64,64,60,64,54,54,64,64,64,64,64,54,64,62,62,62,64,64,64,64,64,64],"gold":63,"neow_bonus":"THREE_RARE_CARDS","is_prod":false,"is_daily":false,"chose_seed":false,"campfire_upgraded":10,"win_rate":0,"timestamp":1564314537,"path_taken":["M","?","?","M","$","E","R","E","T","R","E","?","R","M","R","BOSS","M","?","?","?","M","E","R","E","T","$","E","M","R","?","R","BOSS","M","?","?","?","?","R","E","M","T","E","R","?","M","M","R","BOSS","BOSS","R","$","E","BOSS"],"build_version":"2019-07-17","purchased_purges":3,"victory":true,"max_hp_per_floor":[71,71,64,64,64,64,64,64,64,64,64,64,64,64,64,64,64,64,64,64,64,64,64,64,64,64,64,64,64,64,64,64,64,64,64,64,64,64,64,64,64,64,64,64,64,64,64,64,64,64,64,64,64,64,64,64],"card_choices":[{"not_picked":["Multi-Cast","Amplify"],"picked":"Buffer","floor":0},{"not_picked":["Beam Cell","Chaos"],"picked":"Cold Snap","floor":1},{"not_picked":["Leap","Chaos"],"picked":"FTL","floor":4},{"not_picked":["Beam Cell","Scrape"],"picked":"Self Repair","floor":6},{"not_picked":["Beam Cell","Rip and Tear","Force Field"],"picked":"SKIP","floor":8},{"not_picked":["Compile Driver","Rainbow"],"picked":"Go for the Eyes","floor":11},{"not_picked":["Go for the Eyes","Beam Cell"],"picked":"Undo","floor":14},{"not_picked":["Fission","Seek"],"picked":"Electrodynamics+1","floor":16},{"not_picked":["Rebound","Gash","Scrape"],"picked":"SKIP","floor":18},{"not_picked":["Melter","Leap","Beam Cell"],"picked":"SKIP","floor":20},{"not_picked":["Compile Driver","Go for the Eyes","Steam"],"picked":"SKIP","floor":22},{"not_picked":["Hologram","Barrage"],"picked":"Core Surge","floor":23},{"not_picked":["Undo","Reprogram","Streamline"],"picked":"SKIP","floor":25},{"not_picked":["Turbo","Leap"],"picked":"Genetic Algorithm","floor":28},{"not_picked":["Go for the Eyes","Steam"],"picked":"Loop+1","floor":29},{"not_picked":["Creative AI+1","Rainbow"],"picked":"Echo Form+1","floor":33},{"not_picked":["Rebound","Redo"],"picked":"Consume","floor":35},{"not_picked":["Beam Cell","Coolheaded+1"],"picked":"Loop+1","floor":37},{"not_picked":["Gash+1","Streamline"],"picked":"Core Surge","floor":38},{"not_picked":["Transmutation","Jack Of All Trades"],"picked":"Finesse","floor":39},{"not_picked":["Scrape","All For One","Force Field"],"picked":"SKIP","floor":41},{"not_picked":["FTL+1","BootSequence"],"picked":"Hologram+1","floor":42},{"not_picked":["Hello World+1","Sunder","Conserve Battery"],"picked":"SKIP","floor":44},{"not_picked":["Leap","Reinforced Body"],"picked":"BootSequence+1","floor":47},{"not_picked":["Beam Cell","Streamline"],"picked":"Double Energy","floor":48},{"not_picked":["Barrage+1","Gash","Thunder Strike"],"picked":"SKIP","floor":55}],"player_experience":1262070,"relics_obtained":[{"floor":6,"key":"Ice Cream"},{"floor":8,"key":"Tiny Chest"},{"floor":9,"key":"Bottled Tornado"},{"floor":11,"key":"Frozen Egg 2"},{"floor":19,"key":"Torii"},{"floor":21,"key":"Red Mask"},{"floor":23,"key":"Calipers"},{"floor":25,"key":"Incense Burner"},{"floor":26,"key":"PreservedInsect"},{"floor":28,"key":"Girya"},{"floor":38,"key":"Thread and Needle"},{"floor":41,"key":"Centennial Puzzle"},{"floor":43,"key":"Dream Catcher"},{"floor":44,"key":"Juzu Bracelet"},{"floor":46,"key":"Du-Vu Doll"},{"floor":55,"key":"Blood Vial"}],"event_choices":[{"damage_healed":0,"gold_gain":0,"cards_transformed":["Strike_B"],"player_choice":"Change","damage_taken":0,"max_hp_gain":0,"max_hp_loss":0,"event_name":"Living Wall","floor":2,"gold_loss":0,"cards_obtained":["Defragment"]},{"damage_healed":0,"gold_gain":0,"player_choice":"Lose Max HP","damage_taken":0,"relics_obtained":["Golden Idol"],"max_hp_gain":0,"max_hp_loss":7,"event_name":"Golden Idol","floor":3,"gold_loss":0},{"damage_healed":0,"gold_gain":0,"player_choice":"Fought Bandits","damage_taken":0,"max_hp_gain":0,"max_hp_loss":0,"event_name":"Masked Bandits","floor":21,"gold_loss":0},{"cards_removed":["Strike_B"],"damage_healed":0,"gold_gain":0,"player_choice":"Single Remove","damage_taken":0,"max_hp_gain":0,"max_hp_loss":0,"event_name":"Designer","floor":36,"gold_loss":75},{"damage_healed":0,"gold_gain":0,"player_choice":"Fight","damage_taken":0,"max_hp_gain":0,"max_hp_loss":0,"event_name":"MindBloom","floor":38,"gold_loss":0},{"damage_healed":0,"gold_gain":0,"player_choice":"Memory 3","damage_taken":10,"max_hp_gain":0,"max_hp_loss":0,"event_name":"SensoryStone","floor":39,"gold_loss":0},{"damage_healed":0,"gold_gain":0,"player_choice":"Fight","damage_taken":0,"max_hp_gain":0,"max_hp_loss":0,"event_name":"Mysterious Sphere","floor":46,"gold_loss":0}],"is_beta":false,"boss_relics":[{"not_picked":["White Beast Statue","Nuclear Battery"],"picked":"Sozu"},{"not_picked":["Philosopher\u0027s Stone","Busted Crown"],"picked":"Coffee Dripper"}],"items_purged_floors":[12,27,54],"is_endless":false,"potions_floor_spawned":[4,6,16,18,20,23,29,37,41,42,47,55],"ascension_level":20}