{"gold_per_floor":[360,360,435,435,449,449,206,217,217,234,234,263,275,301,301,378,378,393,393,103,130,130,160,160,160],"floor_reached":25,"playtime":604,"items_purged":["Strike_B","Strike_B"],"score":554,"play_id":"e86f6a1e-967a-43f3-a0bf-e36a525a5716","local_time":"20190711181138","is_ascension_mode":true,"campfire_choices":[{"data":"Hyperbeam","floor":6,"key":"SMITH"},{"data":"Self Repair","floor":11,"key":"SMITH"},{"data":"Buffer","floor":15,"key":"SMITH"},{"floor":24,"key":"RECALL"}],"neow_cost":"TEN_PERCENT_HP_LOSS","seed_source_timestamp":11260952896100,"circlet_count":0,"master_deck":["AscendersBane","Strike_B","Defend_B","Defend_B","Defend_B","Defend_B","Zap","Dualcast","Hyperbeam+1","Self Repair+1","Melter+1","White Noise","Cold Snap+1","Buffer+1","Coolheaded","Recycle","Electrodynamics","Coolheaded","Capacitor","Rainbow"],"relics":["Cracked Core","Matryoshka","Smiling Mask","Blood Vial","Shuriken","Whetstone","Fusion Hammer","Centennial Puzzle","Red Mask","Blue Candle"],"potions_floor_usage":[14,23,25],"damage_taken":[{"damage":4,"enemies":"Jaw Worm","floor":1,"turns":4},{"damage":0,"enemies":"2 Louse","floor":5,"turns":2},{"damage":0,"enemies":"Cultist","floor":8,"turns":3},{"damage":0,"enemies":"2 Fungi Beasts","floor":10,"turns":2},{"damage":20,"enemies":"3 Sentries","floor":12,"turns":3},{"damage":16,"enemies":"Blue Slaver","floor":13,"turns":3},{"damage":11,"enemies":"Gremlin Nob","floor":14,"turns":3},{"damage":0,"enemies":"Slime Boss","floor":16,"turns":4},{"damage":26,"enemies":"2 Thieves","floor":18,"turns":5},{"damage":2,"enemies":"Masked Bandits","floor":21,"turns":2},{"damage":11,"enemies":"Slavers","floor":23,"turns":4},{"damage":67,"enemies":"Book of Stabbing","floor":25,"turns":5}],"seed_played":"2379716761646339370","potions_obtained":[{"floor":8,"key":"EssenceOfSteel"},{"floor":13,"key":"Poison Potion"},{"floor":14,"key":"Fire Potion"},{"floor":21,"key":"FocusPotion"}],"is_trial":false,"path_per_floor":["M","?","?","T","M","R","$","M","T","M","R","E","M","E","R","B",null,"M","?","$","?","?","E","R","E"],"character_chosen":"DEFECT","items_purchased":["Self Repair","Melter","Centennial Puzzle","Capacitor"],"campfire_rested":0,"item_purchase_floors":[7,7,20,20],"current_hp_per_floor":[60,60,49,49,49,49,49,56,56,64,64,54,60,61,61,64,64,48,48,48,58,58,59,59,0],"gold":160,"neow_bonus":"TWO_FIFTY_GOLD","is_prod":false,"is_daily":false,"chose_seed":false,"campfire_upgraded":3,"win_rate":0,"timestamp":1562836298,"path_taken":["M","?","?","?","M","R","$","M","T","M","R","E","?","E","R","BOSS","M","?","$","?","?","E","R","E"],"build_version":"2019-07-05","purchased_purges":2,"victory":false,"max_hp_per_floor":[64,64,64,64,64,64,64,64,64,64,64,64,64,64,64,64,64,64,64,64,64,64,64,64,64],"card_choices":[{"not_picked":["Go for the Eyes","Compile Driver","Lockon"],"picked":"SKIP","floor":1},{"not_picked":["Force Field","Melter","Auto Shields"],"picked":"SKIP","floor":5},{"not_picked":["Static Discharge","Melter"],"picked":"White Noise","floor":8},{"not_picked":["Sweeping Beam","Stack"],"picked":"Cold Snap","floor":10},{"not_picked":["Redo","Glacier"],"picked":"Buffer","floor":12},{"not_picked":["Steam","Turbo"],"picked":"Coolheaded","floor":13},{"not_picked":["Leap","Turbo"],"picked":"Recycle","floor":14},{"not_picked":["Reboot","Thunder Strike"],"picked":"Electrodynamics","floor":16},{"not_picked":["Turbo","Leap","Stack+1"],"picked":"SKIP","floor":18},{"not_picked":["Self Repair","Streamline"],"picked":"Rainbow","floor":23}],"player_experience":978812,"relics_obtained":[{"floor":4,"key":"Matryoshka"},{"floor":9,"key":"Smiling Mask"},{"floor":9,"key":"Blood Vial"},{"floor":12,"key":"Shuriken"},{"floor":14,"key":"Whetstone"},{"floor":21,"key":"Red Mask"},{"floor":23,"key":"Blue Candle"}],"event_choices":[{"damage_healed":0,"gold_gain":0,"cards_transformed":["Strike_B"],"player_choice":"Change","damage_taken":0,"max_hp_gain":0,"max_hp_loss":0,"event_name":"Living Wall","floor":2,"gold_loss":0,"cards_obtained":["Hyperbeam"]},{"damage_healed":0,"gold_gain":75,"player_choice":"Gather Gold","damage_taken":11,"max_hp_gain":0,"max_hp_loss":0,"event_name":"World of Goop","floor":3,"gold_loss":0},{"damage_healed":0,"gold_gain":0,"player_choice":"Read","damage_taken":0,"max_hp_gain":0,"max_hp_loss":0,"event_name":"The Library","floor":19,"gold_loss":0,"cards_obtained":["Coolheaded"]},{"damage_healed":0,"gold_gain":0,"player_choice":"Fought Bandits","damage_taken":0,"max_hp_gain":0,"max_hp_loss":0,"event_name":"Masked Bandits","floor":21,"gold_loss":0},{"damage_healed":0,"gold_gain":0,"player_choice":"Ignored","damage_taken":0,"max_hp_gain":0,"max_hp_loss":0,"event_name":"Ghosts","floor":22,"gold_loss":0}],"is_beta":false,"boss_relics":[{"not_picked":["Eternal Feather","FrozenCore"],"picked":"Fusion Hammer"}],"items_purged_floors":[7,20],"is_endless":false,"potions_floor_spawned":[8,13,14,21],"killed_by":"Book of Stabbing","ascension_level":20}