{"gold_per_floor":[118,6,26,38,38,38,74,74,74,97,110,165,165,25,25,25],"floor_reached":16,"playtime":421,"items_purged":["Strike_G","Strike_G"],"score":200,"play_id":"9bcaed27-93e0-45c4-ad9c-d8f4d7c473ca","local_time":"20190726192354","is_ascension_mode":true,"campfire_choices":[{"data":"Dagger Spray","floor":6,"key":"SMITH"},{"data":"Bouncing Flask","floor":8,"key":"SMITH"},{"data":"Footwork","floor":15,"key":"SMITH"}],"neow_cost":"NONE","seed_source_timestamp":619078858544600,"circlet_count":0,"master_deck":["AscendersBane","Strike_G","Strike_G","Strike_G","Defend_G","Defend_G","Defend_G","Defend_G","Defend_G","Survivor","Neutralize","Bouncing Flask+1","Footwork+1","Deflect","Dagger Spray+1","Unload","Dodge and Roll","Infinite Blades"],"relics":["Ring of the Snake","NeowsBlessing","Golden Idol","Bottled Flame","Letter Opener"],"potions_floor_usage":[16,16],"damage_taken":[{"damage":0,"enemies":"Cultist","floor":1,"turns":1},{"damage":0,"enemies":"Jaw Worm","floor":3,"turns":1},{"damage":0,"enemies":"Small Slimes","floor":4,"turns":1},{"damage":31,"enemies":"3 Sentries","floor":7,"turns":8},{"damage":1,"enemies":"Exordium Thugs","floor":10,"turns":5},{"damage":2,"enemies":"Looter","floor":11,"turns":3},{"damage":26,"enemies":"Slime Boss","floor":16,"turns":6}],"seed_played":"-6379254305178505505","potions_obtained":[{"floor":7,"key":"Strength Potion"},{"floor":10,"key":"Swift Potion"},{"floor":11,"key":"Strength Potion"}],"is_trial":false,"path_per_floor":["M","$","M","M","?","R","E","R","T","M","M","?","?","$","R","B"],"character_chosen":"THE_SILENT","items_purchased":["Footwork","Infinite Blades"],"campfire_rested":0,"item_purchase_floors":[2,14],"current_hp_per_floor":[59,59,59,59,59,59,28,28,28,27,25,25,25,25,25,0],"gold":25,"neow_bonus":"THREE_ENEMY_KILL","is_prod":false,"is_daily":false,"chose_seed":false,"campfire_upgraded":3,"win_rate":0,"timestamp":1564136634,"path_taken":["M","$","M","?","?","R","E","R","T","M","M","?","?","$","R","BOSS"],"build_version":"2019-07-17","purchased_purges":2,"victory":false,"max_hp_per_floor":[66,66,66,66,60,60,60,60,60,60,60,60,60,60,60,60],"card_choices":[{"not_picked":["Dodge and Roll","Prepared"],"picked":"Bouncing Flask","floor":1},{"not_picked":["Riddle With Holes","Leg Sweep"],"picked":"Deflect","floor":3},{"not_picked":["Deflect","Dagger Throw"],"picked":"Dagger Spray","floor":4},{"not_picked":["Skewer","Dagger Throw"],"picked":"Unload","floor":7},{"not_picked":["Slice","Underhanded Strike","Flying Knee"],"picked":"SKIP","floor":10},{"not_picked":["Slice","Flying Knee"],"picked":"Dodge and Roll","floor":11}],"player_experience":1229166,"relics_obtained":[{"floor":7,"key":"Bottled Flame"},{"floor":9,"key":"Letter Opener"}],"event_choices":[{"damage_healed":0,"gold_gain":0,"player_choice":"Lose Max HP","damage_taken":0,"relics_obtained":["Golden Idol"],"max_hp_gain":0,"max_hp_loss":6,"event_name":"Golden Idol","floor":5,"gold_loss":0},{"damage_healed":0,"gold_gain":55,"player_choice":"Gained Gold","damage_taken":0,"max_hp_gain":0,"max_hp_loss":0,"event_name":"Golden Wing","floor":12,"gold_loss":0},{"damage_healed":0,"gold_gain":0,"player_choice":"0 cards matched","damage_taken":0,"max_hp_gain":0,"max_hp_loss":0,"event_name":"Match and Keep!","floor":13,"gold_loss":0,"cards_obtained":[]}],"is_beta":false,"boss_relics":[],"items_purged_floors":[2,14],"is_endless":false,"potions_floor_spawned":[7,10,11],"killed_by":"Slime Boss","ascension_level":20}