{"gold_per_floor":[110,125,125,125,141,169,169,180,180,180,199,224,224,224],"floor_reached":14,"playtime":263,"items_purged":[],"score":250,"play_id":"5da25592-45e3-4722-8d34-63d25a068504","local_time":"20190725094934","is_ascension_mode":true,"campfire_choices":[{"floor":7,"key":"REST"},{"data":"Sunder","floor":10,"key":"SMITH"},{"data":"Buffer","floor":13,"key":"SMITH"}],"neow_cost":"PERCENT_DAMAGE","seed_source_timestamp":498374705134300,"circlet_count":0,"master_deck":["AscendersBane","Strike_B","Strike_B","Strike_B+1","Strike_B","Defend_B","Defend_B","Defend_B","Defend_B","Zap","Dualcast+1","Hyperbeam+1","Cold Snap","Chill","Sunder+1","Cold Snap","Coolheaded","Buffer+1"],"relics":["Cracked Core","The Courier","Ornamental Fan","Pen Nib"],"potions_floor_usage":[6,12],"damage_taken":[{"damage":0,"enemies":"Jaw Worm","floor":1,"turns":3},{"damage":10,"enemies":"Small Slimes","floor":2,"turns":3},{"damage":0,"enemies":"Cultist","floor":5,"turns":2},{"damage":0,"enemies":"Gremlin Nob","floor":6,"turns":2},{"damage":4,"enemies":"Blue Slaver","floor":8,"turns":3},{"damage":10,"enemies":"Gremlin Gang","floor":11,"turns":3},{"damage":13,"enemies":"Lagavulin","floor":12,"turns":8},{"damage":0,"enemies":"Gremlin Nob","floor":14,"turns":4}],"seed_played":"-4044674454743421958","potions_obtained":[{"floor":1,"key":"FearPotion"},{"floor":6,"key":"Energy Potion"},{"floor":11,"key":"AttackPotion"}],"is_trial":false,"path_per_floor":["M","M","?","?","M","E","R","M","T","R","M","E","R","E"],"character_chosen":"DEFECT","items_purchased":[],"campfire_rested":1,"item_purchase_floors":[],"current_hp_per_floor":[46,36,15,15,15,15,36,32,32,32,22,9,9,9],"gold":224,"neow_bonus":"THREE_RARE_CARDS","is_prod":false,"is_daily":false,"chose_seed":false,"campfire_upgraded":2,"win_rate":0,"timestamp":1564015774,"path_taken":["M","M","?","?","?","E","R","M","T","R","M","E","R","E"],"build_version":"2019-07-17","purchased_purges":0,"victory":false,"max_hp_per_floor":[71,71,71,71,71,71,71,71,71,71,71,71,71,71],"card_choices":[{"not_picked":["Multi-Cast","Rainbow"],"picked":"Hyperbeam","floor":0},{"not_picked":["Blizzard","Barrage"],"picked":"Cold Snap","floor":1},{"not_picked":["Redo","Rebound"],"picked":"Chill","floor":2},{"not_picked":["Steam","Rebound"],"picked":"Sunder","floor":5},{"not_picked":["Redo","Barrage"],"picked":"Cold Snap","floor":6},{"not_picked":["Gash","Redo","Force Field"],"picked":"SKIP","floor":8},{"not_picked":["Steam","Beam Cell"],"picked":"Coolheaded","floor":11},{"not_picked":["Force Field","Conserve Battery"],"picked":"Buffer","floor":12}],"player_experience":1194760,"relics_obtained":[{"floor":6,"key":"The Courier"},{"floor":9,"key":"Ornamental Fan"},{"floor":12,"key":"Pen Nib"}],"event_choices":[{"damage_healed":0,"gold_gain":0,"player_choice":"Entered Light","damage_taken":21,"max_hp_gain":0,"max_hp_loss":0,"event_name":"Shining Light","floor":3,"gold_loss":0,"cards_upgraded":["Strike_B","Dualcast"]},{"damage_healed":0,"gold_gain":0,"player_choice":"Upgraded","damage_taken":0,"max_hp_gain":0,"max_hp_loss":0,"event_name":"Upgrade Shrine","floor":4,"gold_loss":0,"cards_upgraded":["Hyperbeam"]}],"is_beta":false,"boss_relics":[],"items_purged_floors":[],"is_endless":false,"potions_floor_spawned":[1,6,11],"killed_by":"Gremlin Nob","ascension_level":20}