{"gold_per_floor":[113,188,204,204,204,239,239,266,266,292,307,341,99,99,99,171,171,181,198,41,41,57,89,45,45,45,59,59,94,108,139,139,216,216,230,230,230,230,240,266,266,297,297,400,412,428,456,476,476,476,476,476,476,26,61,61],"floor_reached":57,"playtime":2455,"items_purged":["Strike_R"],"score":2982,"play_id":"be075e73-910f-4e61-92cb-19ecf895e9d0","local_time":"20190703170123","is_ascension_mode":true,"campfire_choices":[{"data":"Bash","floor":7.0,"key":"SMITH"},{"data":"Whirlwind","floor":15.0,"key":"SMITH"},{"floor":25.0,"key":"REST"},{"data":"Disarm","floor":28.0,"key":"SMITH"},{"data":"True Grit","floor":32.0,"key":"SMITH"},{"data":"Barricade","floor":41,"key":"SMITH"},{"floor":49,"key":"RECALL"},{"data":"Feel No Pain","floor":53,"key":"SMITH"}],"neow_cost":"NONE","seed_source_timestamp":374209986732200,"circlet_count":0,"master_deck":["AscendersBane","Strike_R+1","Strike_R","Strike_R+1","Defend_R","Defend_R+1","Defend_R","Defend_R","Bash+1","Seeing Red","Pommel Strike","Sword Boomerang","Whirlwind+1","Feel No Pain+1","Demon Form+1","Offering","Shrug It Off","Barricade+1","Disarm+1","Power Through+1","Second Wind","Evolve","True Grit+1","Limit Break","True Grit","Purity","Bandage Up+1","Demon Form","Body Slam+1","Sentinel","True Grit+1","Offering","Power Through+1"],"special_seed":0,"relics":["Burning Blood","NeowsBlessing","Question Card","Regal Pillow","PreservedInsect","Blood Vial","Omamori","Orichalcum","Letter Opener","Mark of Pain","Ancient Tea Set","Dead Branch","Happy Flower","Juzu Bracelet","Runic Dome","SsserpentHead","Art of War","Bag of Marbles","Gambling Chip","Whetstone","DollysMirror","War Paint","Bottled Lightning"],"potions_floor_usage":[51,56,56],"damage_taken":[{"damage":0.0,"enemies":"2 Louse","floor":1.0,"turns":1.0},{"damage":0.0,"enemies":"Jaw Worm","floor":3.0,"turns":1.0},{"damage":0.0,"enemies":"3 Sentries","floor":6.0,"turns":1.0},{"damage":8.0,"enemies":"Gremlin Nob","floor":8.0,"turns":3.0},{"damage":6.0,"enemies":"Small Slimes","floor":11.0,"turns":3.0},{"damage":25.0,"enemies":"3 Sentries","floor":12.0,"turns":5.0},{"damage":40.0,"enemies":"Hexaghost","floor":16.0,"turns":8.0},{"damage":23.0,"enemies":"Shell Parasite","floor":18.0,"turns":3.0},{"damage":26.0,"enemies":"3 Byrds","floor":19.0,"turns":4.0},{"damage":30.0,"enemies":"Sentry and Sphere","floor":22.0,"turns":5.0},{"damage":1.0,"enemies":"Slavers","floor":23.0,"turns":2.0},{"damage":8.0,"enemies":"Centurion and Healer","floor":27.0,"turns":4.0},{"damage":16.0,"enemies":"Gremlin Leader","floor":29.0,"turns":4.0},{"damage":8.0,"enemies":"3 Cultists","floor":30.0,"turns":5.0},{"damage":22.0,"enemies":"Book of Stabbing","floor":31.0,"turns":5.0},{"damage":24.0,"enemies":"Automaton","floor":33.0,"turns":8.0},{"damage":6.0,"enemies":"3 Shapes","floor":35.0,"turns":3.0},{"damage":6.0,"enemies":"3 Darklings","floor":39.0,"turns":3.0},{"damage":25,"enemies":"Giant Head","floor":40,"turns":5},{"damage":19,"enemies":"Reptomancer","floor":42,"turns":5},{"damage":14,"enemies":"2 Orb Walkers","floor":44,"turns":3},{"damage":10,"enemies":"4 Shapes","floor":45,"turns":5},{"damage":8,"enemies":"Spire Growth","floor":46,"turns":5},{"damage":8,"enemies":"Giant Head","floor":47,"turns":6},{"damage":31,"enemies":"Sphere and 2 Shapes","floor":48,"turns":8},{"damage":6,"enemies":"Donu and Deca","floor":50,"turns":11},{"damage":38,"enemies":"Awakened One","floor":51,"turns":9},{"damage":44,"enemies":"Shield and Spear","floor":55,"turns":4},{"damage":30,"enemies":"The Heart","floor":56,"turns":9}],"seed_played":"4109626499835017762","potions_obtained":[{"floor":1.0,"key":"Strength Potion"},{"floor":8.0,"key":"Strength Potion"},{"floor":11.0,"key":"FearPotion"},{"floor":19.0,"key":"Dexterity Potion"},{"floor":23.0,"key":"SteroidPotion"},{"floor":27.0,"key":"SmokeBomb"},{"floor":30.0,"key":"Fruit Juice"},{"floor":35.0,"key":"Block Potion"},{"floor":47,"key":"LiquidBronze"},{"floor":48,"key":"AttackPotion"}],"is_trial":false,"path_per_floor":["M","?","M","?","?","E","R","E","T","T","M","E","$","?","R","B",null,"M","M","$","?","M","E","$","R","T","M","R","E","M","E","R","B",null,"M","?","?","?","M","E","R","E","T","?","M","M","E","M","R","B","B",null,"R","$","E","B",null],"character_chosen":"IRONCLAD","items_purchased":["Orichalcum","Offering","Disarm","PowerPotion","DollysMirror","War Paint"],"campfire_rested":1,"item_purchase_floors":[13,20,24,54,54,54],"current_hp_per_floor":[74,63,69,74,74,80,80,78,78,78,80,61,61,43,43,11,63,48,30,30,30,8,15,15,54,54,54,54,46,51,37,37,21,69,71,61,61,61,67,54,54,47,47,49,51,55,63,44,44,50,24,70,70,70,40,24],"gold":61,"neow_bonus":"THREE_ENEMY_KILL","is_prod":false,"is_daily":false,"chose_seed":false,"campfire_upgraded":6,"win_rate":0,"timestamp":1562140883,"path_taken":["M","?","M","?","?","E","R","E","T","?","M","E","$","?","R","BOSS","M","M","$","?","M","E","$","R","T","M","R","E","?","E","R","BOSS","M","?","?","?","M","E","R","E","T","?","M","M","E","M","R","BOSS","BOSS","R","$","E","BOSS"],"build_version":"2019-07-01","purchased_purges":1,"victory":true,"max_hp_per_floor":[75,75,75,80,80,80,80,80,80,80,80,80,80,80,80,80,80,80,80,80,80,80,80,80,80,80,80,80,80,85,85,85,85,85,85,85,85,85,85,85,85,85,85,85,85,85,85,85,85,85,85,85,85,85,85,85],"card_choices":[{"not_picked":["Sever Soul","Iron Wave"],"picked":"Seeing Red","floor":1.0},{"not_picked":["Combust","Warcry"],"picked":"Pommel Strike","floor":3.0},{"not_picked":["Bloodletting","Havoc"],"picked":"Sword Boomerang","floor":6.0},{"not_picked":["Heavy Blade","Seeing Red","Searing Blow"],"picked":"Whirlwind","floor":8.0},{"not_picked":["Thunderclap","Metallicize","Headbutt","Havoc"],"picked":"SKIP","floor":11.0},{"not_picked":["Clash","Iron Wave","Seeing Red"],"picked":"Feel No Pain","floor":12.0},{"not_picked":["Reaper","Offering","Juggernaut"],"picked":"Demon Form","floor":16.0},{"not_picked":["Dropkick+1","Flex+1","Clothesline","Metallicize"],"picked":"SKIP","floor":18.0},{"not_picked":["Clothesline+1","Reckless Charge","Metallicize","Anger"],"picked":"SKIP","floor":19.0},{"not_picked":["Thunderclap","Dual Wield","Blood for Blood+1"],"picked":"Shrug It Off","floor":22.0},{"not_picked":["Cleave","Blood for Blood","Clothesline"],"picked":"Barricade","floor":23.0},{"not_picked":["Headbutt","Body Slam","Hemokinesis"],"picked":"Power Through+1","floor":27.0},{"not_picked":["Limit Break","Havoc","Ghostly Armor"],"picked":"Second Wind","floor":29.0},{"not_picked":["Rampage","Body Slam","Headbutt"],"picked":"Evolve","floor":30.0},{"not_picked":["Body Slam","Heavy Blade","Inflame"],"picked":"True Grit","floor":31.0},{"not_picked":["Demon Form","Berserk","Double Tap"],"picked":"Limit Break","floor":33.0},{"not_picked":["Sever Soul+1","Twin Strike","Dropkick"],"picked":"True Grit","floor":35.0},{"not_picked":["HandOfGreed","Impatience","Thinking Ahead"],"picked":"Purity","floor":36.0},{"not_picked":["Enlightenment","Panache","Transmutation"],"picked":"Bandage Up","floor":36.0},{"not_picked":["Pommel Strike","Anger+1","Sword Boomerang","Twin Strike"],"picked":"SKIP","floor":39.0},{"not_picked":["Havoc","Carnage","Pommel Strike"],"picked":"Demon Form","floor":40},{"not_picked":["Heavy Blade","True Grit","Perfected Strike","Infernal Blade"],"picked":"SKIP","floor":42},{"not_picked":["Pommel Strike+1","Juggernaut","Heavy Blade","Anger"],"picked":"SKIP","floor":45},{"not_picked":["Thunderclap","Dropkick","Pommel Strike"],"picked":"Body Slam+1","floor":46},{"not_picked":["Infernal Blade+1","Dual Wield","Clothesline"],"picked":"Sentinel","floor":47},{"not_picked":["Iron Wave","Heavy Blade+1","Feed"],"picked":"True Grit+1","floor":48},{"not_picked":["Heavy Blade","Havoc+1","Headbutt"],"picked":"Power Through+1","floor":55}],"player_experience":912168,"relics_obtained":[{"floor":6.0,"key":"Question Card"},{"floor":8.0,"key":"Regal Pillow"},{"floor":9.0,"key":"PreservedInsect"},{"floor":10.0,"key":"Blood Vial"},{"floor":12.0,"key":"Omamori"},{"floor":23.0,"key":"Ancient Tea Set"},{"floor":26.0,"key":"Dead Branch"},{"floor":29.0,"key":"Happy Flower"},{"floor":31.0,"key":"Juzu Bracelet"},{"floor":40,"key":"Art of War"},{"floor":42,"key":"Bag of Marbles"},{"floor":44,"key":"Gambling Chip"},{"floor":47,"key":"Whetstone"},{"floor":55,"key":"Bottled Lightning"}],"event_choices":[{"damage_healed":0.0,"max_hp_gain":0.0,"max_hp_loss":0.0,"gold_gain":75.0,"event_name":"World of Goop","player_choice":"Gather Gold","floor":2.0,"gold_loss":0.0,"damage_taken":11.0},{"damage_healed":0.0,"max_hp_gain":5.0,"max_hp_loss":0.0,"gold_gain":0.0,"event_name":"Big Fish","player_choice":"Donut","floor":4.0,"gold_loss":0.0,"damage_taken":0.0},{"damage_healed":0.0,"max_hp_gain":0.0,"max_hp_loss":0.0,"gold_gain":0.0,"event_name":"Liars Game","player_choice":"Ignored","floor":5.0,"gold_loss":0.0,"damage_taken":0.0},{"damage_healed":0.0,"max_hp_gain":0.0,"max_hp_loss":0.0,"gold_gain":0.0,"event_name":"Scrap Ooze","player_choice":"Success","floor":14.0,"gold_loss":0.0,"damage_taken":18.0,"relics_obtained":["Letter Opener"]},{"damage_healed":0.0,"max_hp_gain":0.0,"max_hp_loss":0.0,"gold_gain":0.0,"event_name":"Upgrade Shrine","player_choice":"Upgraded","floor":21.0,"gold_loss":0.0,"damage_taken":0.0,"cards_upgraded":["Demon Form"]},{"damage_healed":0.0,"max_hp_gain":0.0,"max_hp_loss":0.0,"gold_gain":0.0,"event_name":"SensoryStone","player_choice":"Memory 3","floor":36.0,"gold_loss":0.0,"damage_taken":10.0},{"cards_removed":["Strike_R"],"damage_healed":0.0,"max_hp_gain":0.0,"max_hp_loss":0.0,"gold_gain":0.0,"event_name":"Falling","player_choice":"Removed Attack","floor":37.0,"gold_loss":0.0,"damage_taken":0.0},{"damage_healed":0.0,"max_hp_gain":0.0,"max_hp_loss":0.0,"gold_gain":0.0,"event_name":"FaceTrader","player_choice":"Trade","floor":38.0,"gold_loss":0.0,"damage_taken":0.0,"relics_obtained":["SsserpentHead"]},{"damage_healed":0,"gold_gain":0,"player_choice":"Fight","damage_taken":0,"max_hp_gain":0,"max_hp_loss":0,"event_name":"Mysterious Sphere","floor":44,"gold_loss":0}],"is_beta":false,"boss_relics":[{"not_picked":["Ectoplasm","Fusion Hammer"],"picked":"Mark of Pain"},{"not_picked":["Lizard Tail","Calling Bell"],"picked":"Runic Dome"}],"items_purged_floors":[13],"is_endless":false,"potions_floor_spawned":[1,8,11,19,23,27,30,35,47,48],"ascension_level":20}