{"gold_per_floor":[114,114,114,81,106,144,160,160,185,216,216,235,251,225,225,345,345,360,360,459,459,79,114,114,130,154,154,197,215,32,51,51],"floor_reached":32,"playtime":1551,"items_purged":["Pain"],"score":498,"play_id":"71f8f51d-1d5a-47df-a7e9-56d35b1fabe1","local_time":"20190610190322","is_ascension_mode":true,"campfire_choices":[{"floor":8.0,"key":"REST"},{"data":"Accuracy","floor":15.0,"key":"SMITH"},{"floor":24,"key":"REST"},{"floor":32,"key":"REST"}],"neow_cost":"NONE","seed_source_timestamp":1311058608696642,"circlet_count":0,"master_deck":["Defend_G+1","Defend_G+1","Defend_G+1","Defend_G+1","Strike_G+1","Strike_G+1","Strike_G+1","Strike_G+1","Strike_G+1","Survivor","Neutralize","Cloak And Dagger+1","Accuracy+1","Finisher","Leg Sweep","Tactician","Infinite Blades","Cloak And Dagger","Cloak And Dagger","Bullet Time","Cloak And Dagger","Apotheosis","Infinite Blades","After Image","Blade Dance","Masterful Stab","Accuracy","Prepared"],"special_seed":0,"relics":["Ring of the Snake","NeowsBlessing","Golden Idol","PreservedInsect","Strawberry","Omamori","Calling Bell","Smiling Mask","Darkstone Periapt","Du-Vu Doll","Orichalcum","Potion Belt","Bronze Scales"],"potions_floor_usage":[18,21,23,23,28,28,30,31],"damage_taken":[{"damage":0.0,"enemies":"Small Slimes","floor":1.0,"turns":1.0},{"damage":0.0,"enemies":"Jaw Worm","floor":5.0,"turns":1.0},{"damage":0.0,"enemies":"3 Sentries","floor":6.0,"turns":1.0},{"damage":0.0,"enemies":"Cultist","floor":7.0,"turns":4.0},{"damage":0.0,"enemies":"Gremlin Nob","floor":10.0,"turns":2.0},{"damage":5.0,"enemies":"Large Slime","floor":12.0,"turns":7.0},{"damage":4.0,"enemies":"Gremlin Gang","floor":13.0,"turns":5.0},{"damage":17.0,"enemies":"Slime Boss","floor":16.0,"turns":9.0},{"damage":17,"enemies":"Spheric Guardian","floor":18,"turns":6},{"damage":21,"enemies":"Colosseum Slavers","floor":21,"turns":5},{"damage":12,"enemies":"Book of Stabbing","floor":23,"turns":6},{"damage":7,"enemies":"Chosen","floor":25,"turns":7},{"damage":18,"enemies":"Slavers","floor":28,"turns":4},{"damage":9,"enemies":"Centurion and Healer","floor":29,"turns":6},{"damage":11,"enemies":"3 Cultists","floor":31,"turns":5}],"seed_played":"-3751942462021073730","potions_obtained":[{"floor":5.0,"key":"Ancient Potion"},{"floor":6.0,"key":"FearPotion"},{"floor":7.0,"key":"Swift Potion"},{"floor":13.0,"key":"Poison Potion"},{"floor":16.0,"key":"AttackPotion"},{"floor":18,"key":"Swift Potion"},{"floor":25,"key":"AttackPotion"},{"floor":28,"key":"Energy Potion"},{"floor":31,"key":"PowerPotion"}],"is_trial":false,"path_per_floor":["M","?","?","$","M","E","M","R","T","E","?","M","M","$","R","B",null,"M","?","?","?","$","E","R","M","T","?","E","M","$","M","R"],"character_chosen":"THE_SILENT","items_purchased":["Accuracy","Cloak And Dagger","GhostInAJar","Apotheosis","Infinite Blades","Accuracy","Fruit Juice"],"campfire_rested":3,"item_purchase_floors":[4,14,22,22,22,30,30],"current_hp_per_floor":[63,46,46,46,46,46,46,67,74,74,74,69,65,65,65,48,70,53,53,53,32,32,20,43,36,36,36,18,9,14,3,27],"gold":51,"neow_bonus":"THREE_ENEMY_KILL","is_prod":false,"is_daily":false,"chose_seed":false,"campfire_upgraded":1,"win_rate":0,"timestamp":1560182602,"path_taken":["M","?","?","$","?","E","M","R","T","E","?","?","M","$","R","BOSS","M","?","?","?","$","E","R","M","T","?","E","M","$","M","R"],"build_version":"2019-01-23","purchased_purges":1,"victory":false,"max_hp_per_floor":[70,70,70,70,70,70,70,70,77,77,77,77,77,77,77,77,77,77,77,77,77,77,77,77,77,77,77,77,77,82,82,82],"card_choices":[{"not_picked":["Bane","Prepared"],"picked":"Cloak And Dagger","floor":1.0},{"not_picked":["Slice","Deflect"],"picked":"Finisher","floor":5.0},{"not_picked":["Expertise","Dodge and Roll"],"picked":"Leg Sweep","floor":6.0},{"not_picked":["All Out Attack","Well Laid Plans","Calculated Gamble"],"picked":"SKIP","floor":7.0},{"not_picked":["Deflect","Dagger Throw","Acrobatics"],"picked":"SKIP","floor":10.0},{"not_picked":["Bane","Crippling Poison"],"picked":"Infinite Blades","floor":12.0},{"not_picked":["Corpse Explosion","Catalyst"],"picked":"Cloak And Dagger","floor":13.0},{"not_picked":["Storm of Steel","Phantasmal Killer"],"picked":"Bullet Time","floor":16.0},{"not_picked":["Expertise","Outmaneuver+1"],"picked":"Cloak And Dagger","floor":18},{"not_picked":["Acrobatics","Cloak And Dagger"],"picked":"After Image","floor":23},{"not_picked":["Acrobatics","Backflip+1"],"picked":"Blade Dance","floor":25},{"not_picked":["Outmaneuver","Sucker Punch"],"picked":"Masterful Stab","floor":28},{"not_picked":["Underhanded Strike+1","Backflip+1","Expertise"],"picked":"SKIP","floor":29},{"not_picked":["Concentrate","Outmaneuver"],"picked":"Prepared","floor":31}],"player_experience":1503822,"relics_obtained":[{"floor":6.0,"key":"PreservedInsect"},{"floor":9.0,"key":"Strawberry"},{"floor":10.0,"key":"Omamori"},{"floor":17,"key":"Smiling Mask"},{"floor":17,"key":"Darkstone Periapt"},{"floor":17,"key":"Du-Vu Doll"},{"floor":23,"key":"Orichalcum"},{"floor":26,"key":"Potion Belt"},{"floor":28,"key":"Bronze Scales"}],"event_choices":[{"damage_healed":0.0,"max_hp_gain":0.0,"max_hp_loss":0.0,"gold_gain":0.0,"event_name":"Golden Idol","player_choice":"Take Damage","floor":2.0,"gold_loss":0.0,"damage_taken":17.0,"relics_obtained":["Golden Idol"]},{"damage_healed":0.0,"max_hp_gain":0.0,"max_hp_loss":0.0,"gold_gain":0.0,"event_name":"Upgrade Shrine","player_choice":"Upgraded","floor":3.0,"gold_loss":0.0,"damage_taken":0.0,"cards_upgraded":["Cloak And Dagger"]},{"damage_healed":0.0,"max_hp_gain":0.0,"max_hp_loss":0.0,"gold_gain":0.0,"cards_transformed":["Defend_G"],"event_name":"Transmorgrifier","player_choice":"Transformed","floor":11.0,"gold_loss":0.0,"damage_taken":0.0,"cards_obtained":["Tactician"]},{"damage_healed":0,"gold_gain":0,"player_choice":"Ignored","damage_taken":0,"max_hp_gain":0,"max_hp_loss":0,"event_name":"Vampires","floor":19,"gold_loss":0},{"damage_healed":0,"gold_gain":99,"player_choice":"Stole From Cult","damage_taken":0,"max_hp_gain":0,"max_hp_loss":0,"event_name":"Nest","floor":20,"gold_loss":0},{"damage_healed":0,"gold_gain":0,"player_choice":"Fight","damage_taken":0,"max_hp_gain":0,"max_hp_loss":0,"event_name":"Colosseum","floor":21,"gold_loss":0},{"damage_healed":0,"gold_gain":0,"player_choice":"Fled From Nobs","damage_taken":0,"max_hp_gain":0,"max_hp_loss":0,"event_name":"Colosseum","floor":21,"gold_loss":0},{"damage_healed":0,"gold_gain":0,"player_choice":"Simplicity","damage_taken":0,"max_hp_gain":0,"max_hp_loss":0,"event_name":"Back to Basics","floor":27,"gold_loss":0,"cards_upgraded":["Defend_G","Defend_G","Defend_G","Defend_G","Strike_G","Strike_G","Strike_G","Strike_G","Strike_G"]}],"is_beta":false,"boss_relics":[{"not_picked":["Black Star","Lizard Tail"],"picked":"Calling Bell"}],"items_purged_floors":[22],"is_endless":false,"potions_floor_spawned":[5,6,7,13,16,18,25,28,31],"ascension_level":8}