{"gold_per_floor":[113,113,127,127,127,161,161,191,217,246,257,311,311,323,323,395,395,413,423,423,87,12,41,52,64,64,64,264,279,279,292,292,367,367,377,424,424,435,446,475,489,489,489,518,536,536,555,426,426,426,426,426,426,76,107,107],"floor_reached":57,"playtime":1961,"items_purged":["Armaments+1","Anger+1"],"score":3329,"play_id":"45928a8e-8b1a-4dad-83b3-f81857c0d755","local_time":"20190624173434","is_ascension_mode":true,"campfire_choices":[{"data":"Whirlwind","floor":7,"key":"SMITH"},{"data":"Armaments","floor":15,"key":"SMITH"},{"data":"Anger","floor":27,"key":"SMITH"},{"data":"Twin Strike","floor":30,"key":"SMITH"},{"data":"Defend_R","floor":32,"key":"SMITH"},{"data":"Body Slam","floor":42,"key":"SMITH"},{"floor":49,"key":"RECALL"},{"data":"Defend_R","floor":53,"key":"SMITH"}],"neow_cost":"NONE","seed_source_timestamp":185754073647800,"circlet_count":0,"master_deck":["AscendersBane","Defend_R","Defend_R+1","Defend_R+1","Impervious+1","Entrench+1","Twin Strike+1","Ghostly Armor+1","True Grit+1","Offering+1","Shrug It Off+1","Battle Trance+1","Bloodletting+1","Barricade+1","Warcry+1","Entrench+1","Offering+1","Body Slam+1","Evolve+1","Juggernaut+1","Second Wind+1"],"relics":["Burning Blood","NeowsBlessing","Boot","Toxic Egg 2","Red Skull","Meat on the Bone","Regal Pillow","Empty Cage","Frozen Egg 2","Paper Frog","Cursed Key","Bird Faced Urn","Singing Bowl","Omamori","Anchor","Bottled Tornado"],"potions_floor_usage":[16,18,23,23,40,55],"damage_taken":[{"damage":0,"enemies":"Jaw Worm","floor":1,"turns":1},{"damage":0,"enemies":"Small Slimes","floor":3,"turns":1},{"damage":0,"enemies":"Lagavulin","floor":6,"turns":1},{"damage":14,"enemies":"3 Sentries","floor":8,"turns":5},{"damage":40,"enemies":"Lagavulin","floor":10,"turns":8},{"damage":0,"enemies":"Cultist","floor":11,"turns":3},{"damage":2,"enemies":"2 Fungi Beasts","floor":14,"turns":3},{"damage":24,"enemies":"The Guardian","floor":16,"turns":15},{"damage":0,"enemies":"3 Byrds","floor":18,"turns":4},{"damage":12,"enemies":"2 Thieves","floor":19,"turns":4},{"damage":21,"enemies":"Slavers","floor":23,"turns":2},{"damage":6,"enemies":"Centurion and Healer","floor":24,"turns":14},{"damage":9,"enemies":"3 Cultists","floor":25,"turns":4},{"damage":6,"enemies":"Chosen and Byrds","floor":29,"turns":11},{"damage":3,"enemies":"Snecko","floor":31,"turns":13},{"damage":21,"enemies":"Collector","floor":33,"turns":12},{"damage":6,"enemies":"Orb Walker","floor":35,"turns":7},{"damage":37,"enemies":"2 Orb Walkers","floor":36,"turns":6},{"damage":11,"enemies":"3 Shapes","floor":38,"turns":4},{"damage":12,"enemies":"Jaw Worm Horde","floor":39,"turns":1},{"damage":12,"enemies":"Nemesis","floor":40,"turns":3},{"damage":12,"enemies":"Maw","floor":41,"turns":6},{"damage":6,"enemies":"Giant Head","floor":44,"turns":6},{"damage":34,"enemies":"Transient","floor":45,"turns":6},{"damage":9,"enemies":"Writhing Mass","floor":47,"turns":1},{"damage":12,"enemies":"Time Eater","floor":50,"turns":3},{"damage":6,"enemies":"Donu and Deca","floor":51,"turns":5},{"damage":12,"enemies":"Shield and Spear","floor":55,"turns":3},{"damage":15,"enemies":"The Heart","floor":56,"turns":7}],"seed_played":"943580091580990179","potions_obtained":[{"floor":6,"key":"Energy Potion"},{"floor":10,"key":"Strength Potion"},{"floor":16,"key":"SkillPotion"},{"floor":19,"key":"Energy Potion"},{"floor":24,"key":"Weak Potion"},{"floor":31,"key":"SpeedPotion"},{"floor":36,"key":"Regen Potion"},{"floor":38,"key":"Energy Potion"},{"floor":44,"key":"Regen Potion"}],"is_trial":false,"path_per_floor":["M","$","M","?","?","E","R","E","T","E","M","T","?","M","R","B",null,"M","M","?","$","?","E","M","M","T","R","?","M","R","M","R","B",null,"M","?","?","M","M","E","M","R","T","E","M","?","M","$","R","B","B",null,"R","$","E","B",null],"character_chosen":"IRONCLAD","items_purchased":["Frozen Egg 2","Shrug It Off+1","Swift Potion","Anchor","GamblersBrew"],"campfire_rested":0,"item_purchase_floors":[21,21,48,54,54],"current_hp_per_floor":[74,74,75,68,68,74,74,66,66,32,50,50,50,54,54,48,68,74,68,68,68,68,53,53,50,50,50,50,50,50,53,53,50,69,69,50,40,49,55,64,64,64,64,70,58,58,59,59,59,57,61,76,76,76,78,73],"gold":107,"neow_bonus":"THREE_ENEMY_KILL","is_prod":false,"is_daily":false,"chose_seed":false,"campfire_upgraded":7,"win_rate":0,"timestamp":1561365274,"path_taken":["M","$","M","?","?","E","R","E","T","E","M","?","?","?","R","BOSS","M","M","?","$","?","E","?","M","T","R","?","M","R","M","R","BOSS","M","?","?","M","M","E","M","R","T","E","M","?","M","$","R","BOSS","BOSS","R","$","E","BOSS"],"build_version":"2019-01-23","purchased_purges":2,"victory":true,"max_hp_per_floor":[75,75,75,75,75,75,75,75,75,75,75,75,75,75,75,75,75,75,75,75,75,75,75,75,75,75,75,75,75,75,75,75,75,75,75,75,75,75,75,77,79,79,79,81,81,81,81,81,81,81,81,81,81,81,83,83],"card_choices":[{"not_picked":["Metallicize","Fire Breathing"],"picked":"Armaments","floor":1},{"not_picked":["Havoc","Sword Boomerang"],"picked":"Anger","floor":3},{"not_picked":["Headbutt","True Grit"],"picked":"Whirlwind","floor":6},{"not_picked":["Sword Boomerang","True Grit"],"picked":"Impervious","floor":8},{"not_picked":["Perfected Strike","Twin Strike"],"picked":"Entrench+1","floor":10},{"not_picked":["Havoc+1","Perfected Strike"],"picked":"Twin Strike","floor":11},{"not_picked":["Metallicize","Body Slam"],"picked":"True Grit+1","floor":14},{"not_picked":["Berserk","Juggernaut"],"picked":"Offering+1","floor":16},{"not_picked":["Perfected Strike","Clothesline+1","Anger"],"picked":"SKIP","floor":18},{"not_picked":["Anger","Burning Pact+1","Clothesline"],"picked":"SKIP","floor":19},{"not_picked":["Power Through+1","Perfected Strike"],"picked":"Barricade+1","floor":23},{"not_picked":["Headbutt","Iron Wave"],"picked":"Warcry+1","floor":24},{"not_picked":["Fiend Fire","Searing Blow"],"picked":"Entrench+1","floor":25},{"not_picked":["Havoc+1","Dropkick","Reckless Charge+1"],"picked":"SKIP","floor":29},{"not_picked":["Blood for Blood+1","Heavy Blade","Anger"],"picked":"SKIP","floor":31},{"not_picked":["Immolate","Reaper"],"picked":"Offering+1","floor":33},{"not_picked":["Cleave+1","Rage+1","Bloodletting+1"],"picked":"SKIP","floor":35},{"not_picked":["Rupture+1","Iron Wave"],"picked":"Body Slam","floor":36},{"not_picked":["Body Slam","Metallicize+1","Armaments+1"],"picked":"SKIP","floor":38},{"not_picked":["Body Slam","Metallicize+1","Armaments+1"],"picked":"SKIP","floor":38},{"not_picked":["Havoc+1","Twin Strike"],"picked":"Evolve+1","floor":39},{"not_picked":["Combust+1","Evolve+1","Body Slam+1"],"picked":"Singing Bowl","floor":40},{"not_picked":["Wild Strike","Hemokinesis","Dropkick"],"picked":"Singing Bowl","floor":41},{"not_picked":["Warcry+1","Havoc+1","Inflame+1"],"picked":"Singing Bowl","floor":44},{"not_picked":["Warcry+1","Thunderclap"],"picked":"Juggernaut+1","floor":45},{"not_picked":["Shrug It Off+1","Clothesline"],"picked":"Second Wind+1","floor":47},{"not_picked":["Body Slam","Twin Strike","Armaments+1"],"picked":"Singing Bowl","floor":55}],"player_experience":791023,"relics_obtained":[{"floor":6,"key":"Boot"},{"floor":8,"key":"Toxic Egg 2"},{"floor":9,"key":"Red Skull"},{"floor":10,"key":"Meat on the Bone"},{"floor":12,"key":"Regal Pillow"},{"floor":23,"key":"Paper Frog"},{"floor":36,"key":"Bird Faced Urn"},{"floor":40,"key":"Singing Bowl"},{"floor":44,"key":"Omamori"},{"floor":55,"key":"Bottled Tornado"}],"event_choices":[{"cards_removed":["Strike_R"],"damage_healed":0,"gold_gain":0,"player_choice":"Card Removal","damage_taken":7,"max_hp_gain":0,"max_hp_loss":0,"event_name":"Golden Wing","floor":4,"gold_loss":0},{"damage_healed":0,"gold_gain":0,"player_choice":"Ignored","damage_taken":0,"max_hp_gain":0,"max_hp_loss":0,"event_name":"Liars Game","floor":5,"gold_loss":0},{"damage_healed":0,"gold_gain":0,"cards_transformed":["Strike_R"],"player_choice":"Change","damage_taken":0,"max_hp_gain":0,"max_hp_loss":0,"event_name":"Living Wall","floor":13,"gold_loss":0,"cards_obtained":["Ghostly Armor"]},{"cards_removed":["Strike_R"],"damage_healed":0,"gold_gain":0,"player_choice":"Elegance","damage_taken":0,"max_hp_gain":0,"max_hp_loss":0,"event_name":"Back to Basics","floor":20,"gold_loss":0},{"damage_healed":0,"gold_gain":0,"cards_transformed":["Defend_R","Bash"],"player_choice":"Transformed Cards","damage_taken":0,"max_hp_gain":0,"max_hp_loss":0,"event_name":"Designer","floor":22,"gold_loss":75,"cards_obtained":["Battle Trance","Bloodletting"]},{"damage_healed":0,"gold_gain":250,"player_choice":"Bet on Owner","damage_taken":0,"max_hp_gain":0,"max_hp_loss":0,"event_name":"The Joust","floor":28,"gold_loss":50},{"damage_healed":0,"gold_gain":0,"player_choice":"Fight","damage_taken":0,"max_hp_gain":0,"max_hp_loss":0,"event_name":"Mysterious Sphere","floor":36,"gold_loss":0},{"damage_healed":0,"gold_gain":0,"player_choice":"Memory 3","damage_taken":10,"max_hp_gain":0,"max_hp_loss":0,"event_name":"SensoryStone","floor":37,"gold_loss":0},{"cards_removed":["Whirlwind"],"damage_healed":0,"gold_gain":0,"player_choice":"Removed Attack","damage_taken":0,"max_hp_gain":0,"max_hp_loss":0,"event_name":"Falling","floor":46,"gold_loss":0}],"is_beta":false,"boss_relics":[{"not_picked":["Eternal Feather","White Beast Statue"],"picked":"Empty Cage"},{"not_picked":["Mark of Pain","Velvet Choker"],"picked":"Cursed Key"}],"items_purged_floors":[48,54],"is_endless":false,"potions_floor_spawned":[6,10,16,19,24,31,36,38,39,44,45],"ascension_level":20}