{"gold_per_floor":[117,60,60,78,90,90,115,115,115,200,51,51,71,71],"floor_reached":14,"playtime":461,"items_purged":[],"score":176,"play_id":"d5f01c0f-2628-4a38-924f-0bd5690a420c","local_time":"20190615210409","is_ascension_mode":true,"campfire_choices":[{"data":"True Grit","floor":6,"key":"SMITH"},{"floor":8,"key":"REST"}],"neow_cost":"NONE","seed_source_timestamp":109845336249800,"circlet_count":0,"master_deck":["AscendersBane","Bash","Wild Strike","Rupture","Juggernaut","Limit Break","Fire Breathing","Blood for Blood","Bloodletting","Cleave","Seeing Red","Shrug It Off","Flex","True Grit+1","Anger","True Grit","Metallicize","Bandage Up","Armaments"],"relics":["Pandora\u0027s Box","Self Forming Clay","Mummified Hand","Tiny Chest","Golden Idol"],"potions_floor_usage":[4,10],"damage_taken":[{"damage":15,"enemies":"Small Slimes","floor":1,"turns":3},{"damage":0,"enemies":"Cultist","floor":4,"turns":3},{"damage":17,"enemies":"Jaw Worm","floor":5,"turns":4},{"damage":33,"enemies":"3 Sentries","floor":7,"turns":4},{"damage":9,"enemies":"3 Sentries","floor":10,"turns":4},{"damage":17,"enemies":"2 Fungi Beasts","floor":13,"turns":3},{"damage":3,"enemies":"Large Slime","floor":14,"turns":4}],"seed_played":"-2763108683327077086","potions_obtained":[{"floor":1,"key":"AttackPotion"},{"floor":5,"key":"Ancient Potion"},{"floor":7,"key":"SkillPotion"}],"is_trial":false,"path_per_floor":["M","$","?","M","M","R","E","R","T","?","$","?","M","M"],"character_chosen":"IRONCLAD","items_purchased":["Shrug It Off","Bandage Up","Armaments"],"campfire_rested":1,"item_purchase_floors":[2,11,11],"current_hp_per_floor":[53,53,53,53,36,36,3,25,25,16,16,16,3,6],"gold":71,"neow_bonus":"BOSS_RELIC","is_prod":false,"is_daily":false,"chose_seed":false,"campfire_upgraded":1,"win_rate":0,"timestamp":1560600249,"path_taken":["M","$","?","M","?","R","E","R","T","?","$","?","M","M"],"build_version":"2019-01-23","purchased_purges":0,"victory":false,"max_hp_per_floor":[75,75,75,75,75,75,75,75,75,75,75,68,68,68],"card_choices":[{"not_picked":["Headbutt","Clothesline"],"picked":"Seeing Red","floor":1},{"not_picked":["Cleave","Perfected Strike"],"picked":"True Grit","floor":4},{"not_picked":["Clothesline","Blood for Blood"],"picked":"Anger","floor":5},{"not_picked":["Havoc","Pommel Strike"],"picked":"True Grit","floor":7},{"not_picked":["Sever Soul","Carnage"],"picked":"Metallicize","floor":10},{"not_picked":["Spot Weakness","Seeing Red","Reckless Charge"],"picked":"SKIP","floor":13}],"player_experience":674405,"relics_obtained":[{"floor":7,"key":"Self Forming Clay"},{"floor":9,"key":"Mummified Hand"},{"floor":10,"key":"Tiny Chest"}],"event_choices":[{"damage_healed":0,"gold_gain":0,"cards_transformed":["Berserk"],"player_choice":"Transformed","damage_taken":0,"max_hp_gain":0,"max_hp_loss":0,"event_name":"Transmorgrifier","floor":3,"gold_loss":0,"cards_obtained":["Flex"]},{"damage_healed":0,"gold_gain":0,"player_choice":"Searched \u00271\u0027 times","damage_taken":0,"max_hp_gain":0,"max_hp_loss":0,"event_name":"Dead Adventurer","floor":10,"gold_loss":0},{"damage_healed":0,"gold_gain":0,"player_choice":"Lose Max HP","damage_taken":0,"relics_obtained":["Golden Idol"],"max_hp_gain":0,"max_hp_loss":7,"event_name":"Golden Idol","floor":12,"gold_loss":0}],"is_beta":false,"boss_relics":[],"items_purged_floors":[],"is_endless":false,"potions_floor_spawned":[1,5,7],"killed_by":"Large Slime","ascension_level":20}