{"gold_per_floor":[11,11,30,46,46,72,72,83,83,83,98,98,98,137,137,137],"floor_reached":16,"playtime":321,"items_purged":[],"score":220,"play_id":"dd60391d-8627-4943-ac7c-bfdb828fa27c","local_time":"20190702181144","is_ascension_mode":true,"campfire_choices":[{"data":"Immolate","floor":7,"key":"SMITH"},{"floor":10,"key":"REST"},{"data":"Bash","floor":15,"key":"SMITH"}],"neow_cost":"NO_GOLD","seed_source_timestamp":294357059760500,"circlet_count":0,"master_deck":["AscendersBane","Strike_R","Strike_R","Strike_R","Strike_R","Defend_R","Defend_R+1","Defend_R","Defend_R","Bash+1","Immolate+1","Second Wind","Entrench","Power Through","Seeing Red+1","Exhume"],"relics":["Burning Blood","Juzu Bracelet","Centennial Puzzle","Golden Idol","Shuriken"],"potions_floor_usage":[6,14,16,16,16],"damage_taken":[{"damage":0,"enemies":"2 Louse","floor":1,"turns":1},{"damage":0,"enemies":"Small Slimes","floor":3,"turns":2},{"damage":2,"enemies":"Jaw Worm","floor":4,"turns":2},{"damage":68,"enemies":"Lagavulin","floor":6,"turns":13},{"damage":7,"enemies":"Looter","floor":8,"turns":4},{"damage":0,"enemies":"Exordium Wildlife","floor":11,"turns":1},{"damage":6,"enemies":"3 Sentries","floor":14,"turns":4},{"damage":46,"enemies":"Slime Boss","floor":16,"turns":8}],"seed_played":"3869411026449804154","potions_obtained":[{"floor":1,"key":"EssenceOfSteel"},{"floor":3,"key":"Dexterity Potion"},{"floor":8,"key":"EntropicBrew"},{"floor":14,"key":"Swift Potion"}],"is_trial":false,"path_per_floor":["M","?","M","M","?","E","R","M","T","R","M","?","?","E","R","B"],"character_chosen":"IRONCLAD","items_purchased":[],"campfire_rested":1,"item_purchase_floors":[],"current_hp_per_floor":[74,74,75,75,80,18,18,17,17,41,47,47,25,25,25,0],"gold":137,"neow_bonus":"THREE_RARE_CARDS","is_prod":false,"is_daily":false,"chose_seed":false,"campfire_upgraded":2,"win_rate":0,"timestamp":1562058704,"path_taken":["M","?","M","M","?","E","R","M","T","R","M","?","?","E","R","BOSS"],"build_version":"2019-07-01","purchased_purges":0,"victory":false,"max_hp_per_floor":[75,75,75,75,80,80,80,80,80,80,80,72,72,72,72,72],"card_choices":[{"not_picked":["Barricade","Demon Form"],"picked":"Immolate","floor":0},{"not_picked":["Anger","Dual Wield"],"picked":"Second Wind","floor":1},{"not_picked":["Rage","Wild Strike","Intimidate"],"picked":"SKIP","floor":3},{"not_picked":["Flex","Anger"],"picked":"Power Through","floor":4},{"not_picked":["Warcry","Sword Boomerang"],"picked":"Seeing Red","floor":6},{"not_picked":["Clash","Rage","Pummel"],"picked":"SKIP","floor":8},{"not_picked":["Havoc","Perfected Strike","Warcry"],"picked":"SKIP","floor":11},{"not_picked":["Iron Wave","Disarm"],"picked":"Exhume","floor":14}],"player_experience":907845,"relics_obtained":[{"floor":6,"key":"Juzu Bracelet"},{"floor":9,"key":"Centennial Puzzle"},{"floor":14,"key":"Shuriken"}],"event_choices":[{"damage_healed":0,"gold_gain":0,"cards_transformed":["Strike_R"],"player_choice":"Change","damage_taken":0,"max_hp_gain":0,"max_hp_loss":0,"event_name":"Living Wall","floor":2,"gold_loss":0,"cards_obtained":["Entrench"]},{"damage_healed":0,"gold_gain":0,"player_choice":"Donut","damage_taken":0,"max_hp_gain":5,"max_hp_loss":0,"event_name":"Big Fish","floor":5,"gold_loss":0},{"damage_healed":0,"gold_gain":0,"player_choice":"Lose Max HP","damage_taken":0,"relics_obtained":["Golden Idol"],"max_hp_gain":0,"max_hp_loss":8,"event_name":"Golden Idol","floor":12,"gold_loss":0},{"damage_healed":0,"gold_gain":0,"player_choice":"Entered Light","damage_taken":22,"max_hp_gain":0,"max_hp_loss":0,"event_name":"Shining Light","floor":13,"gold_loss":0,"cards_upgraded":["Defend_R","Seeing Red"]}],"is_beta":false,"boss_relics":[],"items_purged_floors":[],"is_endless":false,"potions_floor_spawned":[1,3,8,14],"killed_by":"Slime Boss","ascension_level":20}