{"gold_per_floor":[112,112,112,133,158,192,192,230,230,230,230,246,39,83,83,179,179,204,71,71,89,39,39,53,53,53,3,3,3,23,58,58,135,135,152,164,264,264,301,348,348,373,373,373,104,104,142,195,195,195,195,195,195,12,42,42],"floor_reached":56,"playtime":3697,"items_purged":["Decay","Strike_B","Shame","Streamline","Strike_B+1","Strike_B+1"],"score":2098,"play_id":"97fd19d7-b90d-483d-8a06-8bc4e7498181","local_time":"20190730174059","is_ascension_mode":true,"campfire_choices":[{"floor":7,"key":"REST"},{"floor":10,"key":"REST"},{"data":"Discovery","floor":15,"key":"SMITH"},{"data":"Consume","floor":23,"key":"SMITH"},{"data":"Fission","floor":25,"key":"SMITH"},{"floor":29,"key":"REST"},{"floor":32,"key":"REST"},{"data":"Hologram","floor":41,"key":"SMITH"},{"floor":46,"key":"RECALL"},{"data":"Capacitor","floor":49,"key":"SMITH"},{"data":"Hologram","floor":53,"key":"SMITH"}],"neow_cost":"CURSE","seed_source_timestamp":955229474477700,"circlet_count":0,"master_deck":["AscendersBane","Defend_B","Defend_B","Defend_B","Zap","Dualcast","Rainbow","Darkness","Cold Snap","Discovery+1","Glacier","Fission+1","Coolheaded","Consume+1","Redo+1","Recycle","Coolheaded+1","Core Surge","Capacitor+1","All For One","Dark Shackles","HandOfGreed","Bandage Up","Hologram+1","Hologram+1","Echo Form","Blizzard+1","Defragment","Creative AI"],"relics":["Cracked Core","Bloody Idol","Art of War","Matryoshka","Lantern","Smiling Mask","Whetstone","Runic Dome","Question Card","Pen Nib","Red Mask","Snecko Eye","Gambling Chip","Regal Pillow","Blue Candle","Meat on the Bone","Blood Vial","Medical Kit","Pocketwatch","Symbiotic Virus"],"potions_floor_usage":[6,8,14,18,31,33,55],"damage_taken":[{"damage":4,"enemies":"Jaw Worm","floor":1,"turns":4},{"damage":6,"enemies":"Small Slimes","floor":4,"turns":3},{"damage":11,"enemies":"2 Louse","floor":5,"turns":2},{"damage":46,"enemies":"Gremlin Nob","floor":6,"turns":4},{"damage":10,"enemies":"Lagavulin","floor":8,"turns":5},{"damage":0,"enemies":"Large Slime","floor":12,"turns":4},{"damage":11,"enemies":"Gremlin Nob","floor":14,"turns":3},{"damage":10,"enemies":"Hexaghost","floor":16,"turns":11},{"damage":18,"enemies":"2 Thieves","floor":18,"turns":4},{"damage":7,"enemies":"Shell Parasite","floor":21,"turns":6},{"damage":13,"enemies":"Snake Plant","floor":24,"turns":5},{"damage":27,"enemies":"Cultist and Chosen","floor":30,"turns":7},{"damage":0,"enemies":"Masked Bandits","floor":31,"turns":2},{"damage":0,"enemies":"Champ","floor":33,"turns":20},{"damage":0,"enemies":"3 Shapes","floor":35,"turns":3},{"damage":1,"enemies":"Orb Walker","floor":36,"turns":4},{"damage":0,"enemies":"Mind Bloom Boss Battle","floor":37,"turns":9},{"damage":0,"enemies":"Spire Growth","floor":39,"turns":5},{"damage":25,"enemies":"Giant Head","floor":40,"turns":12},{"damage":10,"enemies":"Nemesis","floor":42,"turns":7},{"damage":7,"enemies":"4 Shapes","floor":47,"turns":8},{"damage":0,"enemies":"Giant Head","floor":48,"turns":12},{"damage":14,"enemies":"Donu and Deca","floor":50,"turns":11},{"damage":40,"enemies":"Time Eater","floor":51,"turns":11},{"damage":59,"enemies":"Shield and Spear","floor":55,"turns":7},{"damage":67,"enemies":"The Heart","floor":56,"turns":9}],"seed_played":"-3346323806648064820","potions_obtained":[{"floor":5,"key":"SteroidPotion"},{"floor":6,"key":"Fire Potion"},{"floor":14,"key":"EssenceOfSteel"},{"floor":16,"key":"PowerPotion"},{"floor":21,"key":"FocusPotion"},{"floor":31,"key":"Poison Potion"},{"floor":36,"key":"SteroidPotion"},{"floor":40,"key":"FairyPotion"}],"is_trial":false,"path_per_floor":["M","?","?","M","M","E","R","E","T","R","?","M","$","E","R","B",null,"M","$","?","M","$","R","M","R","T","$","?","R","M","?","R","B",null,"M","M","?","?","M","E","R","E","T","?","$","R","M","E","R","B","B",null,"R","$","E","B"],"character_chosen":"DEFECT","items_purchased":["Fire Potion","Discovery","Consume","Medical Kit","Energy Potion","Defragment"],"campfire_rested":4,"item_purchase_floors":[13,13,19,45,54,54],"current_hp_per_floor":[60,60,65,59,48,2,22,12,12,32,32,32,32,21,21,11,55,37,37,37,30,30,30,17,17,17,17,17,37,15,20,40,45,63,68,69,69,59,69,54,54,53,53,53,53,53,66,69,69,59,37,61,61,61,29,0],"gold":42,"neow_bonus":"TRANSFORM_TWO_CARDS","is_prod":false,"is_daily":false,"chose_seed":false,"campfire_upgraded":6,"win_rate":0,"timestamp":1564476059,"path_taken":["M","?","?","M","M","E","R","E","T","R","?","M","$","E","R","BOSS","M","$","?","M","$","R","M","R","T","$","?","R","M","?","R","BOSS","M","M","?","?","M","E","R","E","T","?","$","R","M","E","R","BOSS","BOSS","R","$","E","BOSS"],"build_version":"2019-07-17","purchased_purges":6,"victory":false,"max_hp_per_floor":[71,64,69,69,69,69,69,69,69,69,69,69,69,69,69,69,69,69,69,69,69,69,69,69,69,69,69,69,69,69,69,69,69,69,69,69,69,69,69,69,69,69,69,69,69,69,69,69,69,69,69,69,69,69,69,69],"card_choices":[{"not_picked":["Aggregate","Stack"],"picked":"Streamline","floor":1},{"not_picked":["Barrage","Coolheaded"],"picked":"Darkness","floor":4},{"not_picked":["Hologram","Stack"],"picked":"Cold Snap","floor":5},{"not_picked":["Streamline","Undo","FTL"],"picked":"SKIP","floor":6},{"not_picked":["Redo","Storm","Scrape"],"picked":"SKIP","floor":8},{"not_picked":["Compile Driver","Force Field","Tempest"],"picked":"SKIP","floor":12},{"not_picked":["Darkness","Auto Shields"],"picked":"Glacier","floor":14},{"not_picked":["Buffer","Seek"],"picked":"Fission","floor":16},{"not_picked":["Reprogram","Rebound"],"picked":"Coolheaded","floor":18},{"not_picked":["Cold Snap+1","Hello World","Conserve Battery","Fusion"],"picked":"SKIP","floor":21},{"not_picked":["Hologram+1","Ball Lightning","Skim+1"],"picked":"Redo+1","floor":24},{"not_picked":["Barrage","Steam","Fission"],"picked":"Recycle","floor":30},{"not_picked":["Barrage","Redo","Ball Lightning+1"],"picked":"Coolheaded+1","floor":31},{"not_picked":["Rainbow","Meteor Strike","Fission"],"picked":"Core Surge","floor":33},{"not_picked":["Reinforced Body","Gash","White Noise"],"picked":"Capacitor","floor":35},{"not_picked":["Chaos","Beam Cell","Darkness","Sweeping Beam"],"picked":"SKIP","floor":36},{"not_picked":["Turbo","Self Repair","Ball Lightning"],"picked":"All For One","floor":37},{"not_picked":["Madness","Metamorphosis","Flash of Steel"],"picked":"Dark Shackles","floor":38},{"not_picked":["Trip","Transmutation","Secret Weapon"],"picked":"HandOfGreed","floor":38},{"not_picked":["Good Instincts","Swift Strike","Forethought"],"picked":"Bandage Up","floor":38},{"not_picked":["Sweeping Beam+1","Beam Cell","Cold Snap"],"picked":"Hologram","floor":39},{"not_picked":["Gash","Streamline","FTL+1"],"picked":"Hologram","floor":40},{"not_picked":["Steam+1","Rip and Tear","Beam Cell"],"picked":"Echo Form","floor":42},{"not_picked":["Reprogram","Sweeping Beam","Go for the Eyes","Scrape"],"picked":"SKIP","floor":47},{"not_picked":["Coolheaded","Barrage","Gash+1"],"picked":"Blizzard+1","floor":48},{"not_picked":["Cold Snap","Go for the Eyes","Rebound+1"],"picked":"Creative AI","floor":55}],"player_experience":1297216,"relics_obtained":[{"floor":6,"key":"Art of War"},{"floor":8,"key":"Matryoshka"},{"floor":9,"key":"Lantern"},{"floor":9,"key":"Smiling Mask"},{"floor":14,"key":"Whetstone"},{"floor":26,"key":"Pen Nib"},{"floor":31,"key":"Red Mask"},{"floor":37,"key":"Gambling Chip"},{"floor":40,"key":"Regal Pillow"},{"floor":42,"key":"Blue Candle"},{"floor":43,"key":"Meat on the Bone"},{"floor":48,"key":"Pocketwatch"},{"floor":55,"key":"Symbiotic Virus"}],"event_choices":[{"damage_healed":0,"gold_gain":0,"player_choice":"Lose Max HP","damage_taken":0,"relics_obtained":["Golden Idol"],"max_hp_gain":0,"max_hp_loss":7,"event_name":"Golden Idol","floor":2,"gold_loss":0},{"damage_healed":0,"gold_gain":0,"player_choice":"Donut","damage_taken":0,"max_hp_gain":5,"max_hp_loss":0,"event_name":"Big Fish","floor":3,"gold_loss":0},{"damage_healed":0,"gold_gain":0,"player_choice":"Ignored","damage_taken":0,"max_hp_gain":0,"max_hp_loss":0,"event_name":"Shining Light","floor":11,"gold_loss":0},{"damage_healed":0,"gold_gain":0,"player_choice":"Stole Relic","damage_taken":0,"relics_obtained":["Question Card"],"max_hp_gain":0,"max_hp_loss":0,"event_name":"Addict","floor":20,"gold_loss":0,"cards_obtained":["Shame"]},{"damage_healed":0,"gold_gain":0,"player_choice":"Gave Idol","damage_taken":0,"relics_obtained":["Bloody Idol"],"max_hp_gain":0,"max_hp_loss":0,"event_name":"Forgotten Altar","floor":28,"relics_lost":["Golden Idol"],"gold_loss":0},{"damage_healed":0,"gold_gain":0,"player_choice":"Fought Bandits","damage_taken":0,"max_hp_gain":0,"max_hp_loss":0,"event_name":"Masked Bandits","floor":31,"gold_loss":0},{"damage_healed":0,"gold_gain":0,"player_choice":"Fight","damage_taken":0,"max_hp_gain":0,"max_hp_loss":0,"event_name":"MindBloom","floor":37,"gold_loss":0},{"damage_healed":0,"gold_gain":0,"player_choice":"Memory 3","damage_taken":10,"max_hp_gain":0,"max_hp_loss":0,"event_name":"SensoryStone","floor":38,"gold_loss":0},{"cards_removed":["Double Energy"],"damage_healed":0,"gold_gain":0,"player_choice":"Gave Card","damage_taken":0,"relics_obtained":["Blood Vial"],"max_hp_gain":0,"max_hp_loss":0,"event_name":"WeMeetAgain","floor":44,"gold_loss":0}],"is_beta":false,"boss_relics":[{"not_picked":["Runic Pyramid","Busted Crown"],"picked":"Runic Dome"},{"not_picked":["Astrolabe","Nuclear Battery"],"picked":"Snecko Eye"}],"items_purged_floors":[13,19,22,27,45,54],"is_endless":false,"potions_floor_spawned":[5,6,14,16,21,24,31,36,40,48],"killed_by":"The Heart","ascension_level":20}