{"gold_per_floor":[19,19,33,33,33,33,60,60,60,89,89,105,105,115,115,194,194,209,209,223,223],"floor_reached":21,"playtime":516,"items_purged":[],"score":374,"play_id":"404343f9-291f-4108-a6e5-c01f6cd09264","local_time":"20190725101412","is_ascension_mode":true,"campfire_choices":[{"data":"Streamline","floor":6,"key":"SMITH"},{"floor":11,"key":"REST"},{"data":"Consume","floor":13,"key":"SMITH"},{"data":"Biased Cognition","floor":15,"key":"SMITH"}],"neow_cost":"NO_GOLD","seed_source_timestamp":499599470234900,"circlet_count":0,"master_deck":["AscendersBane","Zap","Dualcast","Biased Cognition+1","Streamline+1","Rebound","Turbo","Consume+1","Echo Form","Melter","Creative AI","Multi-Cast","Static Discharge","Hyperbeam","Lockon","Loop","Biased Cognition+1","Auto Shields"],"relics":["Cracked Core","Darkstone Periapt","Centennial Puzzle","Bottled Tornado","Anchor","Pandora\u0027s Box"],"potions_floor_usage":[7,16,16,18],"damage_taken":[{"damage":0,"enemies":"Jaw Worm","floor":1,"turns":3},{"damage":3,"enemies":"Small Slimes","floor":3,"turns":3},{"damage":25,"enemies":"Lagavulin","floor":7,"turns":6},{"damage":20,"enemies":"3 Sentries","floor":10,"turns":6},{"damage":1,"enemies":"Cultist","floor":12,"turns":3},{"damage":0,"enemies":"3 Louse","floor":14,"turns":2},{"damage":27,"enemies":"Hexaghost","floor":16,"turns":7},{"damage":22,"enemies":"2 Thieves","floor":18,"turns":4},{"damage":15,"enemies":"3 Byrds","floor":20,"turns":3},{"damage":20,"enemies":"Centurion and Healer","floor":21,"turns":2}],"seed_played":"2180217058875065931","potions_obtained":[{"floor":3,"key":"Energy Potion"},{"floor":10,"key":"Strength Potion"},{"floor":12,"key":"Regen Potion"},{"floor":16,"key":"Block Potion"},{"floor":20,"key":"Dexterity Potion"}],"is_trial":false,"path_per_floor":["M","?","M","?","?","R","E","?","T","E","R","M","R","M","R","B",null,"M","?","M","M"],"character_chosen":"DEFECT","items_purchased":[],"campfire_rested":1,"item_purchase_floors":[],"current_hp_per_floor":[64,64,61,54,54,54,29,29,29,9,30,29,29,29,29,16,57,35,35,20,0],"gold":223,"neow_bonus":"THREE_RARE_CARDS","is_prod":false,"is_daily":false,"chose_seed":false,"campfire_upgraded":3,"win_rate":0,"timestamp":1564017252,"path_taken":["M","?","M","?","?","R","E","?","T","E","R","M","R","M","R","BOSS","M","?","?","M"],"build_version":"2019-07-17","purchased_purges":0,"victory":false,"max_hp_per_floor":[71,71,71,71,71,71,71,71,71,71,71,71,71,71,71,71,71,71,71,71,71],"card_choices":[{"not_picked":["Multi-Cast","Rainbow"],"picked":"Biased Cognition","floor":0},{"not_picked":["Beam Cell","Turbo"],"picked":"Streamline","floor":1},{"not_picked":["Reprogram","Sweeping Beam","Storm"],"picked":"SKIP","floor":3},{"not_picked":["Aggregate","Undo"],"picked":"Turbo","floor":7},{"not_picked":["Gash","Double Energy"],"picked":"Consume","floor":10},{"not_picked":["Rebound","Blizzard","Leap"],"picked":"SKIP","floor":12},{"not_picked":["Force Field","Rebound","Steam"],"picked":"SKIP","floor":14},{"not_picked":["Seek","Buffer"],"picked":"Echo Form","floor":16},{"not_picked":["Steam","Leap"],"picked":"Loop","floor":18},{"not_picked":["Chaos","Steam"],"picked":"Auto Shields","floor":20}],"player_experience":1195960,"relics_obtained":[{"floor":7,"key":"Darkstone Periapt"},{"floor":9,"key":"Bottled Tornado"},{"floor":10,"key":"Anchor"}],"event_choices":[{"damage_healed":0,"gold_gain":0,"cards_transformed":["Strike_B"],"player_choice":"Change","damage_taken":0,"max_hp_gain":0,"max_hp_loss":0,"event_name":"Living Wall","floor":2,"gold_loss":0,"cards_obtained":["Rebound"]},{"cards_removed":["Strike_B"],"damage_healed":0,"gold_gain":0,"player_choice":"Card Removal","damage_taken":7,"max_hp_gain":0,"max_hp_loss":0,"event_name":"Golden Wing","floor":4,"gold_loss":0},{"damage_healed":0,"gold_gain":0,"player_choice":"Ignored","damage_taken":0,"max_hp_gain":0,"max_hp_loss":0,"event_name":"Liars Game","floor":5,"gold_loss":0},{"damage_healed":0,"gold_gain":0,"player_choice":"Searched \u00271\u0027 times","damage_taken":0,"relics_obtained":["Centennial Puzzle"],"max_hp_gain":0,"max_hp_loss":0,"event_name":"Dead Adventurer","floor":8,"gold_loss":0},{"damage_healed":0,"gold_gain":0,"player_choice":"Copied","damage_taken":0,"max_hp_gain":0,"max_hp_loss":0,"event_name":"Duplicator","floor":19,"gold_loss":0,"cards_obtained":["Biased Cognition"]}],"is_beta":false,"boss_relics":[{"not_picked":["Black Star","Calling Bell"],"picked":"Pandora\u0027s Box"}],"items_purged_floors":[],"is_endless":false,"potions_floor_spawned":[3,10,12,16,20],"killed_by":"Centurion and Healer","ascension_level":20}