{"gold_per_floor":[115,115,129,51,51,81,100,127,127,127,145,145,161,179,179,278,278,291,291,266,290,290],"floor_reached":22,"playtime":3002,"items_purged":[],"score":424,"play_id":"70db4260-af0a-42c4-a95e-4be86babe199","local_time":"20190729195247","is_ascension_mode":true,"campfire_choices":[{"floor":10,"key":"REST"},{"floor":15,"key":"REST"}],"neow_cost":"NONE","seed_source_timestamp":867603562722939,"circlet_count":0,"master_deck":["AscendersBane","Strike_G","Strike_G","Strike_G","Strike_G","Defend_G","Defend_G","Defend_G","Defend_G","Defend_G","Survivor","Neutralize","Underhanded Strike","Dagger Spray","Unload","Prepared","Reflex","Underhanded Strike","Cloak And Dagger","Dagger Throw","Sucker Punch","Glass Knife","Prepared","Masterful Stab","Dagger Spray"],"special_seed":0,"relics":["Ring of the Snake","NeowsBlessing","Bottled Flame","Vajra","Matryoshka","Golden Idol","Empty Cage"],"potions_floor_usage":[8,16,18,18,18,21],"damage_taken":[{"damage":0.0,"enemies":"Small Slimes","floor":1.0,"turns":1.0},{"damage":0.0,"enemies":"Jaw Worm","floor":3.0,"turns":1.0},{"damage":0.0,"enemies":"Lagavulin","floor":6.0,"turns":1.0},{"damage":0.0,"enemies":"Cultist","floor":7.0,"turns":2.0},{"damage":34,"enemies":"Gremlin Nob","floor":8,"turns":5},{"damage":1,"enemies":"Blue Slaver","floor":11,"turns":2},{"damage":0,"enemies":"2 Fungi Beasts","floor":13,"turns":2},{"damage":4,"enemies":"Lots of Slimes","floor":14,"turns":2},{"damage":39,"enemies":"The Guardian","floor":16,"turns":12},{"damage":20,"enemies":"Chosen","floor":18,"turns":4},{"damage":11,"enemies":"2 Thieves","floor":20,"turns":4},{"damage":0,"enemies":"Centurion and Healer","floor":21,"turns":4},{"damage":0,"enemies":"Snake Plant","floor":22,"turns":1}],"seed_played":"-3746795182905509901","potions_obtained":[{"floor":3.0,"key":"PowerPotion"},{"floor":7.0,"key":"Ancient Potion"},{"floor":8,"key":"EntropicBrew"},{"floor":20,"key":"Fire Potion"}],"is_trial":false,"path_per_floor":["M","?","M","$","?","E","M","E","T","R","M","?","M","M","R","B",null,"M","?","M","M","M"],"character_chosen":"THE_SILENT","items_purchased":["Unload"],"campfire_rested":2,"item_purchase_floors":[4],"current_hp_per_floor":[59,59,59,59,59,59,59,25,25,44,43,43,43,39,58,19,54,34,28,17,17,17],"gold":290,"neow_bonus":"THREE_ENEMY_KILL","is_prod":false,"is_daily":false,"chose_seed":false,"campfire_upgraded":0,"win_rate":0,"timestamp":1564419167,"path_taken":["M","?","M","$","?","E","M","E","T","R","M","?","M","M","R","BOSS","M","?","M","?","M"],"build_version":"2019-07-17","purchased_purges":0,"victory":false,"max_hp_per_floor":[66,66,66,66,66,66,66,66,66,66,66,66,66,66,66,66,66,66,66,66,66,66],"card_choices":[{"not_picked":["Slice","Reflex"],"picked":"Underhanded Strike","floor":1.0},{"not_picked":["Slice","Cloak And Dagger"],"picked":"Dagger Spray","floor":3.0},{"not_picked":["Deadly Poison","Envenom"],"picked":"Prepared","floor":6.0},{"not_picked":["Eviscerate","Cloak And Dagger"],"picked":"Reflex","floor":7.0},{"not_picked":["Accuracy","Infinite Blades"],"picked":"Underhanded Strike","floor":8},{"not_picked":["Deadly Poison","Endless Agony"],"picked":"Cloak And Dagger","floor":11},{"not_picked":["Deadly Poison","Dagger Spray"],"picked":"Dagger Throw","floor":13},{"not_picked":["Grand Finale","Dodge and Roll"],"picked":"Sucker Punch","floor":14},{"not_picked":["Venomology","Burst"],"picked":"Glass Knife","floor":16},{"not_picked":["Dodge and Roll","Flechettes"],"picked":"Prepared","floor":18},{"not_picked":["Flying Knee","Blade Dance"],"picked":"Masterful Stab","floor":20},{"not_picked":["Choke","Flechettes"],"picked":"Dagger Spray","floor":21}],"player_experience":1673250,"relics_obtained":[{"floor":6.0,"key":"Bottled Flame"},{"floor":8,"key":"Vajra"},{"floor":9,"key":"Matryoshka"}],"event_choices":[{"damage_healed":0.0,"max_hp_gain":0.0,"max_hp_loss":0.0,"gold_gain":0.0,"event_name":"Shining Light","player_choice":"Ignored","floor":2.0,"gold_loss":0.0,"damage_taken":0.0},{"damage_healed":0.0,"max_hp_gain":0.0,"max_hp_loss":0.0,"gold_gain":0.0,"event_name":"The Cleric","player_choice":"Leave","floor":5.0,"gold_loss":0.0,"damage_taken":0.0},{"damage_healed":0,"gold_gain":0,"player_choice":"Take Wound","damage_taken":0,"relics_obtained":["Golden Idol"],"max_hp_gain":0,"max_hp_loss":0,"event_name":"Golden Idol","floor":12,"gold_loss":0,"cards_obtained":["Injury"]},{"damage_healed":0,"gold_gain":0,"player_choice":"","damage_taken":6,"max_hp_gain":0,"max_hp_loss":0,"event_name":"Knowing Skull","floor":19,"potions_obtained":[],"gold_loss":0,"cards_obtained":[]}],"is_beta":false,"boss_relics":[{"not_picked":["Runic Pyramid","Sozu"],"picked":"Empty Cage"}],"items_purged_floors":[],"is_endless":false,"potions_floor_spawned":[3,7,8,13,14,20],"killed_by":"Snake Plant","ascension_level":18}