{"gold_per_floor":[109,109,109,128,128,128,161,161,161,161,30,30,65,80,80,80],"floor_reached":16,"playtime":210,"items_purged":["Aggregate"],"score":262,"play_id":"21872e63-4637-446f-81dc-086373bfe90a","local_time":"20190612133107","is_ascension_mode":true,"campfire_choices":[{"data":"Zap","floor":6,"key":"SMITH"},{"data":"Capacitor","floor":10,"key":"SMITH"},{"data":"Ball Lightning","floor":12,"key":"SMITH"},{"floor":15,"key":"REST"}],"neow_cost":"NONE","seed_source_timestamp":344683256131000,"circlet_count":0,"master_deck":["AscendersBane","Strike_B","Strike_B","Strike_B","Defend_B+1","Defend_B+1","Defend_B","Defend_B","Zap+1","Dualcast","Capacitor+1","Coolheaded","Ball Lightning+1","Defragment","Hologram"],"relics":["Cracked Core","NeowsBlessing","Ginger","Mummified Hand","Gremlin Horn"],"potions_floor_usage":[13],"damage_taken":[{"damage":0,"enemies":"2 Louse","floor":1,"turns":1},{"damage":0,"enemies":"Jaw Worm","floor":4,"turns":1},{"damage":0,"enemies":"3 Sentries","floor":7,"turns":1},{"damage":30,"enemies":"Gremlin Nob","floor":13,"turns":4},{"damage":0,"enemies":"Small Slimes","floor":14,"turns":2},{"damage":35,"enemies":"Slime Boss","floor":16,"turns":3}],"seed_played":"998913039453023476","potions_obtained":[{"floor":1,"key":"Energy Potion"},{"floor":4,"key":"GamblersBrew"}],"is_trial":false,"path_per_floor":["M","?","?","M","?","R","E","$","T","R","$","R","E","M","R","B"],"character_chosen":"DEFECT","items_purchased":["Ball Lightning"],"campfire_rested":1,"item_purchase_floors":[11],"current_hp_per_floor":[64,64,43,43,43,43,43,43,43,43,43,43,13,13,34,0],"gold":80,"neow_bonus":"THREE_ENEMY_KILL","is_prod":false,"is_daily":false,"chose_seed":false,"campfire_upgraded":3,"win_rate":0,"timestamp":1560313867,"path_taken":["M","?","?","M","?","R","E","$","T","R","$","R","E","M","R","BOSS"],"build_version":"2019-01-23","purchased_purges":1,"victory":false,"max_hp_per_floor":[71,71,71,71,71,71,71,71,71,71,71,71,71,71,71,71],"card_choices":[{"not_picked":["Gash","Sweeping Beam","Leap"],"picked":"SKIP","floor":1},{"not_picked":["Aggregate","Barrage","Leap"],"picked":"SKIP","floor":4},{"not_picked":["Hologram","Static Discharge","Streamline"],"picked":"SKIP","floor":7},{"not_picked":["Coolheaded","Rebound"],"picked":"Defragment","floor":13},{"not_picked":["Stack","Storm"],"picked":"Hologram","floor":14}],"player_experience":603190,"relics_obtained":[{"floor":7,"key":"Ginger"},{"floor":9,"key":"Mummified Hand"},{"floor":13,"key":"Gremlin Horn"}],"event_choices":[{"damage_healed":0,"gold_gain":0,"cards_transformed":["Strike_B"],"player_choice":"Change","damage_taken":0,"max_hp_gain":0,"max_hp_loss":0,"event_name":"Living Wall","floor":2,"gold_loss":0,"cards_obtained":["Aggregate"]},{"damage_healed":0,"gold_gain":0,"player_choice":"Entered Light","damage_taken":21,"max_hp_gain":0,"max_hp_loss":0,"event_name":"Shining Light","floor":3,"gold_loss":0,"cards_upgraded":["Defend_B","Defend_B"]},{"damage_healed":0,"gold_gain":0,"player_choice":"2 cards matched","damage_taken":0,"max_hp_gain":0,"max_hp_loss":0,"event_name":"Match and Keep!","floor":5,"gold_loss":0,"cards_obtained":["Capacitor","Coolheaded"]}],"is_beta":false,"boss_relics":[],"items_purged_floors":[11],"is_endless":false,"potions_floor_spawned":[1,4],"killed_by":"Slime Boss","ascension_level":20}