{"gold_per_floor":[110,128,128,203,203,231,231,255,308,308,320,334,346,346,346,421,421,438,488,413,429,454,480,480,495,520,540,160,173,198,198,198,198],"floor_reached":33,"playtime":1203,"items_purged":["Strike_G"],"score":670,"play_id":"8457572e-3796-413b-b48c-7f627885874c","local_time":"20190701152952","is_ascension_mode":true,"campfire_choices":[{"data":"Skewer","floor":10,"key":"SMITH"},{"data":"Neutralize","floor":15,"key":"SMITH"},{"floor":24,"key":"REST"},{"data":"Footwork","floor":32,"key":"SMITH"}],"neow_cost":"NONE","seed_source_timestamp":197363663911600,"circlet_count":0,"master_deck":["AscendersBane","Defend_G","Defend_G","Defend_G","Defend_G","Defend_G","Strike_G","Strike_G","Strike_G","Survivor","Neutralize+1","Dagger Spray","Blur","Skewer+1","Leg Sweep","Backflip","Backflip","Die Die Die","Terror","Die Die Die","PiercingWail","Tactician","Footwork+1","Finesse","Ghostly","Ghostly","Ghostly"],"relics":["Ring of the Snake","NeowsBlessing","Gambling Chip","Matryoshka","Sundial","Pen Nib","Dodecahedron","Anchor","Runic Pyramid","Red Mask","PreservedInsect"],"potions_floor_usage":[16,16,22,33,33],"damage_taken":[{"damage":0,"enemies":"Small Slimes","floor":1,"turns":1},{"damage":0,"enemies":"2 Louse","floor":2,"turns":1},{"damage":0,"enemies":"3 Sentries","floor":6,"turns":1},{"damage":0,"enemies":"Jaw Worm","floor":11,"turns":2},{"damage":4,"enemies":"Blue Slaver","floor":12,"turns":4},{"damage":0,"enemies":"2 Fungi Beasts","floor":13,"turns":4},{"damage":1,"enemies":"The Guardian","floor":16,"turns":11},{"damage":0,"enemies":"Chosen","floor":18,"turns":5},{"damage":0,"enemies":"Shell Parasite","floor":21,"turns":5},{"damage":18,"enemies":"Masked Bandits","floor":22,"turns":4},{"damage":31,"enemies":"Slavers","floor":23,"turns":5},{"damage":0,"enemies":"Snecko","floor":25,"turns":2},{"damage":1,"enemies":"Snake Plant","floor":27,"turns":7},{"damage":6,"enemies":"Centurion and Healer","floor":29,"turns":8},{"damage":0,"enemies":"Book of Stabbing","floor":30,"turns":8},{"damage":26,"enemies":"Champ","floor":33,"turns":21}],"seed_played":"-3290009392132003705","potions_obtained":[{"floor":11,"key":"SkillPotion"},{"floor":12,"key":"FearPotion"},{"floor":18,"key":"Fire Potion"},{"floor":25,"key":"Dexterity Potion"}],"is_trial":false,"path_per_floor":["M","M","?","?","?","E","?","T","T","R","M","M","M","?","R","B",null,"M","?","?","M","?","E","R","M","T","M","$","M","E","?","R","B"],"character_chosen":"THE_SILENT","items_purchased":["Tactician","Footwork","GamblersBrew","Finesse"],"campfire_rested":1,"item_purchase_floors":[28,28,28,28],"current_hp_per_floor":[59,59,24,13,13,13,29,29,29,29,29,25,25,25,25,24,53,53,53,53,53,35,4,22,22,22,21,21,15,15,15,15,0],"gold":198,"neow_bonus":"THREE_ENEMY_KILL","is_prod":false,"is_daily":false,"chose_seed":false,"campfire_upgraded":3,"win_rate":0,"timestamp":1561962592,"path_taken":["M","M","?","?","?","E","?","?","T","R","?","M","M","?","R","BOSS","M","?","?","?","?","E","R","M","T","M","$","M","E","?","R","BOSS"],"build_version":"2019-01-23","purchased_purges":1,"victory":false,"max_hp_per_floor":[66,66,66,66,66,66,66,66,66,66,66,66,66,63,63,63,63,63,63,63,63,63,63,63,63,63,63,63,63,63,31,31,31],"card_choices":[{"not_picked":["Deflect","Cloak And Dagger"],"picked":"Dagger Spray","floor":1},{"not_picked":["Poisoned Stab","Slice"],"picked":"Blur","floor":2},{"not_picked":["Flying Knee","Bane"],"picked":"Skewer","floor":6},{"not_picked":["Underhanded Strike","Sucker Punch"],"picked":"Leg Sweep","floor":11},{"not_picked":["Poisoned Stab","Concentrate"],"picked":"Backflip","floor":12},{"not_picked":["Masterful Stab","Setup"],"picked":"Backflip","floor":13},{"not_picked":["Night Terror","Storm of Steel"],"picked":"Die Die Die","floor":16},{"not_picked":["Setup","Blade Dance"],"picked":"Terror","floor":18},{"not_picked":["Accuracy+1","Dodge and Roll","Flechettes"],"picked":"SKIP","floor":21},{"not_picked":["Accuracy","Cloak And Dagger"],"picked":"Die Die Die","floor":23},{"not_picked":["Dodge and Roll","Dagger Throw"],"picked":"PiercingWail","floor":25},{"not_picked":["Slice","Bane","Predator"],"picked":"SKIP","floor":27},{"not_picked":["Riddle With Holes","All Out Attack","Slice"],"picked":"SKIP","floor":29},{"not_picked":["Riddle With Holes","All Out Attack","Slice"],"picked":"SKIP","floor":29},{"not_picked":["Sucker Punch","Blade Dance","Choke"],"picked":"SKIP","floor":30}],"player_experience":885548,"relics_obtained":[{"floor":6,"key":"Matryoshka"},{"floor":8,"key":"Sundial"},{"floor":8,"key":"Pen Nib"},{"floor":9,"key":"Dodecahedron"},{"floor":9,"key":"Anchor"},{"floor":22,"key":"Red Mask"},{"floor":23,"key":"PreservedInsect"}],"event_choices":[{"damage_healed":0,"gold_gain":0,"player_choice":"Success","damage_taken":35,"relics_obtained":["Gambling Chip"],"max_hp_gain":0,"max_hp_loss":0,"event_name":"Scrap Ooze","floor":3,"gold_loss":0},{"damage_healed":0,"gold_gain":75,"player_choice":"Gather Gold","damage_taken":11,"max_hp_gain":0,"max_hp_loss":0,"event_name":"World of Goop","floor":4,"gold_loss":0},{"damage_healed":0,"gold_gain":0,"player_choice":"Ignored","damage_taken":0,"max_hp_gain":0,"max_hp_loss":0,"event_name":"Shining Light","floor":5,"gold_loss":0},{"damage_healed":16,"gold_gain":0,"player_choice":"Healed and dodged fight","damage_taken":0,"max_hp_gain":0,"max_hp_loss":0,"event_name":"Mushrooms","floor":7,"gold_loss":0,"cards_obtained":["Parasite"]},{"cards_removed":["Parasite"],"damage_healed":0,"gold_gain":0,"player_choice":"Forget","damage_taken":0,"max_hp_gain":0,"max_hp_loss":0,"event_name":"Living Wall","floor":14,"gold_loss":0},{"damage_healed":0,"gold_gain":50,"player_choice":"Stole From Cult","damage_taken":0,"max_hp_gain":0,"max_hp_loss":0,"event_name":"Nest","floor":19,"gold_loss":0},{"cards_removed":["Strike_G"],"damage_healed":0,"gold_gain":0,"player_choice":"Gave Gold","damage_taken":0,"max_hp_gain":0,"max_hp_loss":0,"event_name":"Beggar","floor":20,"gold_loss":75},{"damage_healed":0,"gold_gain":0,"player_choice":"Fought Bandits","damage_taken":0,"max_hp_gain":0,"max_hp_loss":0,"event_name":"Masked Bandits","floor":22,"gold_loss":0},{"damage_healed":0,"gold_gain":0,"player_choice":"Became a Ghost","damage_taken":0,"max_hp_gain":0,"max_hp_loss":32,"event_name":"Ghosts","floor":31,"gold_loss":0,"cards_obtained":["Ghostly","Ghostly","Ghostly"]}],"is_beta":false,"boss_relics":[{"not_picked":["WristBlade","Eternal Feather"],"picked":"Runic Pyramid"}],"items_purged_floors":[28],"is_endless":false,"potions_floor_spawned":[11,12,18,25,29],"killed_by":"Champ","ascension_level":20}