{"gold_per_floor":[110,110,8,25,1,1,35,35,110,120,147,118,133,149,149,149],"floor_reached":16,"playtime":560,"items_purged":[],"score":196,"play_id":"03676103-3375-4939-8de1-bf47747b8244","local_time":"20190611185604","is_ascension_mode":true,"campfire_choices":[{"data":"Reflex","floor":6.0,"key":"SMITH"},{"floor":15,"key":"REST"}],"neow_cost":"NONE","seed_source_timestamp":1398000868861086,"circlet_count":0,"master_deck":["Defend_G","Defend_G","Defend_G","Defend_G","Defend_G","Strike_G","Strike_G","Strike_G","Strike_G","Strike_G","Survivor","Neutralize","Reflex+1","Concentrate","Underhanded Strike","Tactician","Underhanded Strike","Masterful Stab","Regret","Acrobatics","Backstab","Reflex"],"special_seed":0,"relics":["Ring of the Snake","NeowsBlessing","Paper Crane","Smiling Mask","Meat on the Bone","Anchor"],"potions_floor_usage":[16],"damage_taken":[{"damage":0.0,"enemies":"Small Slimes","floor":1.0,"turns":1.0},{"damage":0.0,"enemies":"Jaw Worm","floor":4.0,"turns":1.0},{"damage":0.0,"enemies":"Gremlin Nob","floor":7.0,"turns":1.0},{"damage":0.0,"enemies":"2 Louse","floor":10.0,"turns":1.0},{"damage":47.0,"enemies":"Lagavulin","floor":11.0,"turns":8.0},{"damage":0,"enemies":"Looter","floor":13,"turns":2},{"damage":0,"enemies":"Gremlin Gang","floor":14,"turns":4},{"damage":63,"enemies":"Hexaghost","floor":16,"turns":10}],"seed_played":"49184895641462086","potions_obtained":[{"floor":1.0,"key":"Block Potion"},{"floor":7.0,"key":"SteroidPotion"},{"floor":10.0,"key":"Swift Potion"},{"floor":13,"key":"Strength Potion"}],"is_trial":false,"path_per_floor":["M","?","$","M","$","R","E","?","T","M","E","?","M","M","R","B"],"character_chosen":"THE_SILENT","items_purchased":["Concentrate","Underhanded Strike","Underhanded Strike"],"campfire_rested":1,"item_purchase_floors":[3,3,5],"current_hp_per_floor":[63,63,63,63,63,63,63,63,63,63,28,28,40,40,61,0],"gold":149,"neow_bonus":"THREE_ENEMY_KILL","is_prod":false,"is_daily":false,"chose_seed":false,"campfire_upgraded":1,"win_rate":0,"timestamp":1560268564,"path_taken":["M","?","$","M","$","R","E","?","T","?","E","?","M","M","R","BOSS"],"build_version":"2019-01-23","purchased_purges":0,"victory":false,"max_hp_per_floor":[70,70,70,70,70,70,70,70,70,70,70,70,70,70,70,70],"card_choices":[{"not_picked":["Footwork","Quick Slash"],"picked":"Reflex","floor":1.0},{"not_picked":["Cloak And Dagger","Outmaneuver"],"picked":"Tactician","floor":4.0},{"not_picked":["Flying Knee","Deadly Poison"],"picked":"Masterful Stab","floor":7.0},{"not_picked":["Quick Slash","Sucker Punch","Dagger Spray"],"picked":"SKIP","floor":10.0},{"not_picked":["Masterful Stab","Glass Knife"],"picked":"Acrobatics","floor":11.0},{"not_picked":["Dash","Quick Slash"],"picked":"Backstab","floor":13},{"not_picked":["Deadly Poison","Dodge and Roll"],"picked":"Reflex","floor":14}],"player_experience":1515145,"relics_obtained":[{"floor":7.0,"key":"Paper Crane"},{"floor":9.0,"key":"Meat on the Bone"},{"floor":11.0,"key":"Anchor"}],"event_choices":[{"damage_healed":0.0,"max_hp_gain":0.0,"max_hp_loss":0.0,"gold_gain":0.0,"event_name":"Shining Light","player_choice":"Ignored","floor":2.0,"gold_loss":0.0,"damage_taken":0.0},{"damage_healed":0.0,"max_hp_gain":0.0,"max_hp_loss":0.0,"gold_gain":0.0,"event_name":"Big Fish","player_choice":"Box","floor":8.0,"gold_loss":0.0,"damage_taken":0.0,"relics_obtained":["Smiling Mask"],"cards_obtained":["Regret"]},{"damage_healed":0.0,"max_hp_gain":0.0,"max_hp_loss":0.0,"gold_gain":0.0,"event_name":"World of Goop","player_choice":"Left Gold","floor":12.0,"gold_loss":29.0,"damage_taken":0.0}],"is_beta":false,"boss_relics":[],"items_purged_floors":[],"is_endless":false,"potions_floor_spawned":[1,7,10,13],"killed_by":"Hexaghost","ascension_level":9}