{"gold_per_floor":[110,122,141,158,158,158,158,192,219,219,279,279,279,307,307,383,383,396,321,334,334,354,354,382,70,97,57,57,57,69,84,84,161,161,181,181,228,228,241,241,161,189,189,189,189,189,216,230,230,230],"floor_reached":50,"playtime":1710,"items_purged":["Bludgeon"],"score":1148,"play_id":"014e965e-3e3a-4087-bf65-0ccdb7478a05","local_time":"20190725083654","is_ascension_mode":true,"campfire_choices":[{"data":"Inflame","floor":7.0,"key":"SMITH"},{"data":"Bash","floor":10.0,"key":"SMITH"},{"data":"1","floor":15.0,"key":"LIFT"},{"floor":23.0,"key":"REST"},{"floor":29,"key":"REST"},{"floor":32,"key":"REST"},{"data":"2","floor":40,"key":"LIFT"},{"floor":44,"key":"REST"},{"floor":49,"key":"RECALL"}],"neow_cost":"NONE","seed_source_timestamp":492554029498700,"circlet_count":0,"master_deck":["AscendersBane","Bash+1","Feel No Pain","Twin Strike","Inflame+1","Spot Weakness","Sword Boomerang","Shrug It Off","Disarm","Feed","Impervious","Iron Wave","Sentinel","Iron Wave","Iron Wave","Spot Weakness","Heavy Blade+1","Armaments","Apotheosis","Corruption","Anger","Battle Trance","Exhume","Entrench","Bandage Up","Discovery","Shrug It Off","Feel No Pain","Disarm+1","Dual Wield+1"],"special_seed":0,"relics":["Runic Cube","Vajra","Juzu Bracelet","Bag of Marbles","Gremlin Horn","Girya","Potion Belt","Pandora\u0027s Box","Smiling Mask","Mark of Pain","Ginger","Kunai","Sundial"],"potions_floor_usage":[30,33,35,37,39,39,39,42,47,47],"damage_taken":[{"damage":1.0,"enemies":"Cultist","floor":1.0,"turns":4.0},{"damage":2.0,"enemies":"2 Louse","floor":2.0,"turns":3.0},{"damage":15.0,"enemies":"Small Slimes","floor":3.0,"turns":5.0},{"damage":8.0,"enemies":"Looter","floor":4.0,"turns":5.0},{"damage":20.0,"enemies":"Lagavulin","floor":8.0,"turns":6.0},{"damage":11.0,"enemies":"Gremlin Nob","floor":11.0,"turns":3.0},{"damage":12.0,"enemies":"3 Sentries","floor":14.0,"turns":8.0},{"damage":7.0,"enemies":"Hexaghost","floor":16.0,"turns":7.0},{"damage":19.0,"enemies":"Spheric Guardian","floor":18.0,"turns":4.0},{"damage":7.0,"enemies":"Chosen","floor":20.0,"turns":3.0},{"damage":5.0,"enemies":"Centurion and Healer","floor":22.0,"turns":5.0},{"damage":44.0,"enemies":"Book of Stabbing","floor":24.0,"turns":5.0},{"damage":19,"enemies":"Cultist and Chosen","floor":30,"turns":7},{"damage":0,"enemies":"Snake Plant","floor":31,"turns":3},{"damage":42,"enemies":"Champ","floor":33,"turns":7},{"damage":4,"enemies":"Orb Walker","floor":35,"turns":4},{"damage":19,"enemies":"2 Orb Walkers","floor":37,"turns":4},{"damage":26,"enemies":"3 Darklings","floor":39,"turns":8},{"damage":36,"enemies":"Nemesis","floor":42,"turns":5},{"damage":39,"enemies":"Reptomancer","floor":47,"turns":5},{"damage":6,"enemies":"Writhing Mass","floor":48,"turns":5},{"damage":42,"enemies":"Donu and Deca","floor":50,"turns":7}],"seed_played":"-1660632813439261478","potions_obtained":[{"floor":1.0,"key":"Strength Potion"},{"floor":2.0,"key":"Dexterity Potion"},{"floor":14.0,"key":"Fire Potion"},{"floor":18.0,"key":"Swift Potion"},{"floor":22.0,"key":"Regen Potion"},{"floor":27,"key":"Weak Potion"},{"floor":27,"key":"EntropicBrew"},{"floor":27,"key":"SteroidPotion"},{"floor":31,"key":"Fire Potion"},{"floor":33,"key":"Regen Potion"},{"floor":35,"key":"Dexterity Potion"},{"floor":48,"key":"LiquidBronze"}],"is_trial":false,"path_per_floor":["M","M","M","M","?","?","R","E","T","R","?","T","?","E","R","B",null,"M","?","M","?","M","R","E","$","T","?","?","R","M","M","R","B",null,"M","?","?","?","M","R","$","E","T","R","$","?","E","M","R","B"],"character_chosen":"IRONCLAD","items_purchased":["Apotheosis","Corruption","Feel No Pain"],"campfire_rested":4,"item_purchase_floors":[25,25,41],"current_hp_per_floor":[67,65,50,42,67,67,67,47,47,47,36,36,31,19,19,12,59,40,40,33,12,10,34,7,7,7,7,7,32,16,20,47,5,71,79,79,60,50,32,32,32,32,32,61,61,61,32,34,34,0],"gold":230,"neow_bonus":"BOSS_RELIC","is_prod":false,"is_daily":false,"chose_seed":false,"campfire_upgraded":2,"win_rate":0,"timestamp":1564011414,"path_taken":["M","M","?","M","?","?","R","E","T","R","?","?","?","E","R","BOSS","M","?","M","?","M","R","E","$","T","?","?","R","M","M","R","BOSS","M","?","?","?","M","R","?","E","T","R","$","?","E","M","R","BOSS"],"build_version":"2019-07-17","purchased_purges":1,"victory":false,"max_hp_per_floor":[75,75,75,75,75,75,75,75,75,75,75,75,75,75,75,75,75,75,75,75,80,83,83,86,86,86,86,86,86,89,93,93,93,93,93,93,93,93,97,97,97,97,97,97,97,97,97,97,97,101],"card_choices":[{"not_picked":["Flex","Sword Boomerang"],"picked":"Feel No Pain","floor":1.0},{"not_picked":["Havoc","Pommel Strike"],"picked":"Twin Strike","floor":2.0},{"not_picked":["Perfected Strike","Shrug It Off"],"picked":"Inflame","floor":3.0},{"not_picked":["Twin Strike","Corruption"],"picked":"Spot Weakness","floor":4.0},{"not_picked":["Heavy Blade","Entrench","Rupture"],"picked":"SKIP","floor":8.0},{"not_picked":["Clothesline","Warcry"],"picked":"Shrug It Off","floor":11.0},{"not_picked":["Carnage","Body Slam"],"picked":"Disarm","floor":14.0},{"not_picked":["Barricade","Limit Break"],"picked":"Feed","floor":16.0},{"not_picked":["True Grit","Wild Strike","Thunderclap"],"picked":"SKIP","floor":18.0},{"not_picked":["Iron Wave","Shrug It Off"],"picked":"Heavy Blade+1","floor":20.0},{"not_picked":["Cleave","Thunderclap"],"picked":"Armaments","floor":22.0},{"not_picked":["Fire Breathing","Rupture","Twin Strike"],"picked":"SKIP","floor":24},{"not_picked":["Iron Wave","Clash","Anger"],"picked":"SKIP","floor":30},{"not_picked":["Iron Wave","Clash","Anger"],"picked":"SKIP","floor":30},{"not_picked":["Iron Wave","Clash"],"picked":"Anger","floor":30},{"not_picked":["Perfected Strike+1","Anger+1"],"picked":"Battle Trance","floor":31},{"not_picked":["Feed","Immolate"],"picked":"Exhume","floor":33},{"not_picked":["Anger+1","Headbutt"],"picked":"Entrench","floor":35},{"not_picked":["Warcry","Clash"],"picked":"Body Slam","floor":37},{"not_picked":["Trip","Purity"],"picked":"Bandage Up","floor":38},{"not_picked":["Trip","Finesse"],"picked":"Discovery","floor":38},{"not_picked":["Rage","Blood for Blood"],"picked":"Shrug It Off","floor":39},{"not_picked":["Shrug It Off","Rupture"],"picked":"Disarm+1","floor":42},{"not_picked":["Iron Wave","Wild Strike"],"picked":"Dual Wield+1","floor":47},{"not_picked":["Flex","Sword Boomerang","Sever Soul"],"picked":"SKIP","floor":48}],"player_experience":1189116,"relics_obtained":[{"floor":8.0,"key":"Vajra"},{"floor":9.0,"key":"Juzu Bracelet"},{"floor":12.0,"key":"Gremlin Horn"},{"floor":14.0,"key":"Potion Belt"},{"floor":26,"key":"Smiling Mask"},{"floor":37,"key":"Ginger"},{"floor":42,"key":"Kunai"},{"floor":47,"key":"Sundial"}],"event_choices":[{"damage_healed":25.0,"max_hp_gain":0.0,"max_hp_loss":0.0,"gold_gain":0.0,"event_name":"Big Fish","player_choice":"Banana","floor":5.0,"gold_loss":0.0,"damage_taken":0.0},{"damage_healed":0.0,"max_hp_gain":0.0,"max_hp_loss":0.0,"gold_gain":0.0,"cards_transformed":["Strike_R"],"event_name":"Living Wall","player_choice":"Change","floor":6.0,"gold_loss":0.0,"damage_taken":0.0,"cards_obtained":["Sword Boomerang"]},{"damage_healed":0.0,"max_hp_gain":0.0,"max_hp_loss":0.0,"gold_gain":0.0,"event_name":"Dead Adventurer","player_choice":"Searched \u00272\u0027 times","floor":11.0,"gold_loss":0.0,"damage_taken":0.0,"relics_obtained":["Bag of Marbles"]},{"damage_healed":0.0,"max_hp_gain":0.0,"max_hp_loss":0.0,"gold_gain":0.0,"event_name":"Scrap Ooze","player_choice":"Success","floor":13.0,"gold_loss":0.0,"damage_taken":5.0,"relics_obtained":["Girya"]},{"cards_removed":["Bludgeon"],"damage_healed":0.0,"max_hp_gain":0.0,"max_hp_loss":0.0,"gold_gain":0.0,"event_name":"Beggar","player_choice":"Gave Gold","floor":19.0,"gold_loss":75.0,"damage_taken":0.0},{"damage_healed":0.0,"max_hp_gain":5.0,"max_hp_loss":0.0,"gold_gain":0.0,"event_name":"Forgotten Altar","player_choice":"Shed Blood","floor":21.0,"gold_loss":0.0,"damage_taken":26.0},{"damage_healed":0,"gold_gain":0,"player_choice":"Bought 3 Potions","damage_taken":0,"max_hp_gain":0,"max_hp_loss":0,"event_name":"The Woman in Blue","floor":27,"gold_loss":0},{"damage_healed":0,"gold_gain":0,"player_choice":"Ignored","damage_taken":0,"max_hp_gain":0,"max_hp_loss":0,"event_name":"Cursed Tome","floor":28,"gold_loss":0},{"damage_healed":0,"gold_gain":0,"player_choice":"Ignored","damage_taken":0,"max_hp_gain":0,"max_hp_loss":0,"event_name":"Tomb of Lord Red Mask","floor":36,"gold_loss":0},{"damage_healed":0,"gold_gain":0,"player_choice":"Fight","damage_taken":0,"max_hp_gain":0,"max_hp_loss":0,"event_name":"Mysterious Sphere","floor":37,"gold_loss":0},{"damage_healed":0,"gold_gain":0,"player_choice":"Memory 3","damage_taken":10,"max_hp_gain":0,"max_hp_loss":0,"event_name":"SensoryStone","floor":38,"gold_loss":0},{"cards_removed":["Body Slam"],"damage_healed":0,"gold_gain":0,"player_choice":"Removed Attack","damage_taken":0,"max_hp_gain":0,"max_hp_loss":0,"event_name":"Falling","floor":46,"gold_loss":0}],"is_beta":false,"boss_relics":[{"not_picked":["Fusion Hammer","Cursed Key"],"picked":"Pandora\u0027s Box"},{"not_picked":["White Beast Statue","Sozu"],"picked":"Mark of Pain"}],"items_purged_floors":[25],"is_endless":false,"potions_floor_spawned":[1,2,14,18,22,31,33,35,48],"killed_by":"Donu and Deca","ascension_level":20}