{"gold_per_floor":[15,15,33,33,33,33,9,9,9,42,55,86,57,89,89,89],"floor_reached":16,"playtime":535,"items_purged":[],"score":282,"play_id":"9e73416a-e04d-47b8-9942-9c54b3535e35","local_time":"20190622165443","is_ascension_mode":true,"campfire_choices":[{"data":"Bash","floor":6,"key":"SMITH"},{"data":"True Grit","floor":8,"key":"SMITH"},{"data":"Armaments","floor":15,"key":"SMITH"}],"neow_cost":"NO_GOLD","seed_source_timestamp":11998377472200,"circlet_count":0,"master_deck":["AscendersBane","Strike_R","Defend_R","Defend_R","Defend_R","Defend_R","Bash+1","Rage","Pommel Strike","Dropkick","True Grit+1","Corruption","Pommel Strike","Entrench","Armaments+1","Burning Pact","Shrug It Off"],"relics":["Burning Blood","Question Card","Oddly Smooth Stone","Incense Burner","Dodecahedron"],"potions_floor_usage":[10,12,16],"damage_taken":[{"damage":0,"enemies":"Cultist","floor":1,"turns":3},{"damage":7,"enemies":"2 Louse","floor":3,"turns":3},{"damage":20,"enemies":"3 Sentries","floor":10,"turns":10},{"damage":6,"enemies":"Jaw Worm","floor":11,"turns":5},{"damage":25,"enemies":"Gremlin Nob","floor":12,"turns":4},{"damage":0,"enemies":"Lagavulin","floor":14,"turns":6},{"damage":48,"enemies":"The Guardian","floor":16,"turns":9}],"seed_played":"8248671148432795023","potions_obtained":[{"floor":1,"key":"Fire Potion"},{"floor":11,"key":"Fire Potion"},{"floor":12,"key":"Fire Potion"},{"floor":14,"key":"Fire Potion"}],"is_trial":false,"path_per_floor":["M","?","M","?","?","R","$","R","T","E","M","E","$","E","R","B"],"character_chosen":"IRONCLAD","items_purchased":["Pommel Strike","Shrug It Off"],"campfire_rested":0,"item_purchase_floors":[7,13],"current_hp_per_floor":[74,74,73,73,73,73,73,73,73,59,59,40,40,46,46,0],"gold":89,"neow_bonus":"TRANSFORM_TWO_CARDS","is_prod":false,"is_daily":false,"chose_seed":false,"campfire_upgraded":3,"win_rate":0,"timestamp":1561190083,"path_taken":["M","?","?","?","?","R","?","R","T","E","M","E","$","E","R","BOSS"],"build_version":"2019-01-23","purchased_purges":0,"victory":false,"max_hp_per_floor":[75,75,75,75,75,75,75,75,75,75,75,75,75,75,75,75],"card_choices":[{"not_picked":["Pummel","Ghostly Armor"],"picked":"Dropkick","floor":1},{"not_picked":["Fire Breathing","Headbutt"],"picked":"True Grit","floor":3},{"not_picked":["Iron Wave","Sever Soul","Flex"],"picked":"Entrench","floor":10},{"not_picked":["Anger","Entrench","Cleave"],"picked":"Armaments","floor":11},{"not_picked":["Clothesline","Twin Strike","Cleave"],"picked":"Burning Pact","floor":12},{"not_picked":["Perfected Strike","Intimidate","Combust","Blood for Blood"],"picked":"SKIP","floor":14}],"player_experience":746737,"relics_obtained":[{"floor":9,"key":"Question Card"},{"floor":10,"key":"Oddly Smooth Stone"},{"floor":12,"key":"Incense Burner"},{"floor":14,"key":"Dodecahedron"}],"event_choices":[{"cards_removed":["Strike_R"],"damage_healed":0,"gold_gain":0,"player_choice":"Offered Basic","damage_taken":0,"max_hp_gain":0,"max_hp_loss":0,"event_name":"Bonfire Elementals","floor":2,"gold_loss":0},{"damage_healed":0,"gold_gain":0,"cards_transformed":["Strike_R"],"player_choice":"Change","damage_taken":0,"max_hp_gain":0,"max_hp_loss":0,"event_name":"Living Wall","floor":4,"gold_loss":0,"cards_obtained":["Corruption"]},{"damage_healed":0,"gold_gain":0,"player_choice":"Leave","damage_taken":0,"max_hp_gain":0,"max_hp_loss":0,"event_name":"The Cleric","floor":5,"gold_loss":0}],"is_beta":false,"boss_relics":[],"items_purged_floors":[],"is_endless":false,"potions_floor_spawned":[1,11,12,14],"killed_by":"The Guardian","ascension_level":20}