{"gold_per_floor":[109,109,184,194,18,44,58,92,92,105,105,105,105,125,125,198,198,212,222,222,137,154,186,202,231,311,311,343,32,47,67,67,142,142,156,156,168,73,73,100,100,126,126,126,126,161,161,179,179,179,179,179,179,95,128,128],"floor_reached":57,"playtime":3321,"items_purged":["Strike_B"],"score":3037,"play_id":"c2e705e5-a372-4ffc-b030-a6236e3fd6cd","local_time":"20190630163515","is_ascension_mode":true,"campfire_choices":[{"data":"Consume","floor":11.0,"key":"SMITH"},{"data":"Recycle","floor":13.0,"key":"SMITH"},{"data":"Darkness","floor":15.0,"key":"SMITH"},{"data":"Capacitor","floor":27.0,"key":"SMITH"},{"data":"Loop","floor":32.0,"key":"SMITH"},{"data":"Defragment","floor":41.0,"key":"SMITH"},{"floor":45.0,"key":"RECALL"},{"data":"Reboot","floor":47.0,"key":"SMITH"},{"data":"Coolheaded","floor":49.0,"key":"SMITH"},{"data":"Amplify","floor":53,"key":"SMITH"}],"neow_cost":"NONE","seed_source_timestamp":112456456723100,"circlet_count":0,"master_deck":["AscendersBane","Strike_B","Defend_B","Defend_B","Zap","Dualcast","Self Repair","Amplify+1","Consume+1","Capacitor+1","Cold Snap","Darkness+1","Recycle+1","Hologram","Reboot+1","Chill","Coolheaded+1","Self Repair+1","Multi-Cast","Reinforced Body+1","Defragment+1","Loop+1","Seek+1","Turbo+1","Rainbow+1","White Noise+1","Discovery+1","Fission+1","Madness+1","Madness+1","Chill+1","Recycle+1"],"special_seed":0,"relics":["Cracked Core","NeowsBlessing","Gremlin Horn","Pocketwatch","Dead Branch","Odd Mushroom","Sozu","Strawberry","Matryoshka","Oddly Smooth Stone","Toxic Egg 2","Letter Opener","PreservedInsect","OrangePellets","Runic Dome","Blood Vial","Happy Flower","Pantograph","Centennial Puzzle","Anchor"],"potions_floor_usage":[],"damage_taken":[{"damage":0.0,"enemies":"Small Slimes","floor":1.0,"turns":1.0},{"damage":0.0,"enemies":"2 Louse","floor":4.0,"turns":2.0},{"damage":0.0,"enemies":"3 Sentries","floor":6.0,"turns":1.0},{"damage":7.0,"enemies":"Jaw Worm","floor":7.0,"turns":5.0},{"damage":9.0,"enemies":"Lagavulin","floor":8.0,"turns":7.0},{"damage":12.0,"enemies":"Large Slime","floor":10.0,"turns":8.0},{"damage":19.0,"enemies":"The Mushroom Lair","floor":14.0,"turns":7.0},{"damage":36.0,"enemies":"Hexaghost","floor":16.0,"turns":9.0},{"damage":12.0,"enemies":"Shell Parasite","floor":18.0,"turns":7.0},{"damage":2.0,"enemies":"Spheric Guardian","floor":19.0,"turns":5.0},{"damage":12.0,"enemies":"Centurion and Healer","floor":22.0,"turns":9.0},{"damage":28.0,"enemies":"Slavers","floor":23.0,"turns":5.0},{"damage":19.0,"enemies":"Snake Plant","floor":24.0,"turns":6.0},{"damage":26.0,"enemies":"Book of Stabbing","floor":25.0,"turns":7.0},{"damage":25.0,"enemies":"Gremlin Leader","floor":28.0,"turns":5.0},{"damage":0.0,"enemies":"Snecko","floor":30.0,"turns":10.0},{"damage":18.0,"enemies":"Cultist and Chosen","floor":31.0,"turns":7.0},{"damage":18.0,"enemies":"Automaton","floor":33.0,"turns":9.0},{"damage":23.0,"enemies":"3 Shapes","floor":35.0,"turns":7.0},{"damage":1.0,"enemies":"Orb Walker","floor":37.0,"turns":4.0},{"damage":15.0,"enemies":"Giant Head","floor":40.0,"turns":5.0},{"damage":23.0,"enemies":"Reptomancer","floor":42.0,"turns":5.0},{"damage":0.0,"enemies":"Giant Head","floor":46.0,"turns":6.0},{"damage":0.0,"enemies":"Transient","floor":48.0,"turns":6.0},{"damage":0.0,"enemies":"Donu and Deca","floor":50.0,"turns":6.0},{"damage":8,"enemies":"Time Eater","floor":51,"turns":8},{"damage":30,"enemies":"Shield and Spear","floor":55,"turns":5},{"damage":16,"enemies":"The Heart","floor":56,"turns":12}],"seed_played":"-663370210577221106","potions_obtained":[{"floor":7.0,"key":"Energy Potion"},{"floor":8.0,"key":"Regen Potion"},{"floor":14.0,"key":"GamblersBrew"}],"is_trial":false,"path_per_floor":["M","?","?","M","$","E","M","E","T","M","R","$","R","?","R","B",null,"M","M","?","?","M","E","M","E","T","R","E","$","M","M","R","B",null,"M","?","M","$","?","E","R","E","T","?","R","E","R","M","R","B","B",null,"R","$","E","B",null],"character_chosen":"DEFECT","items_purchased":["Capacitor","Cold Snap","OrangePellets","Defragment","Discovery+1","Recycle+1"],"campfire_rested":0,"item_purchase_floors":[5,5,29,29,38,54],"current_hp_per_floor":[64,64,53,60,60,60,60,58,58,71,71,71,71,66,66,37,63,65,70,70,77,72,51,59,50,50,50,35,35,69,78,78,77,78,72,72,78,78,78,78,78,78,78,64,64,78,78,78,78,78,78,78,78,78,72,78],"gold":128,"neow_bonus":"THREE_ENEMY_KILL","is_prod":false,"is_daily":false,"chose_seed":false,"campfire_upgraded":9,"win_rate":0,"timestamp":1561880115,"path_taken":["M","?","?","M","$","E","M","E","T","M","R","?","R","?","R","BOSS","M","M","?","?","M","E","?","E","T","R","E","$","M","M","R","BOSS","M","?","?","$","?","E","R","E","T","?","R","E","R","M","R","BOSS","BOSS","R","$","E","BOSS"],"build_version":"2019-01-23","purchased_purges":1,"victory":true,"max_hp_per_floor":[71,71,71,71,71,71,71,71,71,71,71,71,71,71,71,71,71,71,71,71,78,78,78,78,78,78,78,78,78,78,78,78,78,78,78,78,78,78,78,78,78,78,78,78,78,78,78,78,78,78,78,78,78,78,78,78],"card_choices":[{"not_picked":["Streamline","Double Energy"],"picked":"Self Repair","floor":1.0},{"not_picked":["Aggregate","Reprogram"],"picked":"Consume","floor":4.0},{"not_picked":["Leap","Force Field"],"picked":"Darkness","floor":6.0},{"not_picked":["Chaos","FTL","Gash"],"picked":"SKIP","floor":7.0},{"not_picked":["Storm","Steam"],"picked":"Recycle","floor":8.0},{"not_picked":["Force Field","Barrage","Aggregate"],"picked":"SKIP","floor":10.0},{"not_picked":["Doom and Gloom","Darkness"],"picked":"Hologram","floor":14.0},{"not_picked":["Rainbow","Multi-Cast"],"picked":"Reboot","floor":16.0},{"not_picked":["Cold Snap","White Noise"],"picked":"Chill","floor":18.0},{"not_picked":["Beam Cell","Stack"],"picked":"Coolheaded","floor":19.0},{"not_picked":["Chaos","Ball Lightning","Streamline"],"picked":"SKIP","floor":22.0},{"not_picked":["Chaos","Ball Lightning","Streamline"],"picked":"SKIP","floor":22.0},{"not_picked":["Barrage","Steam"],"picked":"Self Repair+1","floor":23.0},{"not_picked":["Ball Lightning","Beam Cell+1"],"picked":"Multi-Cast","floor":24.0},{"not_picked":["Hello World","Conserve Battery","Ball Lightning"],"picked":"SKIP","floor":25.0},{"not_picked":["Rainbow+1","Go for the Eyes"],"picked":"Reinforced Body+1","floor":28.0},{"not_picked":["Ball Lightning","Lockon"],"picked":"Loop","floor":30.0},{"not_picked":["Gash","Sweeping Beam","Compile Driver"],"picked":"SKIP","floor":31.0},{"not_picked":["Creative AI","Thunder Strike"],"picked":"Seek+1","floor":33.0},{"not_picked":["Go for the Eyes","Scrape+1"],"picked":"Turbo+1","floor":35.0},{"not_picked":["Steam+1","Cold Snap"],"picked":"White Noise+1","floor":37.0},{"not_picked":["Turbo+1","Scrape","Steam+1"],"picked":"SKIP","floor":40.0},{"not_picked":["Sunder","White Noise+1"],"picked":"Fission+1","floor":42.0},{"not_picked":["Buffer","Cold Snap+1","Chaos+1"],"picked":"SKIP","floor":46.0},{"not_picked":["Compile Driver","Gash+1"],"picked":"Chill+1","floor":48.0},{"not_picked":["Gash+1","Tempest+1","Redo+1"],"picked":"SKIP","floor":55}],"player_experience":877596,"relics_obtained":[{"floor":6.0,"key":"Gremlin Horn"},{"floor":8.0,"key":"Pocketwatch"},{"floor":9.0,"key":"Dead Branch"},{"floor":14.0,"key":"Odd Mushroom"},{"floor":23.0,"key":"Matryoshka"},{"floor":25.0,"key":"Oddly Smooth Stone"},{"floor":26.0,"key":"Toxic Egg 2"},{"floor":26.0,"key":"Letter Opener"},{"floor":28.0,"key":"PreservedInsect"},{"floor":40.0,"key":"Blood Vial"},{"floor":42.0,"key":"Happy Flower"},{"floor":43.0,"key":"Pantograph"},{"floor":46.0,"key":"Centennial Puzzle"},{"floor":55,"key":"Anchor"}],"event_choices":[{"damage_healed":0.0,"max_hp_gain":0.0,"max_hp_loss":0.0,"gold_gain":0.0,"cards_transformed":["Strike_B"],"event_name":"Living Wall","player_choice":"Change","floor":2.0,"gold_loss":0.0,"damage_taken":0.0,"cards_obtained":["Amplify"]},{"damage_healed":0.0,"max_hp_gain":0.0,"max_hp_loss":0.0,"gold_gain":75.0,"event_name":"World of Goop","player_choice":"Gather Gold","floor":3.0,"gold_loss":0.0,"damage_taken":11.0},{"damage_healed":0.0,"max_hp_gain":0.0,"max_hp_loss":0.0,"gold_gain":0.0,"event_name":"Mushrooms","player_choice":"Fought Mushrooms","floor":14.0,"gold_loss":0.0,"damage_taken":0.0},{"cards_removed":["Strike_B"],"damage_healed":0.0,"max_hp_gain":0.0,"max_hp_loss":0.0,"gold_gain":0.0,"event_name":"Back to Basics","player_choice":"Elegance","floor":20.0,"gold_loss":0.0,"damage_taken":0.0},{"damage_healed":0.0,"max_hp_gain":0.0,"max_hp_loss":0.0,"gold_gain":0.0,"event_name":"Addict","player_choice":"Obtained Relic","floor":21.0,"gold_loss":85.0,"damage_taken":0.0,"relics_obtained":["Strawberry"]},{"damage_healed":0.0,"max_hp_gain":0.0,"max_hp_loss":0.0,"gold_gain":0.0,"cards_transformed":["Defend_B"],"event_name":"Transmorgrifier","player_choice":"Transformed","floor":36.0,"gold_loss":0.0,"damage_taken":0.0,"cards_obtained":["Rainbow"]},{"cards_removed":["Defend_B"],"damage_healed":0.0,"max_hp_gain":0.0,"max_hp_loss":0.0,"gold_gain":0.0,"event_name":"Falling","player_choice":"Removed Skill","floor":39.0,"gold_loss":0.0,"damage_taken":0.0},{"damage_healed":0.0,"max_hp_gain":0.0,"max_hp_loss":0.0,"gold_gain":0.0,"event_name":"Winding Halls","player_choice":"Embrace Madness","floor":44.0,"gold_loss":0.0,"damage_taken":14.0,"cards_obtained":["Madness","Madness"]}],"is_beta":false,"boss_relics":[{"not_picked":["Pandora\u0027s Box","Black Star"],"picked":"Sozu"},{"not_picked":["Astrolabe","Velvet Choker"],"picked":"Runic Dome"}],"items_purged_floors":[5],"is_endless":false,"potions_floor_spawned":[7,8,14,16,18,19,23,28,30,33,35,40,48],"ascension_level":20}