{"gold_per_floor":[117,267,267,12,26,67,88,119,119,155,155,155],"floor_reached":12,"playtime":421,"items_purged":["Doubt"],"score":172,"play_id":"236a91d3-051a-44b7-8f03-0e6b2205e26b","local_time":"20190702175651","is_ascension_mode":true,"campfire_choices":[{"data":"Feel No Pain","floor":11,"key":"SMITH"}],"neow_cost":"NONE","seed_source_timestamp":293363643575800,"circlet_count":0,"master_deck":["AscendersBane","Strike_R","Strike_R","Strike_R","Strike_R","Strike_R","Defend_R","Defend_R","Defend_R","Defend_R","Bash","Exhume","Discovery","Impervious","Flame Barrier","Shrug It Off+1","Armaments+1","Feel No Pain+1"],"relics":["Burning Blood","Golden Idol","Toxic Egg 2","Odd Mushroom","Lantern","Ornamental Fan"],"potions_floor_usage":[10,10],"damage_taken":[{"damage":13,"enemies":"Small Slimes","floor":1,"turns":4},{"damage":1,"enemies":"2 Louse","floor":5,"turns":5},{"damage":48,"enemies":"Lagavulin","floor":6,"turns":9},{"damage":4,"enemies":"Jaw Worm","floor":7,"turns":4},{"damage":9,"enemies":"The Mushroom Lair","floor":8,"turns":7},{"damage":4,"enemies":"3 Sentries","floor":10,"turns":12},{"damage":26,"enemies":"Lagavulin","floor":12,"turns":8}],"seed_played":"6732401431002114200","potions_obtained":[{"floor":1,"key":"SteroidPotion"},{"floor":5,"key":"SteroidPotion"}],"is_trial":false,"path_per_floor":["M","?","?","$","M","E","M","?","T","E","R","E"],"character_chosen":"IRONCLAD","items_purchased":["Discovery","Impervious"],"campfire_rested":0,"item_purchase_floors":[4,4],"current_hp_per_floor":[61,61,61,61,66,24,26,23,23,25,25,0],"gold":155,"neow_bonus":"ONE_RANDOM_RARE_CARD","is_prod":false,"is_daily":false,"chose_seed":false,"campfire_upgraded":1,"win_rate":0,"timestamp":1562057811,"path_taken":["M","?","?","?","M","E","?","?","T","E","R","E"],"build_version":"2019-07-01","purchased_purges":1,"victory":false,"max_hp_per_floor":[75,75,68,68,68,68,68,68,68,68,68,68],"card_choices":[{"not_picked":["Searing Blow","Havoc","Warcry"],"picked":"SKIP","floor":1},{"not_picked":["Cleave","Bloodletting"],"picked":"Flame Barrier","floor":5},{"not_picked":["Headbutt","Fire Breathing","Thunderclap"],"picked":"SKIP","floor":6},{"not_picked":["Iron Wave","Combust"],"picked":"Shrug It Off+1","floor":7},{"not_picked":["Rupture","Flex+1"],"picked":"Armaments+1","floor":8},{"not_picked":["Anger","Rupture"],"picked":"Feel No Pain","floor":10}],"player_experience":906869,"relics_obtained":[{"floor":6,"key":"Toxic Egg 2"},{"floor":8,"key":"Odd Mushroom"},{"floor":9,"key":"Lantern"},{"floor":10,"key":"Ornamental Fan"}],"event_choices":[{"damage_healed":0,"gold_gain":150,"player_choice":"AGREE","damage_taken":0,"max_hp_gain":0,"max_hp_loss":0,"event_name":"Liars Game","floor":2,"gold_loss":0,"cards_obtained":["Doubt"]},{"damage_healed":0,"gold_gain":0,"player_choice":"Lose Max HP","damage_taken":0,"relics_obtained":["Golden Idol"],"max_hp_gain":0,"max_hp_loss":7,"event_name":"Golden Idol","floor":3,"gold_loss":0},{"damage_healed":0,"gold_gain":0,"player_choice":"Fought Mushrooms","damage_taken":0,"max_hp_gain":0,"max_hp_loss":0,"event_name":"Mushrooms","floor":8,"gold_loss":0}],"is_beta":false,"boss_relics":[],"items_purged_floors":[4],"is_endless":false,"potions_floor_spawned":[1,5],"killed_by":"Lagavulin","ascension_level":20}