{"gold_per_floor":[113,113,26,26,47,90,90,106,106,144,157,173,173,211,211,302,302,323,248,116,132,132,132,168,168,191,191,215,241,291,332,332,425,425,448,466,741,760,778,816,248,281,327,327,343,357,357,400,400,400,400,400,400,41,77,77],"floor_reached":57,"playtime":2647,"items_purged":["Strike_B","Defend_B"],"score":2996,"play_id":"b59e4a14-72ae-455c-95ed-6672302e1e86","local_time":"20190725122220","is_ascension_mode":true,"campfire_choices":[{"data":"Defragment","floor":7,"key":"SMITH"},{"data":"Sunder","floor":13,"key":"SMITH"},{"data":"Streamline","floor":15,"key":"SMITH"},{"data":"Ghostly","floor":23,"key":"SMITH"},{"data":"Coolheaded","floor":27,"key":"SMITH"},{"data":"Ghostly","floor":32,"key":"SMITH"},{"data":"Ghostly","floor":44,"key":"SMITH"},{"data":"Zap","floor":47,"key":"SMITH"},{"floor":49,"key":"RECALL"},{"data":"Fission","floor":53,"key":"SMITH"}],"neow_cost":"NONE","seed_source_timestamp":505147811029200,"circlet_count":0,"master_deck":["AscendersBane","Defend_B","Defend_B","Zap+1","Dualcast","Streamline+1","Self Repair","Defragment+1","Sunder+1","Coolheaded+1","Echo Form","Turbo","Ball Lightning","Ghostly+1","Ghostly+1","Ghostly+1","Biased Cognition","Cold Snap","Regret","Machine Learning","Skim","Seek","Capacitor+1","Fission+1","Ghostly+1","Defragment"],"relics":["Cracked Core","NeowsBlessing","Golden Idol","Pantograph","Blue Candle","Incense Burner","PreservedInsect","Empty Cage","Potion Belt","Happy Flower","Bottled Tornado","Philosopher\u0027s Stone","Strange Spoon","Art of War","Dream Catcher","Letter Opener","DollysMirror","Bronze Scales"],"potions_floor_usage":[10,14,16,25,31,31,42,46,50,56,56,56,56],"damage_taken":[{"damage":0,"enemies":"Small Slimes","floor":1,"turns":1},{"damage":0,"enemies":"Cultist","floor":5,"turns":1},{"damage":0,"enemies":"Gremlin Nob","floor":6,"turns":1},{"damage":9,"enemies":"2 Louse","floor":8,"turns":3},{"damage":20,"enemies":"Lagavulin","floor":10,"turns":6},{"damage":14,"enemies":"Large Slime","floor":11,"turns":5},{"damage":6,"enemies":"Exordium Thugs","floor":12,"turns":4},{"damage":16,"enemies":"3 Sentries","floor":14,"turns":6},{"damage":0,"enemies":"The Guardian","floor":16,"turns":12},{"damage":19,"enemies":"Shell Parasite","floor":18,"turns":6},{"damage":8,"enemies":"3 Byrds","floor":21,"turns":4},{"damage":22,"enemies":"Book of Stabbing","floor":24,"turns":6},{"damage":0,"enemies":"Snake Plant","floor":28,"turns":5},{"damage":2,"enemies":"Slavers","floor":31,"turns":5},{"damage":23,"enemies":"Automaton","floor":33,"turns":11},{"damage":1,"enemies":"Orb Walker","floor":35,"turns":5},{"damage":12,"enemies":"3 Darklings","floor":36,"turns":6},{"damage":11,"enemies":"Writhing Mass","floor":38,"turns":6},{"damage":1,"enemies":"Sphere and 2 Shapes","floor":39,"turns":6},{"damage":10,"enemies":"Giant Head","floor":40,"turns":9},{"damage":7,"enemies":"Reptomancer","floor":42,"turns":6},{"damage":1,"enemies":"Maw","floor":45,"turns":7},{"damage":2,"enemies":"Writhing Mass","floor":46,"turns":5},{"damage":2,"enemies":"Nemesis","floor":48,"turns":7},{"damage":5,"enemies":"Awakened One","floor":50,"turns":11},{"damage":27,"enemies":"Donu and Deca","floor":51,"turns":13},{"damage":22,"enemies":"Shield and Spear","floor":55,"turns":8},{"damage":35,"enemies":"The Heart","floor":56,"turns":12}],"seed_played":"-6155243481022008409","potions_obtained":[{"floor":1,"key":"AttackPotion"},{"floor":6,"key":"EssenceOfSteel"},{"floor":10,"key":"FocusPotion"},{"floor":12,"key":"Strength Potion"},{"floor":18,"key":"Dexterity Potion"},{"floor":25,"key":"Fruit Juice"},{"floor":25,"key":"Swift Potion"},{"floor":28,"key":"Swift Potion"},{"floor":39,"key":"Block Potion"},{"floor":40,"key":"Fire Potion"},{"floor":45,"key":"SteroidPotion"},{"floor":46,"key":"AttackPotion"},{"floor":55,"key":"LiquidBronze"}],"is_trial":false,"path_per_floor":["M","?","$","?","M","E","R","M","T","E","M","M","R","E","R","B",null,"M","?","$","M","?","R","E","?","T","R","M","T","?","E","R","B",null,"M","M","?","M","M","E","$","E","T","R","M","M","R","E","R","B","B",null,"R","$","E","B",null],"character_chosen":"DEFECT","items_purchased":["Self Repair","AttackPotion","Strange Spoon","Art of War","FocusPotion","DollysMirror","PowerPotion","Defragment"],"campfire_rested":0,"item_purchase_floors":[3,20,41,41,41,54,54,54],"current_hp_per_floor":[64,64,64,40,47,54,54,52,52,39,32,33,33,24,24,56,67,62,62,62,68,35,35,27,32,32,32,39,39,39,40,40,24,36,40,40,40,40,40,40,40,40,40,40,40,40,40,40,40,40,20,35,35,35,27,12],"gold":77,"neow_bonus":"THREE_ENEMY_KILL","is_prod":false,"is_daily":false,"chose_seed":false,"campfire_upgraded":9,"win_rate":0,"timestamp":1564024940,"path_taken":["M","?","?","?","M","E","R","M","T","E","M","M","R","E","R","BOSS","M","?","$","M","?","R","E","?","T","R","?","?","?","E","R","BOSS","M","M","?","M","M","E","$","E","T","R","?","M","R","E","R","BOSS","BOSS","R","$","E","BOSS"],"build_version":"2019-07-17","purchased_purges":2,"victory":true,"max_hp_per_floor":[71,71,71,71,71,71,71,71,71,71,71,71,71,71,71,71,71,71,71,71,71,35,35,35,40,40,40,40,40,40,40,40,40,40,40,40,40,40,40,40,40,40,40,40,40,40,40,40,40,40,40,40,40,40,40,40],"card_choices":[{"not_picked":["Hello World","Gash"],"picked":"Streamline","floor":1},{"not_picked":["Leap","Redo","Gash"],"picked":"SKIP","floor":5},{"not_picked":["Steam","Steam Power"],"picked":"Defragment","floor":6},{"not_picked":["Steam","Compile Driver","Stack"],"picked":"SKIP","floor":8},{"not_picked":["Hyperbeam","Streamline"],"picked":"Sunder","floor":10},{"not_picked":["Blizzard","Barrage","Leap"],"picked":"SKIP","floor":11},{"not_picked":["Streamline","Go for the Eyes","Sweeping Beam"],"picked":"SKIP","floor":12},{"not_picked":["Streamline","Go for the Eyes","Sweeping Beam"],"picked":"SKIP","floor":12},{"not_picked":["Blizzard","Steam"],"picked":"Coolheaded","floor":14},{"not_picked":["Rainbow","Buffer"],"picked":"Echo Form","floor":16},{"not_picked":["Undo","Ball Lightning"],"picked":"Turbo","floor":18},{"not_picked":["Rebound","Steam"],"picked":"Ball Lightning","floor":21},{"not_picked":["Gash","Beam Cell","Steam Power+1"],"picked":"SKIP","floor":24},{"not_picked":["Hologram+1","Streamline","Reinforced Body"],"picked":"SKIP","floor":28},{"not_picked":["Ball Lightning","Rebound","Rip and Tear"],"picked":"SKIP","floor":31},{"not_picked":["Hyperbeam","Thunder Strike"],"picked":"Biased Cognition","floor":33},{"not_picked":["Streamline","Conserve Battery"],"picked":"Cold Snap","floor":35},{"not_picked":["Fusion+1","Hologram","Lockon"],"picked":"SKIP","floor":36},{"not_picked":["Fusion","Doom and Gloom"],"picked":"Machine Learning","floor":38},{"not_picked":["Beam Cell","Sweeping Beam","Reprogram"],"picked":"SKIP","floor":39},{"not_picked":["Rebound","Compile Driver"],"picked":"Skim","floor":40},{"not_picked":["Doom and Gloom","Steam"],"picked":"Seek","floor":42},{"not_picked":["Reprogram+1","Steam"],"picked":"Capacitor+1","floor":45},{"not_picked":["Conserve Battery","Compile Driver+1","Stack+1"],"picked":"SKIP","floor":46},{"not_picked":["Hello World","FTL"],"picked":"Fission","floor":48},{"not_picked":["Turbo","Barrage","Rebound"],"picked":"SKIP","floor":55}],"player_experience":1201400,"relics_obtained":[{"floor":6,"key":"Pantograph"},{"floor":9,"key":"Blue Candle"},{"floor":10,"key":"Incense Burner"},{"floor":14,"key":"PreservedInsect"},{"floor":26,"key":"Potion Belt"},{"floor":29,"key":"Happy Flower"},{"floor":31,"key":"Bottled Tornado"},{"floor":42,"key":"Dream Catcher"},{"floor":48,"key":"Letter Opener"},{"floor":55,"key":"Bronze Scales"}],"event_choices":[{"cards_removed":["Strike_B"],"damage_healed":0,"gold_gain":0,"player_choice":"Offered Basic","damage_taken":0,"max_hp_gain":0,"max_hp_loss":0,"event_name":"Bonfire Elementals","floor":2,"gold_loss":0},{"damage_healed":0,"gold_gain":0,"player_choice":"Take Damage","damage_taken":24,"relics_obtained":["Golden Idol"],"max_hp_gain":0,"max_hp_loss":0,"event_name":"Golden Idol","floor":4,"gold_loss":0},{"cards_removed":["Strike_B"],"damage_healed":0,"gold_gain":0,"player_choice":"Gave Gold","damage_taken":0,"max_hp_gain":0,"max_hp_loss":0,"event_name":"Beggar","floor":19,"gold_loss":75},{"damage_healed":0,"gold_gain":0,"player_choice":"Became a Ghost","damage_taken":0,"max_hp_gain":0,"max_hp_loss":36,"event_name":"Ghosts","floor":22,"gold_loss":0,"cards_obtained":["Ghostly","Ghostly","Ghostly"]},{"damage_healed":0,"gold_gain":0,"player_choice":"Got Potions","damage_taken":0,"max_hp_gain":0,"max_hp_loss":0,"event_name":"Lab","floor":25,"gold_loss":0},{"damage_healed":0,"gold_gain":50,"player_choice":"Stole From Cult","damage_taken":0,"max_hp_gain":0,"max_hp_loss":0,"event_name":"Nest","floor":30,"gold_loss":0},{"damage_healed":0,"gold_gain":275,"player_choice":"Desecrate","damage_taken":0,"max_hp_gain":0,"max_hp_loss":0,"event_name":"Golden Shrine","floor":37,"gold_loss":0,"cards_obtained":["Regret"]}],"is_beta":false,"boss_relics":[{"not_picked":["Runic Pyramid","Busted Crown"],"picked":"Empty Cage"},{"not_picked":["Runic Dome","Lizard Tail"],"picked":"Philosopher\u0027s Stone"}],"items_purged_floors":[20,41],"is_endless":false,"potions_floor_spawned":[1,6,10,12,18,28,39,40,45,46,55],"ascension_level":20}