{"gold_per_floor":[109,83,102,118,15,15,50,50,73,99,99,127,127,145,145,241,241,252,252,57,157,170,201,201,221,221,221,234,251,286,296,296,397,397,409,420,16,32,32,32,61,61,61,79,95,124,137,168,168,168],"floor_reached":51,"playtime":3650,"items_purged":[],"score":1295,"play_id":"d5b3678b-a76d-421c-aace-8c28d5ec822a","local_time":"20190608195520","is_ascension_mode":true,"campfire_choices":[{"data":"Cloak And Dagger","floor":6,"key":"SMITH"},{"floor":13,"key":"REST"},{"floor":15,"key":"REST"},{"floor":24,"key":"REST"},{"floor":27,"key":"REST"},{"data":"Adrenaline","floor":32,"key":"SMITH"},{"floor":40,"key":"REST"},{"data":"Adrenaline","floor":42,"key":"SMITH"},{"floor":49,"key":"REST"}],"neow_cost":"TEN_PERCENT_HP_LOSS","seed_source_timestamp":1139274428093924,"circlet_count":0,"master_deck":["Defend_G+1","Defend_G+1","Defend_G+1","Strike_G+1","Strike_G+1","Strike_G+1","Strike_G+1","Survivor","Neutralize","Cloak And Dagger","Cloak And Dagger+1","Finisher+1","Blade Dance","Blade Dance","Wraith Form v2","Caltrops","Adrenaline+1","Infinite Blades+1","Infinite Blades+1","Predator+1","Backflip+1","Panache","Blade Dance+1","Blade Dance","Blade Dance","Endless Agony+1","Terror","Adrenaline+1","Slice","Dramatic Entrance","Master of Strategy","Parasite","Blade Dance","Blade Dance","Masterful Stab+1","Concentrate+1","Backflip","Setup+1","Acrobatics+1","Cloak And Dagger"],"relics":["Ring of the Snake","StoneCalendar","Ancient Tea Set","Whetstone","Meat on the Bone","Lantern","Astrolabe","Calipers","Dead Branch","Art of War","WristBlade","Vajra","Mango","Strawberry","Dream Catcher","Ornamental Fan"],"potions_floor_usage":[7,10,12,16,23,23,25,29,30,33,38,50,50,50],"damage_taken":[{"damage":2,"enemies":"Cultist","floor":1,"turns":6},{"damage":0,"enemies":"2 Louse","floor":3,"turns":4},{"damage":2,"enemies":"Small Slimes","floor":4,"turns":5},{"damage":2,"enemies":"3 Sentries","floor":7,"turns":7},{"damage":0,"enemies":"Gremlin Nob","floor":10,"turns":2},{"damage":18,"enemies":"Lagavulin","floor":12,"turns":7},{"damage":0,"enemies":"Looter","floor":14,"turns":3},{"damage":61,"enemies":"Hexaghost","floor":16,"turns":10},{"damage":0,"enemies":"3 Byrds","floor":18,"turns":4},{"damage":0,"enemies":"Chosen","floor":22,"turns":4},{"damage":16,"enemies":"Book of Stabbing","floor":23,"turns":3},{"damage":10,"enemies":"Shelled Parasite and Fungi","floor":25,"turns":3},{"damage":1,"enemies":"Centurion and Healer","floor":28,"turns":3},{"damage":3,"enemies":"Snake Plant","floor":29,"turns":4},{"damage":0,"enemies":"Gremlin Leader","floor":30,"turns":4},{"damage":0,"enemies":"3 Cultists","floor":31,"turns":2},{"damage":30,"enemies":"Champ","floor":33,"turns":7},{"damage":3,"enemies":"Orb Walker","floor":35,"turns":2},{"damage":5,"enemies":"3 Darklings","floor":36,"turns":4},{"damage":6,"enemies":"Writhing Mass","floor":38,"turns":3},{"damage":0,"enemies":"Reptomancer","floor":41,"turns":2},{"damage":4,"enemies":"Spire Growth","floor":44,"turns":3},{"damage":19,"enemies":"Jaw Worm Horde","floor":45,"turns":2},{"damage":5,"enemies":"Giant Head","floor":46,"turns":4},{"damage":0,"enemies":"Maw","floor":47,"turns":4},{"damage":0,"enemies":"Reptomancer","floor":48,"turns":3},{"damage":0,"enemies":"Time Eater","floor":50,"turns":7}],"seed_played":"5542974598351836683","potions_obtained":[{"floor":4,"key":"Block Potion"},{"floor":7,"key":"Weak Potion"},{"floor":12,"key":"Ancient Potion"},{"floor":14,"key":"Poison Potion"},{"floor":18,"key":"GamblersBrew"},{"floor":23,"key":"Block Potion"},{"floor":28,"key":"SpeedPotion"},{"floor":30,"key":"SpeedPotion"},{"floor":36,"key":"Poison Potion"},{"floor":44,"key":"Ancient Potion"},{"floor":45,"key":"Explosive Potion"},{"floor":46,"key":"PowerPotion"},{"floor":48,"key":"Dexterity Potion"}],"is_trial":false,"path_per_floor":["M","$","M","M","$","R","E","?","T","E","?","E","R","M","R","B",null,"M","?","$","?","M","E","R","M","T","R","M","M","E","M","R","B",null,"M","M","$","M","?","R","E","R","T","M","M","E","M","E","R","B",null],"character_chosen":"THE_SILENT","items_purchased":["Cloak And Dagger","PowerPotion","PowerPotion","Panache","Dramatic Entrance","Vajra","Master of Strategy"],"campfire_rested":6,"item_purchase_floors":[2,5,5,20,37,37,37],"current_hp_per_floor":[61,61,61,59,59,59,57,57,57,57,57,39,57,57,63,14,51,51,51,51,51,51,35,53,43,43,61,60,57,57,57,57,39,57,54,49,49,43,43,61,75,75,82,78,59,54,54,54,79,79],"gold":168,"neow_bonus":"ONE_RARE_RELIC","is_prod":false,"is_daily":false,"chose_seed":false,"campfire_upgraded":3,"win_rate":0,"timestamp":1560012920,"path_taken":["M","?","?","M","$","R","E","?","T","E","?","E","R","M","R","BOSS","M","?","$","?","M","E","R","M","T","R","M","M","E","M","R","BOSS","M","?","$","M","?","R","E","R","T","M","M","E","M","E","R","BOSS"],"build_version":"2019-01-23","purchased_purges":0,"victory":true,"max_hp_per_floor":[63,63,63,63,63,63,63,63,63,63,63,63,63,63,63,63,63,63,63,63,63,63,63,63,63,63,63,63,63,63,63,63,63,63,63,63,63,63,63,63,77,77,84,84,84,84,84,84,84,84],"card_choices":[{"not_picked":["Blade Dance","Leg Sweep"],"picked":"Cloak And Dagger","floor":1},{"not_picked":["Poisoned Stab","Dagger Throw"],"picked":"Finisher","floor":3},{"not_picked":["Tactician","Concentrate"],"picked":"Blade Dance","floor":4},{"not_picked":["Leg Sweep","Deflect"],"picked":"Blade Dance","floor":7},{"not_picked":["Well Laid Plans","Acrobatics"],"picked":"Wraith Form v2","floor":10},{"not_picked":["Crippling Poison","Underhanded Strike"],"picked":"Caltrops","floor":12},{"not_picked":["Sucker Punch","Dagger Throw","Poisoned Stab"],"picked":"SKIP","floor":14},{"not_picked":["Night Terror","Die Die Die"],"picked":"Adrenaline","floor":16},{"not_picked":["Bane","Dash"],"picked":"Backflip+1","floor":18},{"not_picked":["Deflect+1","Prepared"],"picked":"Blade Dance+1","floor":22},{"not_picked":["Corpse Explosion","Flying Knee+1","Underhanded Strike"],"picked":"SKIP","floor":23},{"not_picked":["Prepared","Acrobatics+1","Riddle With Holes"],"picked":"SKIP","floor":25},{"not_picked":["Tactician","Reflex"],"picked":"Blade Dance","floor":28},{"not_picked":["Deflect","Acrobatics"],"picked":"Blade Dance","floor":29},{"not_picked":["Masterful Stab","Bane"],"picked":"Endless Agony+1","floor":30},{"not_picked":["Quick Slash+1","Slice+1"],"picked":"Terror","floor":31},{"not_picked":["Doppelganger","Unload"],"picked":"Adrenaline","floor":33},{"not_picked":["Backflip","Dash+1"],"picked":"Slice","floor":35},{"not_picked":["All Out Attack+1","Flying Knee+1","Dagger Spray+1"],"picked":"SKIP","floor":36},{"not_picked":["Bane","Tactician+1"],"picked":"Blade Dance","floor":38},{"not_picked":["Finisher+1","Deadly Poison+1"],"picked":"Blade Dance","floor":41},{"not_picked":["Terror+1","Deflect"],"picked":"Masterful Stab+1","floor":44},{"not_picked":["Outmaneuver+1","Blur+1"],"picked":"Concentrate+1","floor":45},{"not_picked":["Dagger Spray+1","Choke+1"],"picked":"Backflip","floor":46},{"not_picked":["Slice","Prepared+1"],"picked":"Setup+1","floor":47},{"not_picked":["Malaise","Riddle With Holes"],"picked":"Acrobatics+1","floor":48},{"not_picked":["Dagger Throw+1","Escape Plan"],"picked":"Cloak And Dagger","floor":49}],"player_experience":1492585,"relics_obtained":[{"floor":7,"key":"Ancient Tea Set"},{"floor":9,"key":"Whetstone"},{"floor":10,"key":"Meat on the Bone"},{"floor":12,"key":"Lantern"},{"floor":23,"key":"Calipers"},{"floor":26,"key":"Dead Branch"},{"floor":30,"key":"Art of War"},{"floor":41,"key":"Mango"},{"floor":43,"key":"Strawberry"},{"floor":46,"key":"Dream Catcher"},{"floor":48,"key":"Ornamental Fan"}],"event_choices":[{"damage_healed":0,"gold_gain":0,"player_choice":"Ignored","damage_taken":0,"max_hp_gain":0,"max_hp_loss":0,"event_name":"Golden Wing","floor":8,"gold_loss":0},{"damage_healed":0,"gold_gain":0,"player_choice":"Ignored","damage_taken":0,"max_hp_gain":0,"max_hp_loss":0,"event_name":"Golden Idol","floor":11,"gold_loss":0},{"damage_healed":0,"gold_gain":0,"player_choice":"Simplicity","damage_taken":0,"max_hp_gain":0,"max_hp_loss":0,"event_name":"Back to Basics","floor":19,"gold_loss":0,"cards_upgraded":["Defend_G","Defend_G","Defend_G","Strike_G","Strike_G","Strike_G"]},{"damage_healed":0,"gold_gain":100,"player_choice":"Pray","damage_taken":0,"max_hp_gain":0,"max_hp_loss":0,"event_name":"Golden Shrine","floor":21,"gold_loss":0},{"damage_healed":0,"gold_gain":0,"player_choice":"Ignored","damage_taken":0,"max_hp_gain":0,"max_hp_loss":0,"event_name":"SecretPortal","floor":39,"gold_loss":0}],"is_beta":false,"boss_relics":[{"not_picked":["Fusion Hammer","Busted Crown"],"picked":"Astrolabe"},{"not_picked":["Pandora\u0027s Box","Empty Cage"],"picked":"WristBlade"}],"items_purged_floors":[],"is_endless":false,"potions_floor_spawned":[4,7,12,14,18,23,28,30,36,44,45,46,48],"ascension_level":7}