{"gold_per_floor":[360,510,11,21,21,21,33,33,33,46,66,66,98,115,115,188,188,199,199,249,265,278,278,309,309,309,309,309,344,344,355,355,430,430,442,488,488,488,37,37,53,70,117,117,146,146,146,164,164,164],"floor_reached":50,"playtime":3418,"items_purged":["Doubt","Pain"],"score":1127,"play_id":"18cdd929-21c6-4bbb-9b4d-e28eaaf5e48a","local_time":"20190713083734","is_ascension_mode":true,"campfire_choices":[{"floor":6.0,"key":"REST"},{"data":"Prepared","floor":8.0,"key":"SMITH"},{"data":"Infinite Blades","floor":15.0,"key":"SMITH"},{"floor":23.0,"key":"REST"},{"data":"Venomology","floor":27.0,"key":"SMITH"},{"floor":32.0,"key":"REST"},{"floor":40.0,"key":"REST"},{"floor":46.0,"key":"REST"},{"floor":49.0,"key":"REST"}],"neow_cost":"PERCENT_DAMAGE","seed_source_timestamp":220938834857655,"circlet_count":0,"master_deck":["AscendersBane","Strike_G","Strike_G","Strike_G","Strike_G","Defend_G","Defend_G","Defend_G","Defend_G","Defend_G","Survivor","Neutralize","Prepared","Panache+1","Prepared+1","Good Instincts","Blade Dance","Well Laid Plans","Slice","Distraction","Quick Slash","Neutralize","Escape Plan","Infinite Blades+1","Venomology+1","Clumsy","Doubt","Infinite Blades","Cloak And Dagger","Dodge and Roll+1","Well Laid Plans","Setup","Distraction","Die Die Die","Slice","Acrobatics","Tactician","Prepared","Prepared","Deflect","Blade Dance+1","Master of Strategy","Blade Dance","Prepared+1","Escape Plan","Deflect+1","Flash of Steel","Impatience","Chrysalis+1","Terror","Dagger Spray"],"special_seed":0,"relics":["Ring of the Snake","Mercury Hourglass","Darkstone Periapt","Calling Bell","Bag of Preparation","The Courier","Tingsha","Lantern","MutagenicStrength","Meat on the Bone","Bag of Marbles","Turnip","Orrery","Pocketwatch","WarpedTongs","OrangePellets","Boot","Ancient Tea Set","War Paint"],"potions_floor_usage":[50,50,50],"damage_taken":[{"damage":0.0,"enemies":"2 Louse","floor":1.0,"turns":4.0},{"damage":1.0,"enemies":"Jaw Worm","floor":4.0,"turns":4.0},{"damage":1.0,"enemies":"Cultist","floor":7.0,"turns":3.0},{"damage":3.0,"enemies":"Large Slime","floor":10.0,"turns":5.0},{"damage":1.0,"enemies":"Looter","floor":11.0,"turns":4.0},{"damage":0.0,"enemies":"3 Sentries","floor":13.0,"turns":2.0},{"damage":1.0,"enemies":"3 Louse","floor":14.0,"turns":3.0},{"damage":10.0,"enemies":"Hexaghost","floor":16.0,"turns":9.0},{"damage":7.0,"enemies":"Chosen","floor":18.0,"turns":4.0},{"damage":19.0,"enemies":"Shell Parasite","floor":21.0,"turns":5.0},{"damage":0.0,"enemies":"Chosen and Byrds","floor":22.0,"turns":4.0},{"damage":0.0,"enemies":"Slavers","floor":24.0,"turns":3.0},{"damage":21.0,"enemies":"Gremlin Leader","floor":29.0,"turns":8.0},{"damage":12.0,"enemies":"Centurion and Healer","floor":31.0,"turns":7.0},{"damage":66.0,"enemies":"Collector","floor":33.0,"turns":9.0},{"damage":4.0,"enemies":"3 Shapes","floor":35.0,"turns":2.0},{"damage":11.0,"enemies":"2 Orb Walkers","floor":36.0,"turns":3.0},{"damage":0.0,"enemies":"Orb Walker","floor":41.0,"turns":2.0},{"damage":3.0,"enemies":"3 Darklings","floor":42.0,"turns":2.0},{"damage":55.0,"enemies":"Reptomancer","floor":45.0,"turns":5.0},{"damage":25.0,"enemies":"Transient","floor":48.0,"turns":5.0},{"damage":73,"enemies":"Time Eater","floor":50,"turns":9}],"seed_played":"-2198296057307015903","potions_obtained":[{"floor":7.0,"key":"Swift Potion"},{"floor":14.0,"key":"SteroidPotion"},{"floor":16.0,"key":"PowerPotion"},{"floor":21.0,"key":"Swift Potion"},{"floor":29.0,"key":"Explosive Potion"},{"floor":35.0,"key":"SkillPotion"},{"floor":45.0,"key":"Energy Potion"},{"floor":48.0,"key":"PowerPotion"}],"is_trial":false,"path_per_floor":["M","?","$","M","?","R","M","R","T","M","M","?","E","M","R","B",null,"M","?","?","M","M","R","E","?","T","R","?","E","T","M","R","B",null,"M","?","?","?","$","R","M","M","T","?","E","R","T","M","R","B"],"character_chosen":"THE_SILENT","items_purchased":["Panache","Prepared","Good Instincts","Blade Dance","SkillPotion","Master of Strategy","OrangePellets","Blade Dance","Prepared"],"campfire_rested":6,"item_purchase_floors":[3,3,3,3,3,39,39,39,39],"current_hp_per_floor":[44,44,44,43,43,62,61,61,61,58,57,57,57,56,56,46,79,72,72,72,53,62,84,84,84,84,84,84,63,63,51,76,22,69,65,54,54,60,60,87,87,84,84,74,31,58,58,45,72,0],"gold":164,"neow_bonus":"TWO_FIFTY_GOLD","is_prod":false,"is_daily":false,"chose_seed":false,"campfire_upgraded":3,"win_rate":0,"timestamp":1562996254,"path_taken":["M","?","$","M","?","R","M","R","T","M","?","?","E","M","R","BOSS","M","?","?","M","M","R","E","?","T","R","?","E","?","M","R","BOSS","M","?","?","?","$","R","M","?","T","?","E","R","?","M","R","BOSS"],"build_version":"2019-07-05","purchased_purges":2,"victory":false,"max_hp_per_floor":[66,66,66,66,66,66,66,66,66,66,66,66,66,66,66,66,84,84,84,84,84,84,84,84,84,84,84,84,84,84,84,84,84,84,84,84,84,90,90,90,90,90,90,90,90,90,90,90,90,90],"card_choices":[{"not_picked":["Bane","Sucker Punch"],"picked":"Prepared","floor":1.0},{"not_picked":["Tactician","Skewer"],"picked":"Well Laid Plans","floor":4.0},{"not_picked":["Expertise","Caltrops"],"picked":"Slice","floor":7.0},{"not_picked":["PiercingWail","Dagger Throw"],"picked":"Distraction","floor":10.0},{"not_picked":["Dagger Spray","Backflip"],"picked":"Quick Slash","floor":11.0},{"not_picked":["Caltrops","Expertise"],"picked":"Escape Plan","floor":13.0},{"not_picked":["Quick Slash","Well Laid Plans"],"picked":"Infinite Blades","floor":14.0},{"not_picked":["Phantasmal Killer","Corpse Explosion"],"picked":"Venomology","floor":16.0},{"not_picked":["Blur","Prepared"],"picked":"Infinite Blades","floor":18.0},{"not_picked":["Underhanded Strike","Dagger Throw"],"picked":"Cloak And Dagger","floor":21.0},{"not_picked":["Catalyst+1","Backflip"],"picked":"Dodge and Roll+1","floor":22.0},{"not_picked":["Catalyst","Bullet Time"],"picked":"Well Laid Plans","floor":24.0},{"not_picked":["Underhanded Strike","Deadly Poison"],"picked":"Setup","floor":29.0},{"not_picked":["Slice","Dagger Spray"],"picked":"Distraction","floor":31.0},{"not_picked":["Phantasmal Killer","Unload"],"picked":"Die Die Die","floor":33.0},{"not_picked":["Crippling Poison","Sucker Punch+1"],"picked":"Slice","floor":34.0},{"not_picked":["Bane","Outmaneuver"],"picked":"Acrobatics","floor":34.0},{"not_picked":["Noxious Fumes","Crippling Poison"],"picked":"Tactician","floor":34.0},{"not_picked":["Outmaneuver","Blur"],"picked":"Prepared","floor":34.0},{"not_picked":["Blur","Flechettes"],"picked":"Prepared","floor":34.0},{"not_picked":["Backflip","Bullet Time"],"picked":"Deflect","floor":35.0},{"not_picked":["Dagger Spray","Concentrate+1"],"picked":"Blade Dance+1","floor":36.0},{"not_picked":["Acrobatics","Dagger Spray"],"picked":"Escape Plan","floor":41.0},{"not_picked":["Footwork","Catalyst+1"],"picked":"Deflect+1","floor":42.0},{"not_picked":["Apotheosis","Trip"],"picked":"Flash of Steel","floor":44.0},{"not_picked":["Purity","Good Instincts"],"picked":"Impatience","floor":44.0},{"not_picked":["Forethought","HandOfGreed"],"picked":"Chrysalis","floor":44.0},{"not_picked":["Blur","All Out Attack"],"picked":"Terror","floor":45.0},{"not_picked":["Sucker Punch","Expertise"],"picked":"Dagger Spray","floor":48.0}],"player_experience":1621295,"relics_obtained":[{"floor":9.0,"key":"Mercury Hourglass"},{"floor":13.0,"key":"Darkstone Periapt"},{"floor":17.0,"key":"Bag of Preparation"},{"floor":17.0,"key":"The Courier"},{"floor":17.0,"key":"Tingsha"},{"floor":24.0,"key":"Lantern"},{"floor":26.0,"key":"Meat on the Bone"},{"floor":29.0,"key":"Bag of Marbles"},{"floor":30.0,"key":"Turnip"},{"floor":36.0,"key":"Pocketwatch"},{"floor":43.0,"key":"Boot"},{"floor":45.0,"key":"Ancient Tea Set"},{"floor":47.0,"key":"War Paint"}],"event_choices":[{"damage_healed":0.0,"max_hp_gain":0.0,"max_hp_loss":0.0,"gold_gain":150.0,"event_name":"Liars Game","player_choice":"AGREE","floor":2.0,"gold_loss":0.0,"damage_taken":0.0,"cards_obtained":["Doubt"]},{"damage_healed":0.0,"max_hp_gain":0.0,"max_hp_loss":0.0,"gold_gain":0.0,"event_name":"Living Wall","player_choice":"Grow","floor":5.0,"gold_loss":0.0,"damage_taken":0.0,"cards_upgraded":["Panache"]},{"damage_healed":0.0,"max_hp_gain":0.0,"max_hp_loss":0.0,"gold_gain":0.0,"event_name":"Match and Keep!","player_choice":"1 cards matched","floor":12.0,"gold_loss":0.0,"damage_taken":0.0,"cards_obtained":["Neutralize"]},{"cards_removed":["Normality"],"damage_healed":0.0,"max_hp_gain":0.0,"max_hp_loss":0.0,"gold_gain":0.0,"event_name":"Back to Basics","player_choice":"Elegance","floor":19.0,"gold_loss":0.0,"damage_taken":0.0},{"damage_healed":0.0,"max_hp_gain":0.0,"max_hp_loss":0.0,"gold_gain":50.0,"event_name":"Nest","player_choice":"Stole From Cult","floor":20.0,"gold_loss":0.0,"damage_taken":0.0},{"damage_healed":0.0,"max_hp_gain":0.0,"max_hp_loss":0.0,"gold_gain":0.0,"event_name":"Drug Dealer","player_choice":"Inject Mutagens","floor":25.0,"gold_loss":0.0,"damage_taken":0.0,"relics_obtained":["MutagenicStrength"]},{"damage_healed":0.0,"max_hp_gain":0.0,"max_hp_loss":0.0,"gold_gain":0.0,"event_name":"Vampires","player_choice":"Ignored","floor":28.0,"gold_loss":0.0,"damage_taken":0.0},{"damage_healed":0.0,"max_hp_gain":0.0,"max_hp_loss":0.0,"gold_gain":0.0,"event_name":"Mysterious Sphere","player_choice":"Fight","floor":36.0,"gold_loss":0.0,"damage_taken":0.0},{"cards_removed":["Strike_G"],"damage_healed":0.0,"max_hp_gain":0.0,"max_hp_loss":0.0,"gold_gain":0.0,"event_name":"Falling","player_choice":"Removed Attack","floor":37.0,"gold_loss":0.0,"damage_taken":0.0},{"damage_healed":0.0,"max_hp_gain":0.0,"max_hp_loss":0.0,"gold_gain":0.0,"event_name":"Accursed Blacksmith","player_choice":"Rummage","floor":38.0,"gold_loss":0.0,"damage_taken":0.0,"relics_obtained":["WarpedTongs"],"cards_obtained":["Pain"]},{"damage_healed":0.0,"max_hp_gain":0.0,"max_hp_loss":0.0,"gold_gain":0.0,"event_name":"SensoryStone","player_choice":"Memory 3","floor":44.0,"gold_loss":0.0,"damage_taken":10.0}],"is_beta":false,"boss_relics":[{"not_picked":["Runic Dome","Ring of the Serpent"],"picked":"Calling Bell"},{"not_picked":["Tiny House","Snecko Eye"],"picked":"Orrery"}],"items_purged_floors":[3,39],"is_endless":false,"potions_floor_spawned":[7,14,16,21,29,31,35,45,48],"killed_by":"Time Eater","ascension_level":15}