{"gold_per_floor":[116,135,210,485,38,57,57,74,74,401,401,401,38,68,68,145,145,162,212,227,227,227,227,227,247,273,284,284,62,91,91,91,165,165,183,183,183,197,197,197,223,4,4,4,4,30,30,57,57,57,57,57,57,16,49,49],"floor_reached":57,"playtime":2346,"items_purged":["Regret","Strike_R"],"score":3395,"play_id":"fd2ce9b5-a05e-498c-9aab-3d45985fda7c","local_time":"20190609220316","is_ascension_mode":true,"campfire_choices":[{"data":"Combust","floor":7,"key":"SMITH"},{"data":"Bash","floor":12,"key":"SMITH"},{"data":"Barricade","floor":15,"key":"SMITH"},{"floor":24,"key":"REST"},{"data":"Entrench","floor":28,"key":"SMITH"},{"data":"Armaments","floor":32,"key":"SMITH"},{"data":"Juggernaut","floor":40,"key":"SMITH"},{"floor":49,"key":"RECALL"},{"data":"Shrug It Off","floor":53,"key":"SMITH"}],"neow_cost":"NONE","seed_source_timestamp":114062310083400,"circlet_count":0,"master_deck":["AscendersBane","Strike_R","Strike_R","Defend_R","Defend_R","Defend_R","Defend_R","Infernal Blade","True Grit+1","Feel No Pain","Shrug It Off+1","Combust+1","Second Wind+1","Deep Breath","Barricade+1","Juggernaut+1","Pommel Strike","Second Wind","Barricade","Entrench+1","Armaments+1","Impervious","Fiend Fire","Master of Strategy","Impervious","Power Through"],"relics":["Burning Blood","NeowsBlessing","Sundial","Self Forming Clay","Old Coin","Omamori","Singing Bowl","Runic Pyramid","Enchiridion","Dodecahedron","Blood Vial","Centennial Puzzle","Gambling Chip","Runic Dome","Strawberry","Medical Kit","Question Card","Mummified Hand","Ginger","Paper Frog"],"potions_floor_usage":[14,16,30,56,56],"damage_taken":[{"damage":0,"enemies":"Cultist","floor":1,"turns":1},{"damage":0,"enemies":"Small Slimes","floor":2,"turns":1},{"damage":0,"enemies":"Jaw Worm","floor":6,"turns":1},{"damage":5,"enemies":"Red Slaver","floor":8,"turns":3},{"damage":10,"enemies":"3 Sentries","floor":10,"turns":5},{"damage":8,"enemies":"Gremlin Nob","floor":14,"turns":3},{"damage":17,"enemies":"Slime Boss","floor":16,"turns":18},{"damage":26,"enemies":"3 Byrds","floor":18,"turns":5},{"damage":13,"enemies":"2 Thieves","floor":20,"turns":4},{"damage":18,"enemies":"Snake Plant","floor":25,"turns":3},{"damage":0,"enemies":"Snecko","floor":27,"turns":6},{"damage":1,"enemies":"Book of Stabbing","floor":30,"turns":5},{"damage":0,"enemies":"Collector","floor":33,"turns":4},{"damage":0,"enemies":"Orb Walker","floor":35,"turns":5},{"damage":0,"enemies":"3 Shapes","floor":38,"turns":5},{"damage":0,"enemies":"Giant Head","floor":41,"turns":6},{"damage":0,"enemies":"Nemesis","floor":46,"turns":6},{"damage":0,"enemies":"Giant Head","floor":48,"turns":6},{"damage":0,"enemies":"Donu and Deca","floor":50,"turns":5},{"damage":45,"enemies":"Time Eater","floor":51,"turns":13},{"damage":0,"enemies":"Shield and Spear","floor":55,"turns":9},{"damage":50,"enemies":"The Heart","floor":56,"turns":10}],"seed_played":"3078695978412410075","potions_obtained":[{"floor":2,"key":"FearPotion"},{"floor":8,"key":"Regen Potion"},{"floor":18,"key":"EssenceOfSteel"},{"floor":20,"key":"Dexterity Potion"},{"floor":35,"key":"Dexterity Potion"}],"is_trial":false,"path_per_floor":["M","M","?","?","$","M","R","M","T","E","?","R","$","E","R","B",null,"M","?","M","?","?","T","R","M","T","M","R","$","E","T","R","B",null,"M","?","?","M","?","R","E","$","T","?","$","E","?","E","R","B","B",null,"R","$","E","B",null],"character_chosen":"IRONCLAD","items_purchased":["Sundial","Feel No Pain","Shrug It Off","Deep Breath","Omamori","Centennial Puzzle","Armaments","Medical Kit","Power Through"],"campfire_rested":1,"item_purchase_floors":[5,5,5,13,13,29,29,42,54],"current_hp_per_floor":[74,75,64,64,64,70,70,71,71,67,44,44,44,42,42,46,68,50,50,43,43,22,22,45,35,35,43,43,43,52,52,52,60,76,83,83,83,85,79,79,96,96,96,98,98,100,100,100,100,100,61,90,90,90,100,58],"gold":49,"neow_bonus":"THREE_ENEMY_KILL","is_prod":false,"is_daily":false,"chose_seed":false,"campfire_upgraded":7,"win_rate":0,"timestamp":1560085396,"path_taken":["M","?","?","?","$","M","R","?","T","E","?","R","?","E","R","BOSS","M","?","M","?","?","?","R","M","T","M","R","$","E","?","R","BOSS","M","?","?","?","?","R","E","$","T","?","?","E","?","E","R","BOSS","BOSS","R","$","E","BOSS"],"build_version":"2019-01-23","purchased_purges":2,"victory":true,"max_hp_per_floor":[75,75,75,75,75,75,75,75,75,75,75,75,75,75,75,75,75,77,77,77,77,77,77,77,79,79,79,79,79,81,81,81,81,81,83,83,83,85,89,89,98,98,98,98,98,100,100,100,100,100,100,100,100,100,102,102],"card_choices":[{"not_picked":["Heavy Blade","Havoc"],"picked":"Infernal Blade","floor":1},{"not_picked":["Thunderclap","Sever Soul"],"picked":"True Grit","floor":2},{"not_picked":["Power Through","Cleave","Combust"],"picked":"SKIP","floor":6},{"not_picked":["Power Through","Cleave"],"picked":"Combust","floor":6},{"not_picked":["Warcry","Ghostly Armor","Clothesline"],"picked":"SKIP","floor":8},{"not_picked":["Warcry","Ghostly Armor","Clothesline"],"picked":"SKIP","floor":8},{"not_picked":["Warcry","Ghostly Armor","Clothesline"],"picked":"SKIP","floor":8},{"not_picked":["Fire Breathing","Rampage"],"picked":"Second Wind","floor":10},{"not_picked":["Infernal Blade","Sword Boomerang"],"picked":"Barricade","floor":14},{"not_picked":["Double Tap","Barricade"],"picked":"Juggernaut","floor":16},{"not_picked":["Iron Wave","Twin Strike+1","Headbutt+1"],"picked":"Singing Bowl","floor":18},{"not_picked":["Heavy Blade","Disarm"],"picked":"Pommel Strike","floor":20},{"not_picked":["Second Wind","Wild Strike","Rampage"],"picked":"Singing Bowl","floor":25},{"not_picked":["Wild Strike","Inflame"],"picked":"Entrench","floor":27},{"not_picked":["Burning Pact","Entrench","Flex"],"picked":"Singing Bowl","floor":30},{"not_picked":["Brutality","Reaper"],"picked":"Impervious","floor":33},{"not_picked":["Pummel","Ghostly Armor","Warcry"],"picked":"Singing Bowl","floor":35},{"not_picked":["Rampage","Twin Strike","Clash"],"picked":"Singing Bowl","floor":38},{"not_picked":["Panache","Chrysalis"],"picked":"Master of Strategy","floor":39},{"not_picked":["Trip","Mayhem","Dramatic Entrance"],"picked":"Singing Bowl","floor":39},{"not_picked":["Mind Blast","Madness","Mayhem"],"picked":"Singing Bowl","floor":39},{"not_picked":["Anger","Second Wind","Sever Soul"],"picked":"Singing Bowl","floor":41},{"not_picked":["Corruption+1","Rupture","Clash","Havoc"],"picked":"Singing Bowl","floor":46},{"not_picked":["Entrench+1","Cleave","Headbutt"],"picked":"Impervious","floor":48},{"not_picked":["Power Through","Dual Wield","Inflame","Twin Strike"],"picked":"Singing Bowl","floor":55}],"player_experience":530324,"relics_obtained":[{"floor":9,"key":"Self Forming Clay"},{"floor":10,"key":"Old Coin"},{"floor":14,"key":"Singing Bowl"},{"floor":22,"key":"Enchiridion"},{"floor":23,"key":"Dodecahedron"},{"floor":26,"key":"Blood Vial"},{"floor":30,"key":"Gambling Chip"},{"floor":41,"key":"Strawberry"},{"floor":43,"key":"Question Card"},{"floor":46,"key":"Mummified Hand"},{"floor":48,"key":"Ginger"},{"floor":55,"key":"Paper Frog"}],"event_choices":[{"damage_healed":0,"gold_gain":75,"player_choice":"Gather Gold","damage_taken":11,"max_hp_gain":0,"max_hp_loss":0,"event_name":"World of Goop","floor":3,"gold_loss":0},{"damage_healed":0,"gold_gain":275,"player_choice":"Desecrate","damage_taken":0,"max_hp_gain":0,"max_hp_loss":0,"event_name":"Golden Shrine","floor":4,"gold_loss":0,"cards_obtained":["Regret"]},{"damage_healed":0,"gold_gain":0,"player_choice":"Entered Light","damage_taken":23,"max_hp_gain":0,"max_hp_loss":0,"event_name":"Shining Light","floor":11,"gold_loss":0,"cards_upgraded":["True Grit","Second Wind"]},{"damage_healed":0,"gold_gain":50,"player_choice":"Stole From Cult","damage_taken":0,"max_hp_gain":0,"max_hp_loss":0,"event_name":"Nest","floor":19,"gold_loss":0},{"damage_healed":0,"gold_gain":0,"cards_transformed":["Strike_R","Strike_R"],"player_choice":"Became Test Subject","damage_taken":0,"max_hp_gain":0,"max_hp_loss":0,"event_name":"Drug Dealer","floor":21,"gold_loss":0,"cards_obtained":["Second Wind","Barricade"]},{"damage_healed":0,"gold_gain":0,"player_choice":"Obtained Book","damage_taken":21,"max_hp_gain":0,"max_hp_loss":0,"event_name":"Cursed Tome","floor":22,"gold_loss":0},{"damage_healed":0,"gold_gain":0,"player_choice":"Ignored","damage_taken":0,"max_hp_gain":0,"max_hp_loss":0,"event_name":"Tomb of Lord Red Mask","floor":36,"gold_loss":0},{"damage_healed":0,"gold_gain":0,"player_choice":"1 cards matched","damage_taken":0,"max_hp_gain":0,"max_hp_loss":0,"event_name":"Match and Keep!","floor":37,"gold_loss":0,"cards_obtained":["Fiend Fire"]},{"damage_healed":0,"gold_gain":0,"player_choice":"Memory 3","damage_taken":10,"max_hp_gain":0,"max_hp_loss":0,"event_name":"SensoryStone","floor":39,"gold_loss":0},{"damage_healed":20,"gold_gain":0,"player_choice":"Writhe","damage_taken":0,"max_hp_gain":0,"max_hp_loss":0,"event_name":"Winding Halls","floor":44,"gold_loss":0,"cards_obtained":["Writhe"]},{"cards_removed":["Bash"],"damage_healed":0,"gold_gain":0,"player_choice":"Removed Attack","damage_taken":0,"max_hp_gain":0,"max_hp_loss":0,"event_name":"Falling","floor":47,"gold_loss":0}],"is_beta":false,"boss_relics":[{"not_picked":["Astrolabe","Cursed Key"],"picked":"Runic Pyramid"},{"not_picked":["Tiny House","Runic Cube"],"picked":"Runic Dome"}],"items_purged_floors":[5,13],"is_endless":false,"potions_floor_spawned":[2,8,10,18,20,35,46,55],"ascension_level":20}