{"gold_per_floor":[116,136,151,151,166,166,166,166,166,194,194,209,236,248,248,324,324,342,352,372,372,384,396,437,335,381,399,314,314,332,342,342,416,416,426,426,0,15,26,61,61,93,93,123,139,109,129,144,144,144,144,144,144,50,82,82],"floor_reached":57,"playtime":3149,"items_purged":["Pain","Strike_B"],"score":2802,"play_id":"bfb729cf-8035-40f5-a296-53fe8a4ef087","local_time":"20190722191554","is_ascension_mode":true,"campfire_choices":[{"data":"Zap","floor":6.0,"key":"SMITH"},{"data":"Self Repair","floor":8.0,"key":"SMITH"},{"data":"Consume","floor":15.0,"key":"SMITH"},{"floor":23.0,"key":"REST"},{"floor":32.0,"key":"RECALL"},{"floor":41.0,"key":"REST"},{"floor":49.0,"key":"REST"},{"floor":53.0,"key":"REST"}],"neow_cost":"NONE","seed_source_timestamp":270176929025900,"circlet_count":0,"master_deck":["AscendersBane","Strike_B","Defend_B","Defend_B","Defend_B","Defend_B","Zap+1","Dualcast","Cold Snap","Self Repair+1","Ball Lightning","Coolheaded","Consume+1","Coolheaded","Echo Form","Sweeping Beam+1","Coolheaded","Reboot","Self Repair+1","Skim","Echo Form+1","Capacitor+1","Heatsinks+1","Turbo+1","Meteor Strike","Coolheaded","Loop+1"],"special_seed":0,"relics":["Cracked Core","NeowsBlessing","Mercury Hourglass","Sundial","WarpedTongs","Gremlin Horn","Fusion Hammer","MawBank","Frozen Egg 2","Happy Flower","DataDisk","Nuclear Battery","Membership Card","Ice Cream","Anchor","Darkstone Periapt","Oddly Smooth Stone","Bag of Marbles"],"potions_floor_usage":[56,56],"damage_taken":[{"damage":0.0,"enemies":"Small Slimes","floor":1.0,"turns":1.0},{"damage":0.0,"enemies":"Cultist","floor":2.0,"turns":1.0},{"damage":0.0,"enemies":"Jaw Worm","floor":3.0,"turns":1.0},{"damage":31.0,"enemies":"Large Slime","floor":5.0,"turns":6.0},{"damage":6.0,"enemies":"Gremlin Nob","floor":10.0,"turns":3.0},{"damage":9.0,"enemies":"Exordium Thugs","floor":12.0,"turns":4.0},{"damage":14.0,"enemies":"3 Sentries","floor":13.0,"turns":8.0},{"damage":3.0,"enemies":"Gremlin Gang","floor":14.0,"turns":3.0},{"damage":37.0,"enemies":"The Guardian","floor":16.0,"turns":13.0},{"damage":18.0,"enemies":"Spheric Guardian","floor":18.0,"turns":4.0},{"damage":16.0,"enemies":"2 Thieves","floor":19.0,"turns":3.0},{"damage":16.0,"enemies":"Chosen and Byrds","floor":20.0,"turns":7.0},{"damage":11.0,"enemies":"Gremlin Leader","floor":24.0,"turns":6.0},{"damage":46.0,"enemies":"Snake Plant","floor":27.0,"turns":7.0},{"damage":13.0,"enemies":"Snecko","floor":30.0,"turns":7.0},{"damage":3.0,"enemies":"Centurion and Healer","floor":31.0,"turns":6.0},{"damage":13.0,"enemies":"Automaton","floor":33.0,"turns":9.0},{"damage":18.0,"enemies":"3 Darklings","floor":35.0,"turns":5.0},{"damage":0.0,"enemies":"3 Shapes","floor":38.0,"turns":5.0},{"damage":0.0,"enemies":"Spire Growth","floor":39.0,"turns":5.0},{"damage":0.0,"enemies":"Giant Head","floor":40.0,"turns":8.0},{"damage":1.0,"enemies":"Nemesis","floor":42.0,"turns":9.0},{"damage":0.0,"enemies":"Giant Head","floor":44.0,"turns":8.0},{"damage":16.0,"enemies":"Transient","floor":45.0,"turns":6.0},{"damage":11.0,"enemies":"3 Darklings","floor":47.0,"turns":3.0},{"damage":1.0,"enemies":"Spire Growth","floor":48.0,"turns":5.0},{"damage":20.0,"enemies":"Donu and Deca","floor":50.0,"turns":8.0},{"damage":34.0,"enemies":"Time Eater","floor":51.0,"turns":13.0},{"damage":22.0,"enemies":"Shield and Spear","floor":55.0,"turns":8.0},{"damage":68,"enemies":"The Heart","floor":56,"turns":12}],"seed_played":"-5464028416542923474","potions_obtained":[{"floor":1.0,"key":"Fire Potion"},{"floor":2.0,"key":"Energy Potion"},{"floor":5.0,"key":"AttackPotion"},{"floor":13.0,"key":"Weak Potion"},{"floor":20.0,"key":"Energy Potion"},{"floor":27.0,"key":"PowerPotion"},{"floor":30.0,"key":"Fire Potion"},{"floor":38.0,"key":"AttackPotion"},{"floor":42.0,"key":"Dexterity Potion"},{"floor":46.0,"key":"PowerPotion"},{"floor":46.0,"key":"Energy Potion"}],"is_trial":false,"path_per_floor":["M","M","M","?","M","R","?","R","T","E","?","M","E","M","R","B",null,"M","M","M","T","?","R","E","$","T","M","?","?","M","M","R","B",null,"M","?","$","M","M","E","R","E","T","E","M","?","M","M","R","B","B",null,"R","$","E","B",null],"character_chosen":"DEFECT","items_purchased":["Self Repair+1","Membership Card","Ice Cream","Heatsinks+1","Loop+1"],"campfire_rested":4,"item_purchase_floors":[25,37,37,37,54],"current_hp_per_floor":[64,64,71,71,40,40,63,63,63,67,67,68,64,71,71,44,64,66,50,44,44,44,65,71,71,71,65,65,65,71,71,71,71,71,71,61,61,71,71,71,71,71,71,71,71,71,71,71,71,71,67,70,71,71,71,23],"gold":82,"neow_bonus":"THREE_ENEMY_KILL","is_prod":false,"is_daily":false,"chose_seed":false,"campfire_upgraded":3,"win_rate":0,"timestamp":1563790554,"path_taken":["M","M","M","?","?","R","?","R","T","E","?","M","E","?","R","BOSS","M","?","M","?","?","R","E","$","T","M","?","?","M","M","R","BOSS","M","?","$","?","M","E","R","E","T","E","M","?","M","?","R","BOSS","BOSS","R","$","E","BOSS"],"build_version":"2019-07-17","purchased_purges":2,"victory":true,"max_hp_per_floor":[71,71,71,71,71,71,71,71,71,71,71,71,71,71,71,71,71,71,71,71,71,71,71,71,71,71,71,71,71,71,71,71,71,71,71,71,71,71,71,71,71,71,71,71,71,71,71,71,71,71,71,71,71,71,71,71],"card_choices":[{"not_picked":["Storm","Doom and Gloom"],"picked":"Cold Snap","floor":1.0},{"not_picked":["FTL","Turbo"],"picked":"Self Repair","floor":2.0},{"not_picked":["Static Discharge","Conserve Battery","Recycle"],"picked":"SKIP","floor":3.0},{"not_picked":["Rebound","Recycle"],"picked":"Ball Lightning","floor":5.0},{"not_picked":["Steam","Genetic Algorithm"],"picked":"Coolheaded","floor":10.0},{"not_picked":["Auto Shields","Ball Lightning"],"picked":"Consume","floor":12.0},{"not_picked":["Fusion","Scrape","Steam Power"],"picked":"SKIP","floor":13.0},{"not_picked":["Cold Snap","Sunder"],"picked":"Coolheaded","floor":14.0},{"not_picked":["Creative AI","Biased Cognition"],"picked":"Echo Form","floor":16.0},{"not_picked":["Tempest","Barrage"],"picked":"Sweeping Beam+1","floor":18.0},{"not_picked":["Fusion","Gash"],"picked":"Coolheaded","floor":19.0},{"not_picked":["Conserve Battery+1","Turbo","Go for the Eyes"],"picked":"SKIP","floor":20.0},{"not_picked":["Streamline","Go for the Eyes"],"picked":"Reboot","floor":24.0},{"not_picked":["Redo","Conserve Battery"],"picked":"Skim","floor":27.0},{"not_picked":["Rebound","Sweeping Beam","Barrage"],"picked":"SKIP","floor":30.0},{"not_picked":["Turbo","Reinforced Body+1","Hello World+1"],"picked":"SKIP","floor":31.0},{"not_picked":["Buffer+1","Fission"],"picked":"Echo Form+1","floor":33.0},{"not_picked":["Ball Lightning","Steam"],"picked":"Capacitor+1","floor":35.0},{"not_picked":["Static Discharge+1","Barrage+1"],"picked":"Turbo+1","floor":38.0},{"not_picked":["Leap","BootSequence+1","Streamline+1"],"picked":"SKIP","floor":39.0},{"not_picked":["Leap","Barrage","Steam+1"],"picked":"SKIP","floor":40.0},{"not_picked":["Hello World+1","Skim"],"picked":"Meteor Strike","floor":42.0},{"not_picked":["Steam Power","Sweeping Beam","Rip and Tear"],"picked":"SKIP","floor":44.0},{"not_picked":["Steam Power","Sweeping Beam","Rip and Tear"],"picked":"SKIP","floor":44.0},{"not_picked":["Cold Snap","Redo+1","Leap+1"],"picked":"SKIP","floor":45.0},{"not_picked":["Turbo+1","Rebound"],"picked":"Coolheaded","floor":47.0},{"not_picked":["Static Discharge+1","Streamline+1","FTL"],"picked":"SKIP","floor":48.0},{"not_picked":["Meteor Strike","Storm+1","Thunder Strike"],"picked":"SKIP","floor":55.0}],"player_experience":1134523,"relics_obtained":[{"floor":9.0,"key":"Mercury Hourglass"},{"floor":10.0,"key":"Sundial"},{"floor":13.0,"key":"Gremlin Horn"},{"floor":21.0,"key":"MawBank"},{"floor":24.0,"key":"Frozen Egg 2"},{"floor":26.0,"key":"Happy Flower"},{"floor":40.0,"key":"Anchor"},{"floor":42.0,"key":"Darkstone Periapt"},{"floor":44.0,"key":"Oddly Smooth Stone"},{"floor":55.0,"key":"Bag of Marbles"}],"event_choices":[{"cards_removed":["Strike_B"],"damage_healed":0.0,"max_hp_gain":0.0,"max_hp_loss":0.0,"gold_gain":0.0,"event_name":"Purifier","player_choice":"Purged","floor":4.0,"gold_loss":0.0,"damage_taken":0.0},{"damage_healed":23.0,"max_hp_gain":0.0,"max_hp_loss":0.0,"gold_gain":0.0,"event_name":"Big Fish","player_choice":"Banana","floor":7.0,"gold_loss":0.0,"damage_taken":0.0},{"damage_healed":0.0,"max_hp_gain":0.0,"max_hp_loss":0.0,"gold_gain":0.0,"event_name":"Accursed Blacksmith","player_choice":"Rummage","floor":11.0,"gold_loss":0.0,"damage_taken":0.0,"relics_obtained":["WarpedTongs"],"cards_obtained":["Pain"]},{"damage_healed":0.0,"max_hp_gain":0.0,"max_hp_loss":0.0,"gold_gain":0.0,"event_name":"Vampires","player_choice":"Ignored","floor":22.0,"gold_loss":0.0,"damage_taken":0.0},{"damage_healed":0.0,"max_hp_gain":0.0,"max_hp_loss":0.0,"gold_gain":0.0,"event_name":"Addict","player_choice":"Obtained Relic","floor":28.0,"gold_loss":85.0,"damage_taken":0.0,"relics_obtained":["DataDisk"]},{"cards_removed":["Strike_B"],"damage_healed":0.0,"max_hp_gain":0.0,"max_hp_loss":0.0,"gold_gain":0.0,"event_name":"Back to Basics","player_choice":"Elegance","floor":29.0,"gold_loss":0.0,"damage_taken":0.0},{"damage_healed":0.0,"max_hp_gain":0.0,"max_hp_loss":0.0,"gold_gain":0.0,"event_name":"Wheel of Change","player_choice":"Damaged","floor":36.0,"gold_loss":0.0,"damage_taken":10.0},{"damage_healed":0.0,"max_hp_gain":0.0,"max_hp_loss":0.0,"gold_gain":0.0,"event_name":"The Woman in Blue","player_choice":"Bought 2 Potions","floor":46.0,"gold_loss":0.0,"damage_taken":0.0}],"is_beta":false,"boss_relics":[{"not_picked":["Eternal Feather","Empty Cage"],"picked":"Fusion Hammer"},{"not_picked":["White Beast Statue","Runic Pyramid"],"picked":"Nuclear Battery"}],"items_purged_floors":[25,54],"is_endless":false,"potions_floor_spawned":[1,2,5,13,20,27,30,38,42,44,48,55],"ascension_level":20}