{"gold_per_floor":[115,115,115,115,132,158,158,177,258,258,269,298,311,236,236,307,307,324,353,110,83,83,83,97,97,171,171,191,191],"floor_reached":29,"playtime":1151,"items_purged":["Strike_G"],"score":466,"play_id":"56635eac-a8ef-4fa4-8706-99db3df20520","local_time":"20190728212340","is_ascension_mode":true,"campfire_choices":[{"data":"Cloak And Dagger","floor":7,"key":"SMITH"},{"floor":15,"key":"REST"},{"data":"Well Laid Plans","floor":23,"key":"SMITH"},{"data":"Dagger Spray","floor":25,"key":"SMITH"},{"data":"Footwork","floor":27,"key":"SMITH"}],"neow_cost":"TEN_PERCENT_HP_LOSS","seed_source_timestamp":798335452358800,"circlet_count":0,"master_deck":["AscendersBane","Strike_G","Strike_G","Strike_G","Defend_G","Defend_G","Defend_G+1","Defend_G","Survivor","Neutralize+1","Blur","Cloak And Dagger+1","Acrobatics","Flechettes","Choke","Well Laid Plans+1","Burst","Backstab","Infinite Blades","Footwork+1","Dagger Spray+1","Prepared","Noxious Fumes+1","Bouncing Flask","Terror+1"],"relics":["Ring of the Snake","Pen Nib","Pear","WarpedTongs","Ornamental Fan","Sozu","Red Mask","Snake Skull"],"potions_floor_usage":[6,6,16,16],"damage_taken":[{"damage":1,"enemies":"2 Louse","floor":1,"turns":4},{"damage":0,"enemies":"Small Slimes","floor":5,"turns":4},{"damage":48,"enemies":"Gremlin Nob","floor":6,"turns":6},{"damage":0,"enemies":"Cultist","floor":8,"turns":4},{"damage":3,"enemies":"Blue Slaver","floor":11,"turns":3},{"damage":12,"enemies":"3 Sentries","floor":12,"turns":9},{"damage":1,"enemies":"Lots of Slimes","floor":13,"turns":4},{"damage":20,"enemies":"Slime Boss","floor":16,"turns":9},{"damage":0,"enemies":"Spheric Guardian","floor":18,"turns":5},{"damage":9,"enemies":"Masked Bandits","floor":19,"turns":5},{"damage":2,"enemies":"2 Thieves","floor":21,"turns":4},{"damage":0,"enemies":"Centurion and Healer","floor":24,"turns":5},{"damage":8,"enemies":"Snake Plant","floor":28,"turns":4},{"damage":8,"enemies":"Gremlin Leader","floor":29,"turns":3}],"seed_played":"-1257649103792765606","potions_obtained":[{"floor":4,"key":"SneckoOil"},{"floor":4,"key":"Regen Potion"},{"floor":8,"key":"PowerPotion"},{"floor":12,"key":"Energy Potion"},{"floor":16,"key":"SpeedPotion"}],"is_trial":false,"path_per_floor":["M","?","?","?","M","E","R","M","T","?","M","E","M","?","R","B",null,"M","?","$","M","?","R","M","R","T","R","M","E"],"character_chosen":"THE_SILENT","items_purchased":["Footwork","Dagger Spray","Prepared"],"campfire_rested":1,"item_purchase_floors":[20,20,20],"current_hp_per_floor":[58,40,60,60,60,21,21,21,31,31,28,16,15,15,36,16,57,57,48,48,46,46,46,46,46,46,46,38,30],"gold":191,"neow_bonus":"REMOVE_TWO","is_prod":false,"is_daily":false,"chose_seed":false,"campfire_upgraded":4,"win_rate":0,"timestamp":1564316620,"path_taken":["M","?","?","?","?","E","R","M","T","?","?","E","M","?","R","BOSS","M","?","$","M","?","R","M","R","T","R","M","E"],"build_version":"2019-07-17","purchased_purges":1,"victory":false,"max_hp_per_floor":[60,60,60,60,60,60,60,60,70,70,70,70,70,70,70,70,70,70,70,70,70,70,70,70,70,70,70,70,70],"card_choices":[{"not_picked":["Prepared","Blade Dance"],"picked":"Dagger Throw","floor":1},{"not_picked":["Underhanded Strike","Cloak And Dagger"],"picked":"Blur","floor":5},{"not_picked":["Quick Slash","Flechettes"],"picked":"Cloak And Dagger","floor":6},{"not_picked":["Dodge and Roll","Flechettes"],"picked":"Acrobatics","floor":8},{"not_picked":["Cloak And Dagger","Prepared"],"picked":"Flechettes","floor":11},{"not_picked":["Sucker Punch","Endless Agony"],"picked":"Choke","floor":12},{"not_picked":["Blade Dance","Skewer"],"picked":"Well Laid Plans","floor":13},{"not_picked":["After Image","Bullet Time"],"picked":"Burst","floor":16},{"not_picked":["Noxious Fumes","Sucker Punch"],"picked":"Backstab","floor":18},{"not_picked":["Prepared","Dagger Spray"],"picked":"Infinite Blades","floor":19},{"not_picked":["Escape Plan","Underhanded Strike"],"picked":"Noxious Fumes+1","floor":21},{"not_picked":["Cloak And Dagger","Dodge and Roll"],"picked":"Bouncing Flask","floor":24},{"not_picked":["Finisher","Acrobatics"],"picked":"Terror+1","floor":28}],"player_experience":1266026,"relics_obtained":[{"floor":6,"key":"Pen Nib"},{"floor":9,"key":"Pear"},{"floor":12,"key":"Ornamental Fan"},{"floor":19,"key":"Red Mask"}],"event_choices":[{"damage_healed":0,"gold_gain":0,"player_choice":"Entered Light","damage_taken":18,"max_hp_gain":0,"max_hp_loss":0,"event_name":"Shining Light","floor":2,"gold_loss":0,"cards_upgraded":["Neutralize","Defend_G"]},{"damage_healed":20,"gold_gain":0,"player_choice":"Banana","damage_taken":0,"max_hp_gain":0,"max_hp_loss":0,"event_name":"Big Fish","floor":3,"gold_loss":0},{"damage_healed":0,"gold_gain":0,"player_choice":"Got Potions","damage_taken":0,"max_hp_gain":0,"max_hp_loss":0,"event_name":"Lab","floor":4,"gold_loss":0},{"damage_healed":0,"gold_gain":0,"player_choice":"Rummage","damage_taken":0,"relics_obtained":["WarpedTongs"],"max_hp_gain":0,"max_hp_loss":0,"event_name":"Accursed Blacksmith","floor":10,"gold_loss":0,"cards_obtained":["Pain"]},{"cards_removed":["Pain"],"damage_healed":0,"gold_gain":0,"player_choice":"Card Removal","damage_taken":0,"max_hp_gain":0,"max_hp_loss":0,"event_name":"The Cleric","floor":14,"gold_loss":75},{"damage_healed":0,"gold_gain":0,"player_choice":"Fought Bandits","damage_taken":0,"max_hp_gain":0,"max_hp_loss":0,"event_name":"Masked Bandits","floor":19,"gold_loss":0},{"cards_removed":["Dagger Throw"],"damage_healed":0,"gold_gain":0,"player_choice":"Gave Card","damage_taken":0,"relics_obtained":["Snake Skull"],"max_hp_gain":0,"max_hp_loss":0,"event_name":"WeMeetAgain","floor":22,"gold_loss":0}],"is_beta":false,"boss_relics":[{"not_picked":["Eternal Feather","Cursed Key"],"picked":"Sozu"}],"items_purged_floors":[20],"is_endless":false,"potions_floor_spawned":[8,12,13,16,24,28],"killed_by":"Gremlin Leader","ascension_level":20}