{"gold_per_floor":[119,119,119,43,43,68,68,102,129,154,154,229,254,254,254,327,327,339,339,339,339,358,358,393,393,420,436,436,456,467,175,175,252,252,266,59,76,76,87,113,113,140,140,240,273,284,309,363,363,363,363,363,363,9,36,36],"floor_reached":57,"playtime":2645,"items_purged":["Bite","Bite","Bite"],"score":3150,"play_id":"2ea36075-a322-445a-82b6-1ebfa3462d80","local_time":"20190729171714","is_ascension_mode":true,"campfire_choices":[{"data":"Fiend Fire","floor":7,"key":"SMITH"},{"data":"Immolate","floor":15,"key":"SMITH"},{"data":"Carnage","floor":23,"key":"SMITH"},{"data":"Demon Form","floor":25,"key":"SMITH"},{"data":"True Grit","floor":28,"key":"SMITH"},{"data":"Limit Break","floor":32,"key":"SMITH"},{"data":"Armaments","floor":41,"key":"SMITH"},{"floor":49,"key":"RECALL"},{"data":"Shrug It Off","floor":53,"key":"SMITH"}],"neow_cost":"NONE","seed_source_timestamp":868449769228700,"circlet_count":0,"master_deck":["AscendersBane","Defend_R","Defend_R","Defend_R","Defend_R","Bash","Battle Trance","Fiend Fire+1","Limit Break+1","True Grit+1","Carnage+1","Immolate+1","Demon Form+1","Bite","Bite","Corruption","Dark Embrace+1","Shrug It Off","Shrug It Off","Barricade+1","Heavy Blade+1","Feel No Pain+1","Armaments+1","Dual Wield+1","Purity","True Grit+1","Flame Barrier","True Grit+1","Shrug It Off+1","Second Wind+1","Burning Pact"],"relics":["Burning Blood","NeowsBlessing","Bag of Preparation","Ancient Tea Set","Odd Mushroom","Potion Belt","Coffee Dripper","Enchiridion","Frozen Egg 2","Omamori","Art of War","Snecko Eye","Happy Flower","Lantern","Blood Vial","Mango","Dream Catcher","Gremlin Horn","Pocketwatch","TheAbacus","Pear"],"potions_floor_usage":[13,51,56,56],"damage_taken":[{"damage":0,"enemies":"Small Slimes","floor":1,"turns":1},{"damage":0,"enemies":"Lagavulin","floor":6,"turns":1},{"damage":0,"enemies":"3 Sentries","floor":8,"turns":1},{"damage":34,"enemies":"The Mushroom Lair","floor":10,"turns":5},{"damage":0,"enemies":"Lagavulin","floor":13,"turns":2},{"damage":38,"enemies":"Slime Boss","floor":16,"turns":8},{"damage":0,"enemies":"Chosen","floor":18,"turns":2},{"damage":12,"enemies":"2 Thieves","floor":22,"turns":2},{"damage":18,"enemies":"Book of Stabbing","floor":24,"turns":3},{"damage":2,"enemies":"Centurion and Healer","floor":27,"turns":11},{"damage":0,"enemies":"Chosen and Byrds","floor":29,"turns":3},{"damage":0,"enemies":"Snecko","floor":30,"turns":3},{"damage":41,"enemies":"Collector","floor":33,"turns":6},{"damage":0,"enemies":"3 Shapes","floor":35,"turns":2},{"damage":0,"enemies":"3 Darklings","floor":37,"turns":4},{"damage":8,"enemies":"Transient","floor":39,"turns":6},{"damage":0,"enemies":"Giant Head","floor":40,"turns":5},{"damage":0,"enemies":"Nemesis","floor":42,"turns":3},{"damage":0,"enemies":"Mind Bloom Boss Battle","floor":44,"turns":4},{"damage":0,"enemies":"Giant Head","floor":45,"turns":5},{"damage":9,"enemies":"Writhing Mass","floor":46,"turns":4},{"damage":16,"enemies":"Nemesis","floor":47,"turns":7},{"damage":7,"enemies":"2 Orb Walkers","floor":48,"turns":4},{"damage":7,"enemies":"Time Eater","floor":50,"turns":5},{"damage":75,"enemies":"Awakened One","floor":51,"turns":8},{"damage":0,"enemies":"Shield and Spear","floor":55,"turns":5},{"damage":3,"enemies":"The Heart","floor":56,"turns":7}],"seed_played":"6535852746045877211","potions_obtained":[{"floor":1,"key":"Swift Potion"},{"floor":3,"key":"Strength Potion"},{"floor":18,"key":"SpeedPotion"},{"floor":29,"key":"Poison Potion"},{"floor":33,"key":"SteroidPotion"},{"floor":40,"key":"Dexterity Potion"}],"is_trial":false,"path_per_floor":["M","$","?","$","$","E","R","E","T","?","?","?","E","?","R","B",null,"M","?","?","?","M","R","E","R","T","M","R","M","M","$","R","B",null,"M","$","M","?","M","E","R","E","T","?","E","M","E","?","R","B","B",null,"R","$","E","B",null],"character_chosen":"IRONCLAD","items_purchased":["Fiend Fire","PowerPotion","Art of War","Feel No Pain+1","Armaments","TheAbacus"],"campfire_rested":0,"item_purchase_floors":[4,31,31,36,36,54],"current_hp_per_floor":[74,74,74,74,74,75,75,75,75,47,47,36,42,47,47,15,64,70,49,49,34,36,36,28,28,28,61,61,61,61,61,61,35,55,61,61,61,51,61,61,61,61,61,75,75,75,75,74,74,75,15,60,60,60,84,85],"gold":36,"neow_bonus":"THREE_ENEMY_KILL","is_prod":false,"is_daily":false,"chose_seed":false,"campfire_upgraded":8,"win_rate":0,"timestamp":1564388234,"path_taken":["M","$","?","?","$","E","R","E","T","?","?","?","E","?","R","BOSS","M","?","?","?","M","R","E","R","T","M","R","M","M","$","R","BOSS","M","$","M","?","M","E","R","E","T","?","E","M","E","?","R","BOSS","BOSS","R","$","E","BOSS"],"build_version":"2019-07-17","purchased_purges":3,"victory":true,"max_hp_per_floor":[75,75,75,75,75,75,75,75,75,75,75,75,75,80,80,80,80,80,80,56,61,61,61,61,61,61,61,61,61,61,61,61,61,61,61,61,61,61,61,61,61,61,61,75,75,75,75,75,75,75,75,75,75,75,85,85],"card_choices":[{"not_picked":["Body Slam","Seeing Red"],"picked":"Battle Trance","floor":1},{"not_picked":["Uppercut","Bloodletting"],"picked":"Limit Break","floor":6},{"not_picked":["Wild Strike","Sever Soul"],"picked":"True Grit","floor":8},{"not_picked":["Clash","Wild Strike"],"picked":"Carnage","floor":10},{"not_picked":["Disarm","Shrug It Off"],"picked":"Immolate","floor":13},{"not_picked":["Feed","Impervious"],"picked":"Demon Form","floor":16},{"not_picked":["Sword Boomerang","Pummel","Wild Strike"],"picked":"SKIP","floor":18},{"not_picked":["Corruption","Sentinel","True Grit"],"picked":"SKIP","floor":22},{"not_picked":["Sentinel","True Grit"],"picked":"Corruption","floor":22},{"not_picked":["True Grit+1","Evolve"],"picked":"Dark Embrace","floor":24},{"not_picked":["Cleave","Anger","Wild Strike"],"picked":"SKIP","floor":27},{"not_picked":["Cleave","Anger","Wild Strike"],"picked":"SKIP","floor":27},{"not_picked":["Body Slam","Clothesline"],"picked":"Shrug It Off","floor":29},{"not_picked":["Whirlwind","Flex"],"picked":"Shrug It Off","floor":30},{"not_picked":["Juggernaut+1","Double Tap"],"picked":"Barricade+1","floor":33},{"not_picked":["Pommel Strike","Iron Wave"],"picked":"Heavy Blade+1","floor":35},{"not_picked":["Heavy Blade+1","Wild Strike"],"picked":"Dual Wield+1","floor":37},{"not_picked":["Impatience","Swift Strike"],"picked":"Purity","floor":38},{"not_picked":["Corruption+1","Havoc"],"picked":"True Grit+1","floor":39},{"not_picked":["Searing Blow","Headbutt"],"picked":"Flame Barrier","floor":40},{"not_picked":["Cleave","Flex"],"picked":"True Grit+1","floor":42},{"not_picked":["Sword Boomerang","Corruption+1"],"picked":"Shrug It Off","floor":44},{"not_picked":["Intimidate","Reckless Charge","Inflame+1"],"picked":"SKIP","floor":45},{"not_picked":["Intimidate","Reckless Charge","Inflame+1"],"picked":"SKIP","floor":45},{"not_picked":["Intimidate","Flex"],"picked":"Second Wind+1","floor":46},{"not_picked":["Carnage","Sword Boomerang+1"],"picked":"Burning Pact","floor":47},{"not_picked":["Rampage","Immolate","Fire Breathing+1"],"picked":"SKIP","floor":55}],"player_experience":1281557,"relics_obtained":[{"floor":6,"key":"Bag of Preparation"},{"floor":8,"key":"Ancient Tea Set"},{"floor":10,"key":"Odd Mushroom"},{"floor":13,"key":"Potion Belt"},{"floor":19,"key":"Enchiridion"},{"floor":24,"key":"Frozen Egg 2"},{"floor":26,"key":"Omamori"},{"floor":40,"key":"Happy Flower"},{"floor":42,"key":"Lantern"},{"floor":43,"key":"Blood Vial"},{"floor":44,"key":"Mango"},{"floor":45,"key":"Dream Catcher"},{"floor":47,"key":"Gremlin Horn"},{"floor":48,"key":"Pocketwatch"},{"floor":55,"key":"Pear"}],"event_choices":[{"damage_healed":0,"gold_gain":0,"player_choice":"Got Potions","damage_taken":0,"max_hp_gain":0,"max_hp_loss":0,"event_name":"Lab","floor":3,"gold_loss":0},{"damage_healed":0,"gold_gain":0,"player_choice":"Fought Mushrooms","damage_taken":0,"max_hp_gain":0,"max_hp_loss":0,"event_name":"Mushrooms","floor":10,"gold_loss":0},{"damage_healed":0,"gold_gain":0,"player_choice":"Ignored","damage_taken":0,"max_hp_gain":0,"max_hp_loss":0,"event_name":"Liars Game","floor":11,"gold_loss":0},{"damage_healed":0,"gold_gain":75,"player_choice":"Gather Gold","damage_taken":11,"max_hp_gain":0,"max_hp_loss":0,"event_name":"World of Goop","floor":12,"gold_loss":0},{"damage_healed":0,"gold_gain":0,"player_choice":"Donut","damage_taken":0,"max_hp_gain":5,"max_hp_loss":0,"event_name":"Big Fish","floor":14,"gold_loss":0},{"damage_healed":0,"gold_gain":0,"player_choice":"Obtained Book","damage_taken":21,"max_hp_gain":0,"max_hp_loss":0,"event_name":"Cursed Tome","floor":19,"gold_loss":0},{"damage_healed":0,"gold_gain":0,"player_choice":"Became a vampire","damage_taken":0,"max_hp_gain":0,"max_hp_loss":24,"event_name":"Vampires","floor":20,"gold_loss":0,"cards_obtained":["Bite","Bite","Bite","Bite","Bite"]},{"damage_healed":0,"gold_gain":0,"player_choice":"Shed Blood","damage_taken":20,"max_hp_gain":5,"max_hp_loss":0,"event_name":"Forgotten Altar","floor":21,"gold_loss":0},{"damage_healed":0,"gold_gain":0,"player_choice":"Memory 3","damage_taken":10,"max_hp_gain":0,"max_hp_loss":0,"event_name":"SensoryStone","floor":38,"gold_loss":0},{"damage_healed":0,"gold_gain":0,"player_choice":"Fight","damage_taken":0,"max_hp_gain":0,"max_hp_loss":0,"event_name":"MindBloom","floor":44,"gold_loss":0},{"damage_healed":0,"gold_gain":0,"player_choice":"Fight","damage_taken":0,"max_hp_gain":0,"max_hp_loss":0,"event_name":"Mysterious Sphere","floor":48,"gold_loss":0}],"is_beta":false,"boss_relics":[{"not_picked":["White Beast Statue","Eternal Feather"],"picked":"Coffee Dripper"},{"not_picked":["Tiny House","Sozu"],"picked":"Snecko Eye"}],"items_purged_floors":[31,36,54],"is_endless":false,"potions_floor_spawned":[1,10,18,29,33,35,39,40,42,46],"ascension_level":20}