{"gold_per_floor":[114,129,15,15,90,90,120,120,120,156,170,170],"floor_reached":12,"playtime":192,"items_purged":[],"score":222,"play_id":"1b9368a6-683f-483a-94a3-c04b6028ce2d","local_time":"20190620162916","is_ascension_mode":true,"campfire_choices":[{"data":"Armaments","floor":6,"key":"SMITH"}],"neow_cost":"NONE","seed_source_timestamp":69134631933400,"circlet_count":0,"master_deck":["AscendersBane","Strike_R","Strike_R","Strike_R","Strike_R","Strike_R","Defend_R","Defend_R","Defend_R","Defend_R","Bash","True Grit","Inflame","Armaments+1","Twin Strike","Evolve"],"relics":["Burning Blood","NeowsBlessing","Pear","Golden Idol","Question Card","StoneCalendar"],"potions_floor_usage":[10,10,12],"damage_taken":[{"damage":0,"enemies":"Jaw Worm","floor":1,"turns":1},{"damage":0,"enemies":"Small Slimes","floor":2,"turns":1},{"damage":0,"enemies":"Gremlin Nob","floor":7,"turns":1},{"damage":50,"enemies":"3 Sentries","floor":10,"turns":11},{"damage":0,"enemies":"2 Louse","floor":11,"turns":3},{"damage":8,"enemies":"Gremlin Nob","floor":12,"turns":3}],"seed_played":"-3603277799317045429","potions_obtained":[{"floor":7,"key":"Swift Potion"},{"floor":10,"key":"Fruit Juice"},{"floor":11,"key":"Strength Potion"}],"is_trial":false,"path_per_floor":["M","M","$","?","?","R","E","?","T","E","M","E"],"character_chosen":"IRONCLAD","items_purchased":["Inflame","Armaments"],"campfire_rested":0,"item_purchase_floors":[3,3],"current_hp_per_floor":[74,75,75,75,64,64,80,51,51,12,18,10],"gold":170,"neow_bonus":"THREE_ENEMY_KILL","is_prod":false,"is_daily":false,"chose_seed":false,"campfire_upgraded":1,"win_rate":0,"timestamp":1561015756,"path_taken":["M","M","$","?","?","R","E","?","T","E","M","E"],"build_version":"2019-01-23","purchased_purges":0,"victory":false,"max_hp_per_floor":[75,75,75,75,75,75,85,85,85,90,90,90],"card_choices":[{"not_picked":["Wild Strike","Flex"],"picked":"True Grit","floor":1},{"not_picked":["Combust","Warcry","Clothesline"],"picked":"SKIP","floor":2},{"not_picked":["Burning Pact","Body Slam","Iron Wave"],"picked":"SKIP","floor":7},{"not_picked":["Perfected Strike","Reckless Charge","Entrench"],"picked":"Twin Strike","floor":10},{"not_picked":["Armaments","True Grit","Pommel Strike"],"picked":"Evolve","floor":11}],"player_experience":707429,"relics_obtained":[{"floor":7,"key":"Pear"},{"floor":9,"key":"Question Card"},{"floor":10,"key":"StoneCalendar"}],"event_choices":[{"damage_healed":0,"gold_gain":0,"player_choice":"Leave","damage_taken":0,"max_hp_gain":0,"max_hp_loss":0,"event_name":"The Cleric","floor":4,"gold_loss":0},{"damage_healed":0,"gold_gain":75,"player_choice":"Gather Gold","damage_taken":11,"max_hp_gain":0,"max_hp_loss":0,"event_name":"World of Goop","floor":5,"gold_loss":0},{"damage_healed":0,"gold_gain":0,"player_choice":"Take Damage","damage_taken":29,"relics_obtained":["Golden Idol"],"max_hp_gain":0,"max_hp_loss":0,"event_name":"Golden Idol","floor":8,"gold_loss":0}],"is_beta":false,"boss_relics":[],"items_purged_floors":[],"is_endless":false,"potions_floor_spawned":[7,10,11],"killed_by":"Gremlin Nob","ascension_level":20}