{"gold_per_floor":[117,134,134,134,154,154,188,206,206,234,234,248,248,264,264,337,337,352,380,390,409,409,409,435,435,459,559,8,37,50,65,65,142,142,162,87,87,98,111,111,142,142,142,142,170,170,184,184,184,184,184],"floor_reached":51,"playtime":2741,"items_purged":["Strike_G"],"score":1485,"play_id":"d4c910b3-7c70-429a-b0c3-40db6bfee444","local_time":"20190714162547","is_ascension_mode":true,"campfire_choices":[{"data":"Poisoned Stab","floor":6.0,"key":"SMITH"},{"floor":11.0,"key":"REST"},{"data":"Footwork","floor":13.0,"key":"SMITH"},{"data":"Catalyst","floor":15.0,"key":"SMITH"},{"floor":23.0,"key":"REST"},{"data":"Catalyst","floor":25.0,"key":"SMITH"},{"floor":32.0,"key":"REST"},{"data":"Noxious Fumes","floor":40.0,"key":"SMITH"},{"data":"Footwork","floor":42.0,"key":"SMITH"},{"data":"Catalyst","floor":44.0,"key":"SMITH"},{"floor":46.0,"key":"RECALL"},{"data":"Outmaneuver","floor":49.0,"key":"SMITH"}],"neow_cost":"NONE","seed_source_timestamp":136232937566200,"circlet_count":0,"master_deck":["AscendersBane","Strike_G","Strike_G","Strike_G","Defend_G","Defend_G","Defend_G","Defend_G","Defend_G","Survivor","Neutralize","Footwork+1","Tools of the Trade","Poisoned Stab+1","Footwork+1","Catalyst+1","Blur","Acrobatics","Corpse Explosion","Predator","Calculated Gamble","Tactician","Predator","Catalyst+1","Deadly Poison","Catalyst+1","Blur","Noxious Fumes+1","Storm of Steel","Dash","Dodge and Roll+1","Acrobatics","Outmaneuver+1","Purity","Enlightenment"],"special_seed":0,"relics":["Ring of the Snake","NeowsBlessing","Oddly Smooth Stone","Happy Flower","Meat on the Bone","Snecko Eye","Red Mask","Dodecahedron","Unceasing Top","Matryoshka","Medical Kit","Mango","Orichalcum","Eternal Feather","Anchor","Ginger","Ancient Tea Set","Letter Opener","Snake Skull"],"potions_floor_usage":[51,51],"damage_taken":[{"damage":0.0,"enemies":"Small Slimes","floor":1.0,"turns":1.0},{"damage":0.0,"enemies":"Jaw Worm","floor":2.0,"turns":1.0},{"damage":0.0,"enemies":"Cultist","floor":5.0,"turns":1.0},{"damage":11.0,"enemies":"Lagavulin","floor":7.0,"turns":7.0},{"damage":34.0,"enemies":"Exordium Thugs","floor":8.0,"turns":10.0},{"damage":13.0,"enemies":"3 Sentries","floor":10.0,"turns":9.0},{"damage":3.0,"enemies":"Blue Slaver","floor":12.0,"turns":5.0},{"damage":4.0,"enemies":"Looter","floor":14.0,"turns":4.0},{"damage":36.0,"enemies":"Hexaghost","floor":16.0,"turns":11.0},{"damage":21.0,"enemies":"Chosen","floor":18.0,"turns":6.0},{"damage":26.0,"enemies":"Masked Bandits","floor":19.0,"turns":3.0},{"damage":0.0,"enemies":"3 Byrds","floor":20.0,"turns":2.0},{"damage":37.0,"enemies":"Shelled Parasite and Fungi","floor":21.0,"turns":9.0},{"damage":13.0,"enemies":"Book of Stabbing","floor":24.0,"turns":4.0},{"damage":30.0,"enemies":"Colosseum Slavers","floor":27.0,"turns":9.0},{"damage":13.0,"enemies":"Colosseum Nobs","floor":27.0,"turns":3.0},{"damage":29.0,"enemies":"Slavers","floor":29.0,"turns":4.0},{"damage":0.0,"enemies":"Snake Plant","floor":30.0,"turns":1.0},{"damage":12.0,"enemies":"Sentry and Sphere","floor":31.0,"turns":5.0},{"damage":26.0,"enemies":"Champ","floor":33.0,"turns":5.0},{"damage":9.0,"enemies":"3 Darklings","floor":35.0,"turns":2.0},{"damage":8.0,"enemies":"3 Shapes","floor":38.0,"turns":4.0},{"damage":13.0,"enemies":"Maw","floor":39.0,"turns":5.0},{"damage":58.0,"enemies":"Nemesis","floor":41.0,"turns":7.0},{"damage":54.0,"enemies":"Reptomancer","floor":45.0,"turns":5.0},{"damage":0.0,"enemies":"Jaw Worm Horde","floor":47.0,"turns":3.0},{"damage":47.0,"enemies":"Donu and Deca","floor":50.0,"turns":6.0},{"damage":32,"enemies":"Awakened One","floor":51,"turns":5}],"seed_played":"4842454555694763979","potions_obtained":[{"floor":1.0,"key":"AttackPotion"},{"floor":7.0,"key":"Strength Potion"},{"floor":8.0,"key":"EssenceOfSteel"},{"floor":10.0,"key":"Dexterity Potion"},{"floor":16.0,"key":"Fire Potion"},{"floor":18.0,"key":"Poison Potion"},{"floor":19.0,"key":"SpeedPotion"},{"floor":21.0,"key":"GhostInAJar"},{"floor":30.0,"key":"Poison Potion"},{"floor":33.0,"key":"Poison Potion"},{"floor":39.0,"key":"Strength Potion"},{"floor":47.0,"key":"GamblersBrew"}],"is_trial":false,"path_per_floor":["M","M","?","?","M","R","E","M","T","E","R","M","R","M","R","B",null,"M","?","M","M","?","R","E","R","T","?","$","E","M","M","R","B",null,"M","$","?","M","M","R","E","R","T","R","E","R","M","?","R","B","B"],"character_chosen":"THE_SILENT","items_purchased":["Medical Kit","Mango"],"campfire_rested":3,"item_purchase_floors":[28,28],"current_hp_per_floor":[59,59,59,59,59,59,48,14,14,1,20,29,29,37,37,13,53,44,30,42,17,17,36,35,35,35,16,30,13,25,25,49,35,69,60,60,60,52,51,69,23,41,41,59,17,35,47,37,58,23,0],"gold":184,"neow_bonus":"THREE_ENEMY_KILL","is_prod":false,"is_daily":false,"chose_seed":false,"campfire_upgraded":8,"win_rate":0,"timestamp":1563089147,"path_taken":["M","M","?","?","?","R","E","M","T","E","R","M","R","M","R","BOSS","M","?","M","M","?","R","E","R","T","?","$","E","M","M","R","BOSS","M","$","?","?","M","R","E","R","T","R","E","R","M","?","R","BOSS","BOSS"],"build_version":"2019-07-05","purchased_purges":1,"victory":false,"max_hp_per_floor":[66,66,66,66,66,66,66,66,66,66,66,66,66,66,66,66,66,66,66,66,66,66,66,66,66,66,66,80,80,80,80,80,80,80,80,80,80,80,80,80,80,80,80,80,80,80,80,80,80,80,80],"card_choices":[{"not_picked":["Underhanded Strike","Quick Slash"],"picked":"Footwork","floor":1.0},{"not_picked":["Slice","Infinite Blades"],"picked":"Tools of the Trade","floor":2.0},{"not_picked":["Dodge and Roll","PiercingWail"],"picked":"Poisoned Stab","floor":5.0},{"not_picked":["Finisher","Cloak And Dagger"],"picked":"Footwork","floor":7.0},{"not_picked":["Flying Knee","Leg Sweep"],"picked":"Dagger Spray","floor":8.0},{"not_picked":["Backflip","Sucker Punch"],"picked":"Catalyst","floor":10.0},{"not_picked":["Prepared","Choke"],"picked":"Blur","floor":12.0},{"not_picked":["Prepared","Slice"],"picked":"Acrobatics","floor":14.0},{"not_picked":["Storm of Steel","Adrenaline"],"picked":"Corpse Explosion","floor":16.0},{"not_picked":["Acrobatics","Prepared+1"],"picked":"Predator","floor":18.0},{"not_picked":["Poisoned Stab","Deflect"],"picked":"Calculated Gamble","floor":19.0},{"not_picked":["Concentrate","Poisoned Stab"],"picked":"Tactician","floor":20.0},{"not_picked":["Backstab","PiercingWail"],"picked":"Predator","floor":21.0},{"not_picked":["Underhanded Strike","Distraction"],"picked":"Deadly Poison","floor":24.0},{"not_picked":["Well Laid Plans+1","Outmaneuver"],"picked":"Catalyst","floor":27.0},{"not_picked":["Flying Knee","Sucker Punch"],"picked":"Blur","floor":29.0},{"not_picked":["Flying Knee","Flechettes","Finisher"],"picked":"SKIP","floor":30.0},{"not_picked":["Flying Knee","Flechettes","Finisher"],"picked":"SKIP","floor":30.0},{"not_picked":["Cloak And Dagger","Dagger Throw+1"],"picked":"Noxious Fumes","floor":31.0},{"not_picked":["Grand Finale","A Thousand Cuts"],"picked":"Storm of Steel","floor":33.0},{"not_picked":["Distraction","Prepared+1"],"picked":"Dash","floor":35.0},{"not_picked":["Skewer","Flying Knee","Bane+1"],"picked":"SKIP","floor":38.0},{"not_picked":["Quick Slash","Masterful Stab","Flying Knee"],"picked":"SKIP","floor":39.0},{"not_picked":["Distraction+1","Slice+1"],"picked":"Dodge and Roll+1","floor":41.0},{"not_picked":["PiercingWail","Poisoned Stab"],"picked":"Acrobatics","floor":45.0},{"not_picked":["Finisher","Flying Knee"],"picked":"Outmaneuver","floor":47.0},{"not_picked":["Swift Strike","HandOfGreed"],"picked":"Purity","floor":48.0},{"not_picked":["Jack Of All Trades","Swift Strike"],"picked":"Enlightenment","floor":48.0}],"player_experience":1030354,"relics_obtained":[{"floor":7.0,"key":"Oddly Smooth Stone"},{"floor":9.0,"key":"Happy Flower"},{"floor":10.0,"key":"Meat on the Bone"},{"floor":19.0,"key":"Red Mask"},{"floor":24.0,"key":"Dodecahedron"},{"floor":27.0,"key":"Unceasing Top"},{"floor":27.0,"key":"Matryoshka"},{"floor":29.0,"key":"Orichalcum"},{"floor":41.0,"key":"Ginger"},{"floor":43.0,"key":"Ancient Tea Set"},{"floor":43.0,"key":"Letter Opener"},{"floor":45.0,"key":"Snake Skull"}],"event_choices":[{"damage_healed":0.0,"max_hp_gain":0.0,"max_hp_loss":0.0,"gold_gain":0.0,"event_name":"Liars Game","player_choice":"Ignored","floor":3.0,"gold_loss":0.0,"damage_taken":0.0},{"cards_removed":["Strike_G"],"damage_healed":0.0,"max_hp_gain":0.0,"max_hp_loss":0.0,"gold_gain":0.0,"event_name":"Bonfire Elementals","player_choice":"Offered Basic","floor":4.0,"gold_loss":0.0,"damage_taken":0.0},{"damage_healed":0.0,"max_hp_gain":0.0,"max_hp_loss":0.0,"gold_gain":0.0,"event_name":"Masked Bandits","player_choice":"Fought Bandits","floor":19.0,"gold_loss":0.0,"damage_taken":0.0},{"damage_healed":0.0,"max_hp_gain":0.0,"max_hp_loss":0.0,"gold_gain":0.0,"event_name":"The Library","player_choice":"Read","floor":22.0,"gold_loss":0.0,"damage_taken":0.0,"cards_obtained":["Catalyst"]},{"damage_healed":0.0,"max_hp_gain":0.0,"max_hp_loss":0.0,"gold_gain":0.0,"event_name":"Colosseum","player_choice":"Fight","floor":27.0,"gold_loss":0.0,"damage_taken":0.0},{"damage_healed":0.0,"max_hp_gain":0.0,"max_hp_loss":0.0,"gold_gain":0.0,"event_name":"Colosseum","player_choice":"Fought Nobs","floor":27.0,"gold_loss":0.0,"damage_taken":0.0},{"cards_removed":["Dagger Spray"],"damage_healed":0.0,"max_hp_gain":0.0,"max_hp_loss":0.0,"gold_gain":0.0,"event_name":"WeMeetAgain","player_choice":"Gave Card","floor":37.0,"gold_loss":0.0,"damage_taken":0.0,"relics_obtained":["Anchor"]},{"damage_healed":0.0,"max_hp_gain":0.0,"max_hp_loss":0.0,"gold_gain":0.0,"event_name":"SensoryStone","player_choice":"Memory 3","floor":48.0,"gold_loss":0.0,"damage_taken":10.0}],"is_beta":false,"boss_relics":[{"not_picked":["Orrery","Black Star"],"picked":"Snecko Eye"},{"not_picked":["WristBlade","Velvet Choker"],"picked":"Eternal Feather"}],"items_purged_floors":[36],"is_endless":false,"potions_floor_spawned":[1,7,8,10,16,18,19,21,30,33,39,47],"killed_by":"Awakened One","ascension_level":20}