{"gold_per_floor":[112,262,262,272,26,26,58,113,162,192,212,212,212,224,224,301,301,316,316,327,338,338,371,371,384,408,333,366,61,61,91,91,168,168,185,535,60,1059,1071,1106,1106,1132,1171,1196,596,818,818,590,590,590,590,590,590,15,44,44],"floor_reached":57,"playtime":2072,"items_purged":["Doubt","Strike_R","Normality","Strike_R"],"score":3179,"play_id":"d3dabcda-5029-4b45-bccd-e1ae3f9f7c1d","local_time":"20190620140712","is_ascension_mode":true,"campfire_choices":[{"data":"Bash","floor":6.0,"key":"SMITH"},{"data":"Immolate","floor":13.0,"key":"SMITH"},{"floor":15.0,"key":"REST"},{"data":"Shockwave","floor":24.0,"key":"SMITH"},{"data":"Whirlwind","floor":32.0,"key":"SMITH"},{"data":"Evolve","floor":41,"key":"SMITH"},{"floor":49,"key":"RECALL"},{"data":"Demon Form","floor":53,"key":"SMITH"}],"neow_cost":"NONE","seed_source_timestamp":58620012729700,"circlet_count":0,"master_deck":["AscendersBane","Strike_R+1","Defend_R","Defend_R","Defend_R+1","Defend_R+1","Bash+1","Pommel Strike+1","Immolate+1","Seeing Red+1","Evolve+1","Second Wind","Flame Barrier","Double Tap","Spot Weakness","Feel No Pain","Shrug It Off","Shockwave+1","Exhume","Whirlwind+1","Offering","Barricade","Pommel Strike+1","Inflame","Feel No Pain","Body Slam+1","Power Through","Demon Form+1","Reaper","Disarm","Fiend Fire"],"special_seed":0,"relics":["Burning Blood","NeowsBlessing","Matryoshka","Vajra","Juzu Bracelet","Bottled Flame","War Paint","Omamori","Centennial Puzzle","Mark of Pain","Necronomicon","Red Skull","Dream Catcher","Gambling Chip","Tiny Chest","Red Mask","Snecko Eye","Old Coin","ClockworkSouvenir","Bag of Marbles","Happy Flower","MawBank","Whetstone","Art of War","Lantern","Mummified Hand","Oddly Smooth Stone"],"potions_floor_usage":[33,51,56,56],"damage_taken":[{"damage":0.0,"enemies":"2 Louse","floor":1.0,"turns":1.0},{"damage":0.0,"enemies":"Small Slimes","floor":4.0,"turns":2.0},{"damage":0.0,"enemies":"3 Sentries","floor":7.0,"turns":1.0},{"damage":10.0,"enemies":"3 Sentries","floor":8.0,"turns":3.0},{"damage":22.0,"enemies":"Lagavulin","floor":10.0,"turns":6.0},{"damage":7.0,"enemies":"Jaw Worm","floor":11.0,"turns":2.0},{"damage":6.0,"enemies":"Looter","floor":14.0,"turns":2.0},{"damage":35.0,"enemies":"Slime Boss","floor":16.0,"turns":5.0},{"damage":0.0,"enemies":"2 Thieves","floor":18.0,"turns":1.0},{"damage":0.0,"enemies":"Chosen","floor":20.0,"turns":2.0},{"damage":6.0,"enemies":"Snecko","floor":21.0,"turns":3.0},{"damage":0.0,"enemies":"Gremlin Leader","floor":23.0,"turns":5.0},{"damage":25.0,"enemies":"Shelled Parasite and Fungi","floor":25.0,"turns":3.0},{"damage":10.0,"enemies":"Book of Stabbing","floor":28.0,"turns":3.0},{"damage":0.0,"enemies":"Masked Bandits","floor":31.0,"turns":1.0},{"damage":12,"enemies":"Champ","floor":33,"turns":3},{"damage":0,"enemies":"3 Darklings","floor":35,"turns":1},{"damage":0,"enemies":"2 Orb Walkers","floor":36,"turns":1},{"damage":2,"enemies":"3 Shapes","floor":39,"turns":2},{"damage":6,"enemies":"Giant Head","floor":40,"turns":6},{"damage":43,"enemies":"Reptomancer","floor":42,"turns":4},{"damage":0,"enemies":"Jaw Worm Horde","floor":44,"turns":1},{"damage":6,"enemies":"Time Eater","floor":50,"turns":11},{"damage":27,"enemies":"Awakened One","floor":51,"turns":10},{"damage":22,"enemies":"Shield and Spear","floor":55,"turns":5},{"damage":16,"enemies":"The Heart","floor":56,"turns":7}],"seed_played":"-1184599564974410160","potions_obtained":[{"floor":1.0,"key":"SteroidPotion"},{"floor":7.0,"key":"Block Potion"},{"floor":8.0,"key":"GamblersBrew"},{"floor":11.0,"key":"Explosive Potion"},{"floor":18.0,"key":"Dexterity Potion"},{"floor":25.0,"key":"Swift Potion"},{"floor":33,"key":"Explosive Potion"},{"floor":42,"key":"LiquidBronze"}],"is_trial":false,"path_per_floor":["M","?","?","M","$","R","E","?","T","E","M","?","R","M","R","B",null,"M","?","M","M","?","E","R","M","T","?","E","$","?","?","R","B",null,"M","?","$","?","M","E","R","E","T","M","$","?","?","$","R","B","B",null,"R","$","E","B",null],"character_chosen":"IRONCLAD","items_purchased":["Vajra","Tiny Chest","Offering","ClockworkSouvenir","Bag of Marbles","Demon Form","Art of War","Lantern","Reaper","SpeedPotion","Mummified Hand","Disarm","Block Potion"],"campfire_rested":1,"item_purchase_floors":[5,29,29,37,37,45,45,45,48,48,54,54,54],"current_hp_per_floor":[74,74,56,62,62,62,68,64,64,48,47,24,24,24,46,17,61,67,46,52,52,52,58,58,39,39,39,35,35,35,41,41,35,65,71,75,75,75,75,75,75,38,38,44,44,44,44,44,44,75,75,75,75,75,75,75],"gold":44,"neow_bonus":"THREE_ENEMY_KILL","is_prod":false,"is_daily":false,"chose_seed":false,"campfire_upgraded":6,"win_rate":0,"timestamp":1561007232,"path_taken":["M","?","?","M","$","R","E","?","T","E","M","?","R","M","R","BOSS","M","?","M","M","?","E","R","M","T","?","E","?","?","?","R","BOSS","M","?","$","?","M","E","R","E","T","M","$","?","?","?","R","BOSS","BOSS","R","$","E","BOSS"],"build_version":"2019-01-23","purchased_purges":4,"victory":true,"max_hp_per_floor":[75,75,75,75,75,75,75,75,75,75,75,75,75,75,75,75,75,75,75,75,75,75,75,75,75,75,75,75,75,75,75,75,75,75,75,75,75,75,75,75,75,75,75,75,75,75,75,75,75,75,75,75,75,75,75,75],"card_choices":[{"not_picked":["Reckless Charge","Warcry","Dual Wield"],"picked":"SKIP","floor":1.0},{"not_picked":["Second Wind","True Grit"],"picked":"Pommel Strike","floor":4.0},{"not_picked":["Intimidate","Feed"],"picked":"Immolate","floor":7.0},{"not_picked":["Flex","Headbutt"],"picked":"Seeing Red","floor":8.0},{"not_picked":["Twin Strike","Clothesline"],"picked":"Evolve","floor":10.0},{"not_picked":["Evolve","Wild Strike"],"picked":"Second Wind","floor":11.0},{"not_picked":["Metallicize","Perfected Strike"],"picked":"Flame Barrier","floor":14.0},{"not_picked":["Impervious","Juggernaut"],"picked":"Double Tap","floor":16.0},{"not_picked":["Thunderclap","Intimidate"],"picked":"Spot Weakness","floor":18.0},{"not_picked":["Pommel Strike","Sentinel","Dual Wield"],"picked":"SKIP","floor":20.0},{"not_picked":["Havoc","Twin Strike"],"picked":"Feel No Pain","floor":21.0},{"not_picked":["Rampage+1","Heavy Blade"],"picked":"Shockwave","floor":23.0},{"not_picked":["Pommel Strike","Pummel+1"],"picked":"Exhume","floor":25.0},{"not_picked":["Double Tap","Havoc"],"picked":"Whirlwind","floor":28.0},{"not_picked":["Demon Form","Offering"],"picked":"Barricade","floor":33},{"not_picked":["Battle Trance","Clash"],"picked":"Pommel Strike+1","floor":35},{"not_picked":["Clash","Warcry"],"picked":"Inflame","floor":36},{"not_picked":["Sword Boomerang","Pommel Strike"],"picked":"Feel No Pain","floor":39},{"not_picked":["Second Wind","Immolate"],"picked":"Body Slam","floor":40},{"not_picked":["Sword Boomerang","Body Slam","Cleave"],"picked":"SKIP","floor":42},{"not_picked":["Twin Strike","Anger+1"],"picked":"Power Through","floor":44},{"not_picked":["Cleave","Spot Weakness"],"picked":"Fiend Fire","floor":55}],"player_experience":697420,"relics_obtained":[{"floor":7.0,"key":"Juzu Bracelet"},{"floor":8.0,"key":"Bottled Flame"},{"floor":9.0,"key":"War Paint"},{"floor":9.0,"key":"Omamori"},{"floor":10.0,"key":"Centennial Puzzle"},{"floor":19.0,"key":"Necronomicon"},{"floor":23.0,"key":"Red Skull"},{"floor":26.0,"key":"Dream Catcher"},{"floor":28.0,"key":"Gambling Chip"},{"floor":31.0,"key":"Red Mask"},{"floor":36,"key":"Old Coin"},{"floor":40,"key":"Happy Flower"},{"floor":42,"key":"MawBank"},{"floor":43,"key":"Whetstone"},{"floor":55,"key":"Oddly Smooth Stone"}],"event_choices":[{"damage_healed":0.0,"max_hp_gain":0.0,"max_hp_loss":0.0,"gold_gain":150.0,"event_name":"Liars Game","player_choice":"AGREE","floor":2.0,"gold_loss":0.0,"damage_taken":0.0,"cards_obtained":["Doubt"]},{"damage_healed":0.0,"max_hp_gain":0.0,"max_hp_loss":0.0,"gold_gain":0.0,"event_name":"Scrap Ooze","player_choice":"Success","floor":3.0,"gold_loss":0.0,"damage_taken":18.0,"relics_obtained":["Matryoshka"]},{"damage_healed":0.0,"max_hp_gain":0.0,"max_hp_loss":0.0,"gold_gain":0.0,"event_name":"Dead Adventurer","player_choice":"Searched \u00272\u0027 times","floor":8.0,"gold_loss":0.0,"damage_taken":0.0},{"damage_healed":0.0,"max_hp_gain":0.0,"max_hp_loss":0.0,"gold_gain":0.0,"event_name":"Shining Light","player_choice":"Entered Light","floor":12.0,"gold_loss":0.0,"damage_taken":23.0,"cards_upgraded":["Strike_R","Defend_R"]},{"damage_healed":0.0,"max_hp_gain":0.0,"max_hp_loss":0.0,"gold_gain":0.0,"event_name":"Cursed Tome","player_choice":"Obtained Book","floor":19.0,"gold_loss":0.0,"damage_taken":21.0},{"damage_healed":0.0,"max_hp_gain":0.0,"max_hp_loss":0.0,"gold_gain":0.0,"event_name":"The Library","player_choice":"Read","floor":22.0,"gold_loss":0.0,"damage_taken":0.0,"cards_obtained":["Shrug It Off"]},{"cards_removed":["Strike_R"],"damage_healed":0.0,"max_hp_gain":0.0,"max_hp_loss":0.0,"gold_gain":0.0,"event_name":"Beggar","player_choice":"Gave Gold","floor":27.0,"gold_loss":75.0,"damage_taken":0.0},{"cards_removed":["Strike_R"],"damage_healed":0.0,"max_hp_gain":0.0,"max_hp_loss":0.0,"gold_gain":0.0,"event_name":"Back to Basics","player_choice":"Elegance","floor":30.0,"gold_loss":0.0,"damage_taken":0.0},{"damage_healed":0.0,"max_hp_gain":0.0,"max_hp_loss":0.0,"gold_gain":0.0,"event_name":"Masked Bandits","player_choice":"Fought Bandits","floor":31.0,"gold_loss":0.0,"damage_taken":0.0},{"damage_healed":0,"gold_gain":0,"player_choice":"Fight","damage_taken":0,"max_hp_gain":0,"max_hp_loss":0,"event_name":"Mysterious Sphere","floor":36,"gold_loss":0},{"damage_healed":0,"gold_gain":999,"player_choice":"Gold","damage_taken":0,"max_hp_gain":0,"max_hp_loss":0,"event_name":"MindBloom","floor":38,"gold_loss":0,"cards_obtained":["Normality","Normality"]},{"damage_healed":0,"gold_gain":222,"player_choice":"Wore Mask","damage_taken":0,"max_hp_gain":0,"max_hp_loss":0,"event_name":"Tomb of Lord Red Mask","floor":46,"gold_loss":0},{"damage_healed":0,"gold_gain":0,"player_choice":"0 cards matched","damage_taken":0,"max_hp_gain":0,"max_hp_loss":0,"event_name":"Match and Keep!","floor":47,"gold_loss":0,"cards_obtained":[]}],"is_beta":false,"boss_relics":[{"not_picked":["Philosopher\u0027s Stone","Black Star"],"picked":"Mark of Pain"},{"not_picked":["Lizard Tail","Orrery"],"picked":"Snecko Eye"}],"items_purged_floors":[5,37,45,54],"is_endless":false,"potions_floor_spawned":[1,7,8,11,14,18,21,25,33,35,40,42,55],"ascension_level":20}