{"path_per_floor":["M","M","?","M","M","R","M","R","T","E","?","M","M","M","R","B",null,"M","?","$","M","M","R"],"character_chosen":"THE_SILENT","items_purchased":["Bag of Preparation","Slice"],"gold_per_floor":[109,129,129,149,137,137,154,154,180,209,174,185,196,215,215,317,317,329,329,50,69,81,81],"floor_reached":24,"campfire_rested":1,"playtime":2534,"current_hp_per_floor":[70,69,69,69,69,69,69,69,69,28,45,41,41,37,58,29,70,70,70,70,70,65,65],"items_purged":["Strike_G"],"gold":81,"score":202,"play_id":"593fd9ae-986b-49fb-ba5e-9b834d2001b2","is_prod":false,"is_daily":false,"is_ascension_mode":false,"campfire_upgraded":3,"path_taken":["M","M","?","M","?","R","M","R","T","E","?","?","M","M","R","BOSS","M","?","?","M","M","R","E"],"build_version":"2018-02-15-PROD1","purchased_purges":1,"victory":false,"master_deck":["Defend_G","Defend_G","Defend_G","Defend_G","Defend_G","Strike_G","Strike_G","Strike_G","Survivor","Neutralize","Skewer+1","Slice","Backstab","Accuracy","Tactician+1","Masterful Stab","Flying Knee","Doppelganger+1","Tools of the Trade","Outmaneuver","Slice","Prepared"],"max_hp_per_floor":[70,70,70,70,70,70,70,70,70,70,70,70,70,70,70,70,70,70,70,70,70,70,70],"relics":["Lizard Tail","Lantern","Pen Nib","Velvet Choker","Bag of Preparation"],"card_choices":[{"not_picked":["Prepared","Dagger Spray"],"picked":"Skewer"},{"not_picked":["Finisher","All Out Attack"],"picked":"Slice"},{"not_picked":["Backflip","Distraction"],"picked":"Backstab"},{"not_picked":["Choke","Caltrops"],"picked":"Accuracy"},{"not_picked":["Deadly Poison","Well Laid Plans"],"picked":"Tactician"},{"not_picked":["Skewer","Poisoned Stab"],"picked":"Masterful Stab"},{"not_picked":["Deflect","Quick Slash"],"picked":"Flying Knee"},{"not_picked":["PiercingWail","Distraction"],"picked":"Doppelganger"},{"not_picked":["After Image","A Thousand Cuts"],"picked":"Tools of the Trade"},{"not_picked":["Terror","Infinite Blades"],"picked":"Outmaneuver"},{"not_picked":["Calculated Gamble","Tools of the Trade"],"picked":"Prepared"}],"player_experience":155803,"potions_floor_usage":[5,5,7,13,14,24],"damage_taken":[{"damage":0,"enemies":"2 Louse","floor":1,"turns":3},{"damage":1,"enemies":"Cultist","floor":2,"turns":3},{"damage":0,"enemies":"Jaw Worm","floor":4,"turns":4},{"damage":0,"enemies":"Exordium Thugs","floor":5,"turns":4},{"damage":0,"enemies":"Large Slime","floor":7,"turns":4},{"damage":41,"enemies":"Lagavulin","floor":10,"turns":8},{"damage":4,"enemies":"3 Louse","floor":12,"turns":4},{"damage":0,"enemies":"2 Fungi Beasts","floor":13,"turns":2},{"damage":4,"enemies":"Gremlin Gang","floor":14,"turns":6},{"damage":29,"enemies":"Slime Boss","floor":16,"turns":11},{"damage":0,"enemies":"Shell Parasite","floor":18,"turns":1},{"damage":0,"enemies":"Chosen","floor":21,"turns":2},{"damage":5,"enemies":"Centurion and Healer","floor":22,"turns":6},{"damage":116,"enemies":"Gremlin Leader","floor":24,"turns":7}],"event_choices":[{"event_name":"Living Wall","player_choice":"Forget","floor":3,"damage_taken":0},{"event_name":"The Cleric","player_choice":"Healed","floor":11,"damage_taken":0},{"event_name":"N\u0027loth","player_choice":"Ignored","floor":19,"damage_taken":0}],"boss_relics":[{"not_picked":["Tiny House","Calling Bell"],"picked":"Velvet Choker"}],"potions_floor_spawned":[1,4,5,10,12,22],"seed_played":"-6274137249391850058","killed_by":"Gremlin Leader","ascension_level":0,"is_trial":false}