{"gold_per_floor":[119,119,138,148,73,73,107,134,186,186,212,212,287,298,298,371,371,371,36,36,55,71,71,71],"floor_reached":24,"playtime":665,"items_purged":["Decay","Strike_B"],"score":408,"play_id":"3014f991-3e96-46bd-b7dc-d6a6ec179007","local_time":"20190614162026","is_ascension_mode":true,"campfire_choices":[{"data":"Darkness","floor":6,"key":"SMITH"},{"data":"Zap","floor":10,"key":"SMITH"},{"data":"Barrage","floor":12,"key":"SMITH"},{"floor":15,"key":"REST"},{"floor":23,"key":"REST"}],"neow_cost":"NONE","seed_source_timestamp":6219419302900,"circlet_count":0,"master_deck":["AscendersBane","Strike_B","Defend_B","Defend_B","Defend_B","Defend_B","Zap+1","Dualcast","Barrage+1","Darkness+1","Cold Snap","Reboot","White Noise","Biased Cognition","Defragment","Sunder","Finesse","Multi-Cast","Blizzard"],"relics":["Cracked Core","NeowsBlessing","Smiling Mask","PreservedInsect","Omamori","StoneCalendar","Runic Pyramid"],"potions_floor_usage":[11,14,18,24],"damage_taken":[{"damage":0,"enemies":"Cultist","floor":1,"turns":1},{"damage":0,"enemies":"Small Slimes","floor":3,"turns":1},{"damage":0,"enemies":"Jaw Worm","floor":4,"turns":1},{"damage":16,"enemies":"Lagavulin","floor":7,"turns":7},{"damage":7,"enemies":"Gremlin Nob","floor":11,"turns":3},{"damage":9,"enemies":"Exordium Wildlife","floor":14,"turns":4},{"damage":22,"enemies":"The Guardian","floor":16,"turns":8},{"damage":0,"enemies":"2 Thieves","floor":18,"turns":1},{"damage":19,"enemies":"Shell Parasite","floor":21,"turns":4},{"damage":38,"enemies":"Snecko","floor":22,"turns":6},{"damage":28,"enemies":"Gremlin Leader","floor":24,"turns":2}],"seed_played":"-9222702486410935887","potions_obtained":[{"floor":4,"key":"FearPotion"},{"floor":7,"key":"Block Potion"},{"floor":11,"key":"LiquidBronze"},{"floor":16,"key":"SmokeBomb"}],"is_trial":false,"path_per_floor":["M","?","M","M","$","R","E","T","T","R","E","R","?","M","R","B",null,"M","$","?","M","M","R","E"],"character_chosen":"DEFECT","items_purchased":["Defragment","Sunder","PowerPotion","Finesse"],"campfire_rested":2,"item_purchase_floors":[19,19,19,19],"current_hp_per_floor":[64,64,64,64,64,64,48,48,48,48,41,41,30,21,42,20,58,58,58,58,39,1,22,0],"gold":71,"neow_bonus":"THREE_ENEMY_KILL","is_prod":false,"is_daily":false,"chose_seed":false,"campfire_upgraded":3,"win_rate":0,"timestamp":1560496826,"path_taken":["M","?","?","M","$","R","E","?","T","R","E","R","?","M","R","BOSS","M","$","?","M","M","R","E"],"build_version":"2019-01-23","purchased_purges":2,"victory":false,"max_hp_per_floor":[71,71,71,71,71,71,71,71,71,71,71,71,71,71,71,71,71,71,71,71,71,71,71,71],"card_choices":[{"not_picked":["Rebound","Scrape"],"picked":"Barrage","floor":1},{"not_picked":["Hologram","Rip and Tear"],"picked":"Darkness","floor":3},{"not_picked":["Fusion","Coolheaded"],"picked":"Cold Snap","floor":4},{"not_picked":["Static Discharge","Recycle"],"picked":"Reboot","floor":7},{"not_picked":["Storm","Stack","Ball Lightning"],"picked":"SKIP","floor":11},{"not_picked":["Cold Snap","Redo"],"picked":"White Noise","floor":14},{"not_picked":["Meteor Strike","All For One"],"picked":"Biased Cognition","floor":16},{"not_picked":["Leap","Rebound","Ball Lightning"],"picked":"SKIP","floor":21},{"not_picked":["Ball Lightning","Steam","Rebound+1"],"picked":"SKIP","floor":22}],"player_experience":651023,"relics_obtained":[{"floor":7,"key":"Smiling Mask"},{"floor":8,"key":"PreservedInsect"},{"floor":9,"key":"Omamori"},{"floor":11,"key":"StoneCalendar"}],"event_choices":[{"damage_healed":0,"gold_gain":0,"player_choice":"Cursed","damage_taken":0,"max_hp_gain":0,"max_hp_loss":0,"event_name":"Wheel of Change","floor":2,"gold_loss":0,"cards_obtained":["Decay"]},{"damage_healed":0,"gold_gain":75,"player_choice":"Gather Gold","damage_taken":11,"max_hp_gain":0,"max_hp_loss":0,"event_name":"World of Goop","floor":13,"gold_loss":0},{"damage_healed":0,"gold_gain":0,"cards_transformed":["Strike_B","Strike_B"],"player_choice":"Became Test Subject","damage_taken":0,"max_hp_gain":0,"max_hp_loss":0,"event_name":"Drug Dealer","floor":20,"gold_loss":0,"cards_obtained":["Multi-Cast","Blizzard"]}],"is_beta":false,"boss_relics":[{"not_picked":["Velvet Choker","Tiny House"],"picked":"Runic Pyramid"}],"items_purged_floors":[5,19],"is_endless":false,"potions_floor_spawned":[4,7,11,16,21],"killed_by":"Gremlin Leader","ascension_level":20}