{"gold_per_floor":[119,119,119,129,10,10,35,58,70,108,136,148,224,270,282,294],"floor_reached":16,"playtime":341,"items_purged":["Strike_R"],"score":286,"play_id":"d11e5b85-2779-463b-8b2b-d1879901cab9","local_time":"20190622141728","is_ascension_mode":true,"campfire_choices":[{"floor":6.0,"key":"REST"},{"data":"1","floor":15.0,"key":"LIFT"}],"neow_cost":"NONE","seed_source_timestamp":2646599677400,"circlet_count":0,"master_deck":["AscendersBane","Strike_R","Strike_R","Strike_R","Strike_R+1","Defend_R","Defend_R","Defend_R","Defend_R","Bash+1","Pommel Strike","Feel No Pain","Ghostly Armor","Sentinel","Carnage","Evolve"],"special_seed":0,"relics":["Burning Blood","NeowsBlessing","Charon\u0027s Ashes","MawBank","Girya","FossilizedHelix","Shuriken"],"potions_floor_usage":[16,16],"damage_taken":[{"damage":0.0,"enemies":"Jaw Worm","floor":1.0,"turns":1.0},{"damage":0.0,"enemies":"Small Slimes","floor":4.0,"turns":1.0},{"damage":0.0,"enemies":"Lagavulin","floor":7.0,"turns":1.0},{"damage":0.0,"enemies":"Cultist","floor":8.0,"turns":2.0},{"damage":32.0,"enemies":"Gremlin Nob","floor":10.0,"turns":4.0},{"damage":1.0,"enemies":"3 Louse","floor":11.0,"turns":6.0},{"damage":8.0,"enemies":"Gremlin Nob","floor":13.0,"turns":3.0},{"damage":15.0,"enemies":"Lagavulin","floor":14.0,"turns":6.0},{"damage":12,"enemies":"Hexaghost","floor":16,"turns":5}],"seed_played":"-8631189130026922179","potions_obtained":[{"floor":8.0,"key":"AttackPotion"},{"floor":13.0,"key":"Energy Potion"}],"is_trial":false,"path_per_floor":["M","?","?","M","$","R","E","M","T","E","M","$","?","E","R","B"],"character_chosen":"IRONCLAD","items_purchased":["Feel No Pain"],"campfire_rested":1,"item_purchase_floors":[5],"current_hp_per_floor":[74,51,25,31,31,53,59,65,65,39,44,44,42,33,33,21],"gold":294,"neow_bonus":"THREE_ENEMY_KILL","is_prod":false,"is_daily":false,"chose_seed":false,"campfire_upgraded":0,"win_rate":0,"timestamp":1561180648,"path_taken":["M","?","?","M","?","R","E","M","T","E","?","$","?","E","R","BOSS"],"build_version":"2019-01-23","purchased_purges":1,"victory":false,"max_hp_per_floor":[75,75,75,75,75,75,75,75,75,75,75,75,75,75,75,75],"card_choices":[{"not_picked":["Iron Wave","Headbutt","Thunderclap"],"picked":"SKIP","floor":1.0},{"not_picked":["Sword Boomerang","Anger"],"picked":"Pommel Strike","floor":4.0},{"not_picked":["Clash","Armaments","Headbutt"],"picked":"SKIP","floor":7.0},{"not_picked":["Sentinel","Body Slam"],"picked":"Ghostly Armor","floor":8.0},{"not_picked":["Perfected Strike","Brutality"],"picked":"Sentinel","floor":10.0},{"not_picked":["Bloodletting","Thunderclap"],"picked":"Carnage","floor":11.0},{"not_picked":["Seeing Red","Sever Soul"],"picked":"Evolve","floor":14.0}],"player_experience":738056,"relics_obtained":[{"floor":7.0,"key":"MawBank"},{"floor":9.0,"key":"Girya"},{"floor":13.0,"key":"FossilizedHelix"},{"floor":14.0,"key":"Shuriken"}],"event_choices":[{"damage_healed":0.0,"max_hp_gain":0.0,"max_hp_loss":0.0,"gold_gain":0.0,"event_name":"Shining Light","player_choice":"Entered Light","floor":2.0,"gold_loss":0.0,"damage_taken":23.0,"cards_upgraded":["Bash","Strike_R"]},{"damage_healed":0.0,"max_hp_gain":0.0,"max_hp_loss":0.0,"gold_gain":0.0,"event_name":"Scrap Ooze","player_choice":"Success","floor":3.0,"gold_loss":0.0,"damage_taken":26.0,"relics_obtained":["Charon\u0027s Ashes"]},{"damage_healed":0.0,"max_hp_gain":0.0,"max_hp_loss":0.0,"gold_gain":0.0,"event_name":"Dead Adventurer","player_choice":"Searched \u00271\u0027 times","floor":13.0,"gold_loss":0.0,"damage_taken":0.0}],"is_beta":false,"boss_relics":[],"items_purged_floors":[5],"is_endless":false,"potions_floor_spawned":[8,13],"killed_by":"Hexaghost","ascension_level":20}