{"path_per_floor":["M","?","M","?","?","R","$","E","T","$","E","R","?","M","R","B",null,"M","?","?","M","?","E","R","E","T","M","M","M"],"character_chosen":"THE_SILENT","items_purchased":["Noxious Fumes","Omamori"],"gold_per_floor":[115,215,235,235,235,235,15,44,44,44,69,69,69,81,81,179,179,198,198,198,209,209,235,235,261,339,359,376,388],"floor_reached":30,"campfire_rested":3,"playtime":3982,"current_hp_per_floor":[70,70,69,55,55,55,55,38,38,38,19,40,33,33,54,41,70,63,56,56,56,56,28,49,19,19,23,26,25],"items_purged":[],"gold":388,"score":276,"play_id":"a833c8b4-c62d-4518-9fb4-2b58b5b35306","is_prod":false,"is_daily":false,"is_ascension_mode":false,"campfire_upgraded":1,"path_taken":["M","?","M","?","?","R","$","E","T","$","E","R","?","M","R","BOSS","M","?","?","M","?","E","R","E","T","M","M","M","M"],"build_version":"2018-02-08-PROD1","purchased_purges":0,"victory":false,"master_deck":["Defend_G+1","Defend_G","Defend_G","Defend_G","Defend_G","Strike_G","Strike_G","Strike_G","Strike_G","Strike_G","Survivor","Neutralize+1","Deadly Poison+1","Noxious Fumes","Noxious Fumes","Bouncing Flask","Night Terror"],"max_hp_per_floor":[70,70,70,70,70,70,70,70,70,70,70,70,70,70,70,70,70,70,70,70,70,70,70,70,70,70,70,70,70],"relics":["Ring of the Snake","Omamori","Du-Vu Doll","Mummified Hand","Centennial Puzzle","Frozen Egg 2","Cursed Key","Gambling Chip","Anchor","Meat on the Bone","Tiny Chest"],"card_choices":[{"not_picked":["Dodge and Roll","Bane"],"picked":"Deadly Poison"},{"not_picked":["Masterful Stab","Flying Knee"],"picked":"Noxious Fumes"},{"not_picked":["Bane","Finisher"],"picked":"Bouncing Flask"},{"not_picked":["Tools of the Trade","Phantasmal Killer"],"picked":"Night Terror"}],"player_experience":100969,"potions_floor_usage":[16,16,21,21,27],"damage_taken":[{"damage":0,"enemies":"Cultist","floor":1,"turns":4},{"damage":1,"enemies":"Blue Slaver","floor":3,"turns":5},{"damage":17,"enemies":"3 Sentries","floor":8,"turns":9},{"damage":19,"enemies":"Gremlin Nob","floor":11,"turns":5},{"damage":0,"enemies":"Jaw Worm","floor":14,"turns":4},{"damage":13,"enemies":"The Guardian","floor":16,"turns":8},{"damage":7,"enemies":"Spheric Guardian","floor":18,"turns":4},{"damage":0,"enemies":"3 Byrds","floor":21,"turns":4},{"damage":28,"enemies":"Book of Stabbing","floor":23,"turns":6},{"damage":30,"enemies":"Gremlin Leader","floor":25,"turns":6},{"damage":8,"enemies":"Cultist and Chosen","floor":27,"turns":6},{"damage":9,"enemies":"Snecko","floor":28,"turns":5},{"damage":13,"enemies":"Snake Plant","floor":29,"turns":4},{"damage":14,"enemies":"3 Cultists","floor":30,"turns":4}],"event_choices":[{"event_name":"Golden Shrine","player_choice":"Pray","floor":2,"damage_taken":0},{"event_name":"Shining Light","player_choice":"Entered Light","floor":4,"damage_taken":0},{"event_name":"The Cleric","player_choice":"Leave","floor":5,"damage_taken":0},{"event_name":"Scrap Ooze","player_choice":"success","floor":13,"damage_taken":7},{"event_name":"Wheel of Change","player_choice":"Damage","floor":19,"damage_taken":0},{"event_name":"Vampires","player_choice":"Ignored","floor":20,"damage_taken":0},{"event_name":"The Mausoleum","player_choice":"Yes","floor":22,"damage_taken":0}],"boss_relics":[{"not_picked":["Snecko Eye","The Specimen"],"picked":"Cursed Key"}],"potions_floor_spawned":[11,14,16,18,25,29],"seed_played":"-8345776573357833971","killed_by":"3 Cultists","ascension_level":0,"is_trial":false}