{"gold_per_floor":[112,122,122,122,122,122,139,169,169,169,14,32,91,91,91,91],"floor_reached":16,"playtime":229,"items_purged":["Strike_B"],"score":216,"play_id":"92c50503-fa8b-4e88-bb69-0fade5b7324b","local_time":"20190711182125","is_ascension_mode":true,"campfire_choices":[{"data":"Streamline","floor":6,"key":"SMITH"},{"data":"Zap","floor":10,"key":"SMITH"},{"data":"Defragment","floor":15,"key":"SMITH"}],"neow_cost":"NONE","seed_source_timestamp":12223517560800,"circlet_count":0,"master_deck":["AscendersBane","Strike_B","Defend_B","Defend_B","Defend_B","Defend_B","Zap+1","Dualcast","Streamline+1","Thunder Strike","Coolheaded","Defragment+1","Ball Lightning","Tempest","White Noise"],"relics":["Cracked Core","NeowsBlessing","Prayer Wheel","Torii","Tiny Chest","Sundial"],"potions_floor_usage":[8],"damage_taken":[{"damage":0,"enemies":"Jaw Worm","floor":1,"turns":1},{"damage":0,"enemies":"Small Slimes","floor":2,"turns":1},{"damage":0,"enemies":"2 Louse","floor":7,"turns":1},{"damage":6,"enemies":"Gremlin Nob","floor":8,"turns":3},{"damage":16,"enemies":"Blue Slaver","floor":12,"turns":3},{"damage":21,"enemies":"3 Sentries","floor":13,"turns":5},{"damage":36,"enemies":"The Guardian","floor":16,"turns":2}],"seed_played":"1022480938938649561","potions_obtained":[{"floor":1,"key":"Explosive Potion"},{"floor":8,"key":"Weak Potion"}],"is_trial":false,"path_per_floor":["M","M","?","?","?","R","M","E","T","R","$","M","E","T","R","B"],"character_chosen":"DEFECT","items_purchased":["Defragment"],"campfire_rested":0,"item_purchase_floors":[11],"current_hp_per_floor":[64,64,64,69,62,62,62,56,56,56,56,40,19,19,19,0],"gold":91,"neow_bonus":"THREE_ENEMY_KILL","is_prod":false,"is_daily":false,"chose_seed":false,"campfire_upgraded":3,"win_rate":0,"timestamp":1562836885,"path_taken":["M","M","?","?","?","R","M","E","T","R","?","?","E","?","R","BOSS"],"build_version":"2019-07-05","purchased_purges":1,"victory":false,"max_hp_per_floor":[71,71,71,76,76,76,76,76,76,76,76,76,76,76,76,76],"card_choices":[{"not_picked":["FTL","Gash"],"picked":"Streamline","floor":1},{"not_picked":["Barrage","BootSequence","Compile Driver"],"picked":"SKIP","floor":2},{"not_picked":["Leap","Compile Driver"],"picked":"Coolheaded","floor":7},{"not_picked":["Melter","Storm","Aggregate"],"picked":"SKIP","floor":8},{"not_picked":["Leap","Heatsinks"],"picked":"Ball Lightning","floor":12},{"not_picked":["Leap","Tempest","Compile Driver"],"picked":"SKIP","floor":12},{"not_picked":["Leap","Compile Driver"],"picked":"Tempest","floor":12},{"not_picked":["Steam Power","Compile Driver"],"picked":"White Noise","floor":13}],"player_experience":979749,"relics_obtained":[{"floor":8,"key":"Prayer Wheel"},{"floor":9,"key":"Torii"},{"floor":13,"key":"Tiny Chest"},{"floor":14,"key":"Sundial"}],"event_choices":[{"damage_healed":0,"gold_gain":0,"cards_transformed":["Strike_B"],"player_choice":"Change","damage_taken":0,"max_hp_gain":0,"max_hp_loss":0,"event_name":"Living Wall","floor":3,"gold_loss":0,"cards_obtained":["Thunder Strike"]},{"damage_healed":0,"gold_gain":0,"player_choice":"Donut","damage_taken":0,"max_hp_gain":5,"max_hp_loss":0,"event_name":"Big Fish","floor":4,"gold_loss":0},{"cards_removed":["Strike_B"],"damage_healed":0,"gold_gain":0,"player_choice":"Card Removal","damage_taken":7,"max_hp_gain":0,"max_hp_loss":0,"event_name":"Golden Wing","floor":5,"gold_loss":0}],"is_beta":false,"boss_relics":[],"items_purged_floors":[11],"is_endless":false,"potions_floor_spawned":[1,8],"killed_by":"The Guardian","ascension_level":20}