{"gold_per_floor":[113,113,129,204,222,222,247,247,247,261,286,286,286,302,302,393,393,417,417,96,117,130,130,145,145,168,192,11,50,393,393,393,483,483,499,499,499,499,46,46,90,106,132,156,156,194,29,154,154,154],"floor_reached":51,"playtime":3225,"items_purged":["Writhe"],"score":1296,"play_id":"18f52caf-6a9b-49c1-95b0-256e8ab9a5d8","local_time":"20190711214016","is_ascension_mode":true,"campfire_choices":[{"floor":6.0,"key":"REST"},{"data":"Terror","floor":13.0,"key":"SMITH"},{"floor":15.0,"key":"REST"},{"floor":25.0,"key":"REST"},{"data":"Adrenaline","floor":32.0,"key":"SMITH"},{"data":"Panache","floor":40.0,"key":"SMITH"},{"data":"Reflex","floor":45,"key":"SMITH"},{"floor":49,"key":"REST"}],"neow_cost":"NONE","seed_source_timestamp":0,"circlet_count":0,"master_deck":["AscendersBane","Strike_G","Strike_G","Strike_G","Strike_G","Defend_G","Defend_G","Defend_G","Defend_G","Survivor","Neutralize","Tactician","Dagger Throw","Caltrops","Reflex+1","Terror+1","Distraction+1","Cloak And Dagger","Adrenaline+1","Acrobatics","Escape Plan","Glass Knife","Prepared","Underhanded Strike","Backstab","PiercingWail","Storm of Steel","Blade Dance+1","Doppelganger","Dramatic Entrance","Escape Plan","Slice","Backstab","Acrobatics","Night Terror","Cloak And Dagger","Slice","Endless Agony","Tactician","Cloak And Dagger+1","Slice","Panache+1","Infinite Blades","Prepared","Backstab","Calculated Gamble","Calculated Gamble+1","Secret Technique","PiercingWail"],"special_seed":0,"relics":["Ring of the Snake","NeowsBlessing","Golden Idol","Dead Branch","WristBlade","Anchor","Red Mask","Old Coin","Darkstone Periapt","Orrery","Bag of Marbles","Centennial Puzzle","Gremlin Horn","Thread and Needle"],"potions_floor_usage":[50,50],"damage_taken":[{"damage":0.0,"enemies":"Small Slimes","floor":1.0,"turns":1.0},{"damage":0.0,"enemies":"Jaw Worm","floor":3.0,"turns":1.0},{"damage":0.0,"enemies":"Cultist","floor":5.0,"turns":1.0},{"damage":12.0,"enemies":"Large Slime","floor":7.0,"turns":10.0},{"damage":6.0,"enemies":"Looter","floor":10.0,"turns":4.0},{"damage":4.0,"enemies":"Blue Slaver","floor":11.0,"turns":4.0},{"damage":10.0,"enemies":"Red Slaver","floor":14.0,"turns":4.0},{"damage":16.0,"enemies":"Slime Boss","floor":16.0,"turns":8.0},{"damage":8.0,"enemies":"Chosen","floor":18.0,"turns":5.0},{"damage":0.0,"enemies":"2 Thieves","floor":21.0,"turns":2.0},{"damage":14.0,"enemies":"Snake Plant","floor":22.0,"turns":4.0},{"damage":2.0,"enemies":"Chosen and Byrds","floor":24.0,"turns":2.0},{"damage":0.0,"enemies":"Centurion and Healer","floor":27.0,"turns":2.0},{"damage":0.0,"enemies":"Masked Bandits","floor":29.0,"turns":1.0},{"damage":0.0,"enemies":"Gremlin Leader","floor":30.0,"turns":3.0},{"damage":13.0,"enemies":"Automaton","floor":33.0,"turns":4.0},{"damage":0.0,"enemies":"Orb Walker","floor":35.0,"turns":1.0},{"damage":0.0,"enemies":"Nemesis","floor":41.0,"turns":5.0},{"damage":0,"enemies":"3 Darklings","floor":42,"turns":2},{"damage":0,"enemies":"Sphere and 2 Shapes","floor":44,"turns":1},{"damage":5,"enemies":"Giant Head","floor":46,"turns":3},{"damage":1,"enemies":"Mind Bloom Boss Battle","floor":48,"turns":3},{"damage":48,"enemies":"Donu and Deca","floor":50,"turns":5}],"seed_played":"3448874246586354984","potions_obtained":[{"floor":1.0,"key":"Regen Potion"},{"floor":3.0,"key":"GhostInAJar"},{"floor":10.0,"key":"Energy Potion"},{"floor":16.0,"key":"Energy Potion"},{"floor":18.0,"key":"Energy Potion"},{"floor":21.0,"key":"AttackPotion"},{"floor":22.0,"key":"Fire Potion"},{"floor":24.0,"key":"Swift Potion"},{"floor":41,"key":"AttackPotion"}],"is_trial":false,"path_per_floor":["M","?","M","?","M","R","M","?","T","M","M","?","R","M","R","B",null,"M","?","$","M","M","?","M","R","T","M","$","?","E","T","R","B",null,"M","?","?","?","$","R","E","M","T","M","R","E","$","?","R","B",null],"character_chosen":"THE_SILENT","items_purchased":["Escape Plan","Glass Knife","Prepared","Underhanded Strike","Dramatic Entrance","Escape Plan","Slice","Panache","Infinite Blades","PowerPotion","GamblersBrew","Secret Technique"],"campfire_rested":4,"item_purchase_floors":[20,20,20,20,28,28,28,39,39,39,39,47],"current_hp_per_floor":[63,63,63,52,52,70,58,58,58,64,60,60,60,50,70,54,66,58,58,58,58,44,44,42,63,63,63,63,63,63,63,63,50,65,65,65,65,76,76,76,76,76,76,76,76,71,71,70,76,28],"gold":154,"neow_bonus":"THREE_ENEMY_KILL","is_prod":false,"is_daily":false,"chose_seed":false,"campfire_upgraded":4,"win_rate":0,"timestamp":1562870416,"path_taken":["M","?","M","?","M","R","M","?","T","?","M","?","R","M","R","BOSS","M","?","$","M","M","?","M","R","T","?","$","?","E","?","R","BOSS","M","?","?","?","$","R","E","M","T","M","R","E","$","?","R","BOSS"],"build_version":"2019-07-05","purchased_purges":1,"victory":true,"max_hp_per_floor":[70,70,70,70,70,70,70,70,70,70,70,70,70,70,70,70,70,70,70,70,70,70,70,70,70,70,70,70,70,70,70,70,70,70,70,70,70,76,76,76,76,76,76,76,76,76,76,76,76,76],"card_choices":[{"not_picked":["Predator","Deflect"],"picked":"Tactician","floor":1.0},{"not_picked":["Backflip","Leg Sweep"],"picked":"Dagger Throw","floor":3.0},{"not_picked":["Deadly Poison","Infinite Blades"],"picked":"Caltrops","floor":5.0},{"not_picked":["Flying Knee","Tactician"],"picked":"Reflex","floor":7.0},{"not_picked":["Deadly Poison","Flying Knee"],"picked":"Terror","floor":10.0},{"not_picked":["Dodge and Roll","Deflect"],"picked":"Distraction","floor":11.0},{"not_picked":["Setup","Backflip"],"picked":"Cloak And Dagger","floor":14.0},{"not_picked":["After Image","Malaise"],"picked":"Adrenaline","floor":16.0},{"not_picked":["Eviscerate","Dash"],"picked":"Acrobatics","floor":18.0},{"not_picked":["Acrobatics","Accuracy"],"picked":"Backstab","floor":21.0},{"not_picked":["Quick Slash","Blur"],"picked":"PiercingWail","floor":22.0},{"not_picked":["PiercingWail","Underhanded Strike"],"picked":"Blade Dance+1","floor":24.0},{"not_picked":["Deadly Poison","Backflip"],"picked":"Doppelganger","floor":27.0},{"not_picked":["Cloak And Dagger","PiercingWail"],"picked":"Backstab","floor":29.0},{"not_picked":["Deadly Poison","Setup"],"picked":"Acrobatics","floor":30.0},{"not_picked":["Wraith Form v2","Tools of the Trade"],"picked":"Night Terror","floor":33.0},{"not_picked":["Flying Knee","Sucker Punch"],"picked":"Cloak And Dagger","floor":34.0},{"not_picked":["PiercingWail","Bane"],"picked":"Slice","floor":34.0},{"not_picked":["Bane+1","Dagger Spray"],"picked":"Endless Agony","floor":34.0},{"not_picked":["Expertise","Backflip"],"picked":"Tactician","floor":34.0},{"not_picked":["Underhanded Strike","Masterful Stab"],"picked":"Cloak And Dagger+1","floor":34.0},{"not_picked":["Acrobatics","Predator+1"],"picked":"Slice","floor":35.0},{"not_picked":["Bane","Choke"],"picked":"Prepared","floor":41},{"not_picked":["Outmaneuver+1","Wraith Form v2"],"picked":"Backstab","floor":42},{"not_picked":["Infinite Blades","Dagger Throw"],"picked":"Calculated Gamble","floor":44},{"not_picked":["Flying Knee","Backflip+1"],"picked":"Calculated Gamble+1","floor":46},{"not_picked":["Infinite Blades","Dagger Throw"],"picked":"PiercingWail","floor":48}],"player_experience":1613352,"relics_obtained":[{"floor":9.0,"key":"Dead Branch"},{"floor":26.0,"key":"Anchor"},{"floor":29.0,"key":"Red Mask"},{"floor":30.0,"key":"Old Coin"},{"floor":31.0,"key":"Darkstone Periapt"},{"floor":41,"key":"Bag of Marbles"},{"floor":43,"key":"Centennial Puzzle"},{"floor":46,"key":"Gremlin Horn"},{"floor":48,"key":"Thread and Needle"}],"event_choices":[{"damage_healed":0.0,"max_hp_gain":0.0,"max_hp_loss":0.0,"gold_gain":0.0,"event_name":"Golden Idol","player_choice":"Take Wound","floor":2.0,"gold_loss":0.0,"damage_taken":0.0,"relics_obtained":["Golden Idol"],"cards_obtained":["Injury"]},{"damage_healed":0.0,"max_hp_gain":0.0,"max_hp_loss":0.0,"gold_gain":75.0,"event_name":"World of Goop","player_choice":"Gather Gold","floor":4.0,"gold_loss":0.0,"damage_taken":11.0},{"cards_removed":["Injury"],"damage_healed":0.0,"max_hp_gain":0.0,"max_hp_loss":0.0,"gold_gain":0.0,"event_name":"Purifier","player_choice":"Purged","floor":8.0,"gold_loss":0.0,"damage_taken":0.0},{"damage_healed":0.0,"max_hp_gain":0.0,"max_hp_loss":0.0,"gold_gain":0.0,"event_name":"Living Wall","player_choice":"Grow","floor":12.0,"gold_loss":0.0,"damage_taken":0.0,"cards_upgraded":["Distraction"]},{"damage_healed":0.0,"max_hp_gain":0.0,"max_hp_loss":0.0,"gold_gain":0.0,"event_name":"Beggar","player_choice":"Ignored","floor":19.0,"gold_loss":0.0,"damage_taken":0.0},{"damage_healed":0.0,"max_hp_gain":0.0,"max_hp_loss":0.0,"gold_gain":0.0,"cards_transformed":["Defend_G"],"event_name":"Transmorgrifier","player_choice":"Transformed","floor":23.0,"gold_loss":0.0,"damage_taken":0.0,"cards_obtained":["Storm of Steel"]},{"damage_healed":0.0,"max_hp_gain":0.0,"max_hp_loss":0.0,"gold_gain":0.0,"event_name":"Masked Bandits","player_choice":"Fought Bandits","floor":29.0,"gold_loss":0.0,"damage_taken":0.0},{"cards_removed":["Strike_G"],"damage_healed":0.0,"max_hp_gain":0.0,"max_hp_loss":0.0,"gold_gain":0.0,"event_name":"Falling","player_choice":"Removed Attack","floor":36.0,"gold_loss":0.0,"damage_taken":0.0},{"damage_healed":0.0,"max_hp_gain":0.0,"max_hp_loss":0.0,"gold_gain":0.0,"event_name":"Tomb of Lord Red Mask","player_choice":"Ignored","floor":37.0,"gold_loss":0.0,"damage_taken":0.0},{"damage_healed":18.0,"max_hp_gain":0.0,"max_hp_loss":0.0,"gold_gain":0.0,"event_name":"Winding Halls","player_choice":"Writhe","floor":38.0,"gold_loss":0.0,"damage_taken":0.0,"cards_obtained":["Writhe"]},{"damage_healed":0,"gold_gain":0,"player_choice":"Fight","damage_taken":0,"max_hp_gain":0,"max_hp_loss":0,"event_name":"MindBloom","floor":48,"gold_loss":0}],"is_beta":false,"boss_relics":[{"not_picked":["Lizard Tail","Fusion Hammer"],"picked":"WristBlade"},{"not_picked":["HoveringKite","Velvet Choker"],"picked":"Orrery"}],"items_purged_floors":[39],"is_endless":false,"potions_floor_spawned":[1,3,10,16,18,21,22,24,41,42,44,48],"ascension_level":13}