{"gold_per_floor":[111,111,36,56,73,99,99,174,256,270,302,302,315,347,347,447,447,447,447,447,447,447,447,447,250,250,250,250,250,250,250,250,250,250,250,250,250,250,250,250,250,250,250,250,250,250,250,46,46,46,46,46,46,46,46],"floor_reached":56,"playtime":2634,"items_purged":["Strike_G","Strike_G","Injury"],"score":1299,"play_id":"ae65ae46-cde0-4b21-b9a9-1d901031bb3d","local_time":"20190703032202","is_ascension_mode":false,"campfire_choices":[{"data":"Deadly Poison","floor":7.0,"key":"SMITH"},{"floor":12.0,"key":"REST"},{"data":"Catalyst","floor":15.0,"key":"SMITH"},{"floor":24.0,"key":"REST"},{"data":"Noxious Fumes","floor":29.0,"key":"SMITH"},{"floor":32.0,"key":"REST"},{"data":"Discovery","floor":40.0,"key":"SMITH"},{"floor":49.0,"key":"RECALL"},{"data":"After Image","floor":52.0,"key":"SMITH"}],"neow_cost":"NONE","seed_source_timestamp":324645834182300,"circlet_count":0,"master_deck":["Defend_G","Defend_G","Defend_G","Defend_G","Defend_G","Survivor","Neutralize","Deadly Poison+1","Skewer","Catalyst+1","Poisoned Stab","Deflect","Adrenaline","Bouncing Flask","Bullet Time","Leg Sweep+1","Slice+1","Caltrops","Noxious Fumes+1","Accuracy","Blade Dance+1","Blade Dance+1","Die Die Die","Acrobatics","Caltrops+1","Discovery+1","Flash of Steel","Finesse","Cloak And Dagger+1","Well Laid Plans+1","Bouncing Flask","Deadly Poison+1","Dodge and Roll+1","Catalyst+1","After Image+1","Cloak And Dagger+1"],"special_seed":0,"relics":["Ring of the Snake","NeowsBlessing","Smiling Mask","Ornamental Fan","Tingsha","Bottled Lightning","Ectoplasm","Old Coin","Omamori","Letter Opener","Calling Bell","Tiny Chest","Kunai","Ice Cream","Meat on the Bone","Regal Pillow","Nunchaku","Gremlin Horn"],"potions_floor_usage":[55,55,55],"damage_taken":[{"damage":0.0,"enemies":"2 Louse","floor":1.0,"turns":1.0},{"damage":0.0,"enemies":"Cultist","floor":4.0,"turns":1.0},{"damage":0.0,"enemies":"Small Slimes","floor":5.0,"turns":1.0},{"damage":36.0,"enemies":"3 Sentries","floor":6.0,"turns":9.0},{"damage":12.0,"enemies":"Red Slaver","floor":10.0,"turns":4.0},{"damage":8.0,"enemies":"Lagavulin","floor":11.0,"turns":5.0},{"damage":0.0,"enemies":"Large Slime","floor":13.0,"turns":7.0},{"damage":29.0,"enemies":"3 Sentries","floor":14.0,"turns":11.0},{"damage":1.0,"enemies":"Hexaghost","floor":16.0,"turns":7.0},{"damage":17.0,"enemies":"Spheric Guardian","floor":18.0,"turns":5.0},{"damage":10.0,"enemies":"Shell Parasite","floor":20.0,"turns":2.0},{"damage":4.0,"enemies":"3 Cultists","floor":21.0,"turns":6.0},{"damage":6.0,"enemies":"Chosen and Byrds","floor":22.0,"turns":4.0},{"damage":30.0,"enemies":"Slavers","floor":23.0,"turns":7.0},{"damage":2.0,"enemies":"Centurion and Healer","floor":28.0,"turns":5.0},{"damage":4.0,"enemies":"Shelled Parasite and Fungi","floor":30.0,"turns":3.0},{"damage":5.0,"enemies":"Cultist and Chosen","floor":31.0,"turns":5.0},{"damage":32.0,"enemies":"Automaton","floor":33.0,"turns":8.0},{"damage":0.0,"enemies":"3 Shapes","floor":35.0,"turns":4.0},{"damage":2.0,"enemies":"3 Darklings","floor":37.0,"turns":8.0},{"damage":7.0,"enemies":"Writhing Mass","floor":39.0,"turns":5.0},{"damage":1.0,"enemies":"Giant Head","floor":42.0,"turns":9.0},{"damage":0.0,"enemies":"Sphere and 2 Shapes","floor":44.0,"turns":5.0},{"damage":0.0,"enemies":"Nemesis","floor":45.0,"turns":5.0},{"damage":1.0,"enemies":"Maw","floor":46.0,"turns":6.0},{"damage":26.0,"enemies":"2 Orb Walkers","floor":47.0,"turns":5.0},{"damage":27.0,"enemies":"Awakened One","floor":50.0,"turns":18.0},{"damage":11.0,"enemies":"Shield and Spear","floor":54.0,"turns":6.0},{"damage":56,"enemies":"The Heart","floor":55,"turns":6}],"seed_played":"4738089170522003363","potions_obtained":[{"floor":2.0,"key":"FairyPotion"},{"floor":2.0,"key":"Weak Potion"},{"floor":2.0,"key":"Weak Potion"},{"floor":6.0,"key":"AttackPotion"},{"floor":11.0,"key":"Weak Potion"},{"floor":16.0,"key":"SteroidPotion"},{"floor":20.0,"key":"GhostInAJar"},{"floor":23.0,"key":"Fruit Juice"},{"floor":31.0,"key":"Ancient Potion"},{"floor":42.0,"key":"GhostInAJar"},{"floor":45.0,"key":"Weak Potion"},{"floor":47.0,"key":"LiquidBronze"},{"floor":54.0,"key":"FearPotion"}],"is_trial":false,"path_per_floor":["M","?","$","M","M","E","R","?","T","M","E","R","M","E","R","B",null,"M","?","M","M","M","E","R","$","T","?","M","R","M","M","R","B",null,"M","?","M","?","M","R","?","E","T","M","E","M","?","$","R","B",null,"R","$","E","B",null],"character_chosen":"THE_SILENT","items_purchased":["Omamori","After Image","Ancient Potion"],"campfire_rested":3,"item_purchase_floors":[25,48,48],"current_hp_per_floor":[70,70,70,70,70,34,34,27,27,15,7,28,28,7,7,6,70,53,53,43,39,33,3,30,30,30,30,28,28,24,19,41,9,75,75,71,69,59,52,52,52,51,51,51,51,50,36,36,36,21,71,71,71,60,16],"gold":46,"neow_bonus":"THREE_ENEMY_KILL","is_prod":false,"is_daily":false,"chose_seed":false,"campfire_upgraded":5,"win_rate":0,"timestamp":1562091722,"path_taken":["M","?","$","?","M","E","R","?","T","M","E","R","?","E","R","BOSS","M","?","?","M","M","E","R","$","T","?","M","R","M","M","R","BOSS","M","?","M","?","M","R","?","E","T","M","E","M","?","$","R","BOSS","R","$","E","BOSS"],"build_version":"2019-07-01","purchased_purges":3,"victory":true,"max_hp_per_floor":[70,70,70,70,70,70,70,70,70,70,70,70,70,70,70,70,70,70,70,70,70,70,70,75,75,75,75,75,75,75,75,75,75,75,75,71,71,71,71,71,71,71,71,71,71,71,71,71,71,71,71,71,71,71,71],"card_choices":[{"not_picked":["Slice","Dagger Spray"],"picked":"Deadly Poison","floor":1.0},{"not_picked":["Prepared","Sucker Punch","Endless Agony"],"picked":"SKIP","floor":4.0},{"not_picked":["Acrobatics","Outmaneuver"],"picked":"Skewer","floor":5.0},{"not_picked":["Dagger Throw","Flying Knee"],"picked":"Catalyst","floor":6.0},{"not_picked":["Flying Knee","Blade Dance","Dodge and Roll"],"picked":"SKIP","floor":10.0},{"not_picked":["Doppelganger","Bane"],"picked":"Poisoned Stab","floor":11.0},{"not_picked":["Slice","Cloak And Dagger","Sucker Punch"],"picked":"SKIP","floor":13.0},{"not_picked":["Bane","Poisoned Stab"],"picked":"Deflect","floor":14.0},{"not_picked":["Grand Finale","Phantasmal Killer"],"picked":"Adrenaline","floor":16.0},{"not_picked":["Sucker Punch","Deflect"],"picked":"Bouncing Flask","floor":18.0},{"not_picked":["Poisoned Stab","Terror"],"picked":"Leg Sweep+1","floor":20.0},{"not_picked":["Dagger Throw","Masterful Stab"],"picked":"Slice+1","floor":21.0},{"not_picked":["Cloak And Dagger","Quick Slash"],"picked":"Caltrops","floor":22.0},{"not_picked":["Setup+1","Underhanded Strike","Deflect"],"picked":"SKIP","floor":23.0},{"not_picked":["Riddle With Holes","Deflect"],"picked":"Blade Dance+1","floor":28.0},{"not_picked":["All Out Attack","Flechettes","Tactician"],"picked":"SKIP","floor":30.0},{"not_picked":["Slice","Reflex+1"],"picked":"Blade Dance+1","floor":31.0},{"not_picked":["Doppelganger","Bullet Time"],"picked":"Die Die Die","floor":33.0},{"not_picked":["Dodge and Roll","Flying Knee+1"],"picked":"Acrobatics","floor":35.0},{"not_picked":["Underhanded Strike+1","Dagger Spray+1"],"picked":"Caltrops+1","floor":37.0},{"not_picked":["Blind","Master of Strategy"],"picked":"Discovery","floor":38.0},{"not_picked":["Impatience","Deep Breath"],"picked":"Flash of Steel","floor":38.0},{"not_picked":["Panache","Madness"],"picked":"Finesse","floor":38.0},{"not_picked":["Masterful Stab","PiercingWail"],"picked":"Cloak And Dagger+1","floor":39.0},{"not_picked":["Caltrops+1","Underhanded Strike+1"],"picked":"Well Laid Plans+1","floor":42.0},{"not_picked":["All Out Attack","PiercingWail+1"],"picked":"Bouncing Flask","floor":44.0},{"not_picked":["Deadly Poison+1","Underhanded Strike+1","Dagger Spray+1"],"picked":"SKIP","floor":45.0},{"not_picked":["Underhanded Strike+1","Dagger Spray+1"],"picked":"Deadly Poison+1","floor":45.0},{"not_picked":["Bane+1","Dash+1"],"picked":"Dodge and Roll+1","floor":46.0},{"not_picked":["Blur+1","Quick Slash+1"],"picked":"Catalyst+1","floor":47.0},{"not_picked":["PiercingWail","Deadly Poison"],"picked":"Cloak And Dagger+1","floor":54.0}],"player_experience":908845,"relics_obtained":[{"floor":6.0,"key":"Smiling Mask"},{"floor":9.0,"key":"Ornamental Fan"},{"floor":11.0,"key":"Tingsha"},{"floor":14.0,"key":"Bottled Lightning"},{"floor":23.0,"key":"Old Coin"},{"floor":26.0,"key":"Letter Opener"},{"floor":34.0,"key":"Tiny Chest"},{"floor":34.0,"key":"Kunai"},{"floor":34.0,"key":"Ice Cream"},{"floor":42.0,"key":"Meat on the Bone"},{"floor":45.0,"key":"Regal Pillow"},{"floor":47.0,"key":"Nunchaku"},{"floor":54.0,"key":"Gremlin Horn"}],"event_choices":[{"damage_healed":0.0,"max_hp_gain":0.0,"max_hp_loss":0.0,"gold_gain":0.0,"event_name":"Lab","player_choice":"Got Potions","floor":2.0,"gold_loss":0.0,"damage_taken":0.0},{"damage_healed":0.0,"max_hp_gain":0.0,"max_hp_loss":0.0,"gold_gain":75.0,"event_name":"FaceTrader","player_choice":"Touch","floor":8.0,"gold_loss":0.0,"damage_taken":7.0},{"damage_healed":0.0,"max_hp_gain":0.0,"max_hp_loss":0.0,"gold_gain":0.0,"cards_transformed":["Strike_G"],"event_name":"Transmorgrifier","player_choice":"Transformed","floor":19.0,"gold_loss":0.0,"damage_taken":0.0,"cards_obtained":["Bullet Time"]},{"damage_healed":0.0,"max_hp_gain":0.0,"max_hp_loss":0.0,"gold_gain":0.0,"cards_transformed":["Strike_G","Strike_G"],"event_name":"Drug Dealer","player_choice":"Became Test Subject","floor":27.0,"gold_loss":0.0,"damage_taken":0.0,"cards_obtained":["Noxious Fumes","Accuracy"]},{"damage_healed":0.0,"max_hp_gain":0.0,"max_hp_loss":4.0,"gold_gain":0.0,"event_name":"Winding Halls","player_choice":"Max HP","floor":36.0,"gold_loss":0.0,"damage_taken":0.0},{"damage_healed":0.0,"max_hp_gain":0.0,"max_hp_loss":0.0,"gold_gain":0.0,"event_name":"SensoryStone","player_choice":"Memory 3","floor":38.0,"gold_loss":0.0,"damage_taken":10.0},{"damage_healed":0.0,"max_hp_gain":0.0,"max_hp_loss":0.0,"gold_gain":0.0,"event_name":"Tomb of Lord Red Mask","player_choice":"Ignored","floor":41.0,"gold_loss":0.0,"damage_taken":0.0},{"damage_healed":0.0,"max_hp_gain":0.0,"max_hp_loss":0.0,"gold_gain":0.0,"event_name":"Mysterious Sphere","player_choice":"Fight","floor":47.0,"gold_loss":0.0,"damage_taken":0.0}],"is_beta":false,"boss_relics":[{"not_picked":["Eternal Feather","White Beast Statue"],"picked":"Ectoplasm"},{"not_picked":["Coffee Dripper","Lizard Tail"],"picked":"Calling Bell"}],"items_purged_floors":[3,25,48],"is_endless":false,"potions_floor_spawned":[6,10,11,16,20,23,31,42,45,47,54],"ascension_level":0}