{"gold_per_floor":[361,375,375,1,1,35,56,26,26,26,26],"floor_reached":11,"playtime":698,"items_purged":["Injury"],"score":121,"play_id":"529d8a2f-b3aa-447a-8fff-0f98c2bc6e7d","local_time":"20190512124801","is_ascension_mode":true,"campfire_choices":[],"neow_cost":"TEN_PERCENT_HP_LOSS","seed_source_timestamp":6987165032952,"circlet_count":0,"master_deck":["AscendersBane","Defend_G","Defend_G","Defend_G","Defend_G","Strike_G","Strike_G","Strike_G","Strike_G","Strike_G","Survivor","Neutralize","Cloak And Dagger","Dodge and Roll","Dagger Spray","Dagger Spray","Envenom"],"special_seed":0,"relics":["Ring of the Snake","Golden Idol","Incense Burner","Omamori","Dodecahedron"],"potions_floor_usage":[],"damage_taken":[{"damage":2.0,"enemies":"Small Slimes","floor":1.0,"turns":4.0},{"damage":1.0,"enemies":"Cultist","floor":2.0,"turns":5.0},{"damage":55.0,"enemies":"Lagavulin","floor":6.0,"turns":14.0},{"damage":0.0,"enemies":"Jaw Worm","floor":7.0,"turns":4.0},{"damage":4.0,"enemies":"Looter","floor":8.0,"turns":4.0},{"damage":4,"enemies":"Exordium Wildlife","floor":11,"turns":3}],"seed_played":"855983921424540480","potions_obtained":[{"floor":2.0,"key":"Regen Potion"},{"floor":6.0,"key":"LiquidBronze"}],"is_trial":false,"path_per_floor":["M","M","?","$","?","E","M","M","T","$","M"],"character_chosen":"THE_SILENT","items_purchased":["Incense Burner"],"campfire_rested":0,"item_purchase_floors":[4],"current_hp_per_floor":[57,56,56,56,56,10,10,6,6,6,2],"gold":26,"neow_bonus":"TWO_FIFTY_GOLD","is_prod":false,"is_daily":false,"chose_seed":false,"campfire_upgraded":0,"win_rate":0,"timestamp":1557658081,"path_taken":["M","M","?","$","?","E","M","M","T","$","?"],"build_version":"2019-01-23","purchased_purges":1,"victory":false,"max_hp_per_floor":[60,60,60,60,60,60,60,60,60,60,60],"card_choices":[{"not_picked":["Deflect","Flying Knee"],"picked":"Cloak And Dagger","floor":1.0},{"not_picked":["Underhanded Strike","Concentrate"],"picked":"Dodge and Roll","floor":2.0},{"not_picked":["Backflip","Eviscerate"],"picked":"Dagger Spray","floor":6.0},{"not_picked":["Eviscerate","Backflip"],"picked":"Dagger Spray","floor":7.0},{"not_picked":["Escape Plan","Quick Slash"],"picked":"Envenom","floor":8}],"player_experience":836327,"relics_obtained":[{"floor":6.0,"key":"Omamori"},{"floor":9,"key":"Dodecahedron"}],"event_choices":[{"damage_healed":0.0,"max_hp_gain":0.0,"max_hp_loss":0.0,"gold_gain":0.0,"event_name":"Golden Idol","player_choice":"Take Wound","floor":3.0,"gold_loss":0.0,"damage_taken":0.0,"relics_obtained":["Golden Idol"],"cards_obtained":["Injury"]},{"cards_removed":["Defend_G"],"damage_healed":0.0,"max_hp_gain":0.0,"max_hp_loss":0.0,"gold_gain":0.0,"event_name":"Bonfire Elementals","player_choice":"Offered Basic","floor":5.0,"gold_loss":0.0,"damage_taken":0.0}],"is_beta":false,"boss_relics":[],"items_purged_floors":[4],"is_endless":false,"potions_floor_spawned":[2,6],"killed_by":"Exordium Wildlife","ascension_level":14}