{"gold_per_floor":[109,127,52,71,71,71,97,97,97,97,112,33,63,82,82,155,155,166,166,193,193,213,213,128,153,177,187,187,201,50,85,85,158,158,169,169,188,188,202,234,234,260,260,135,152,152,183,194,194,194,194,194,194,61,95,95],"floor_reached":56,"playtime":2333,"items_purged":["Strike_R","Strike_R","Strike_R"],"score":2091,"play_id":"efa8cfd1-31b7-464b-9217-c4280f7d60f3","local_time":"20190713165123","is_ascension_mode":true,"campfire_choices":[{"data":"Carnage","floor":6.0,"key":"SMITH"},{"data":"Bash","floor":10.0,"key":"SMITH"},{"data":"Shrug It Off","floor":15.0,"key":"SMITH"},{"data":"Armaments","floor":23.0,"key":"SMITH"},{"data":"Fiend Fire","floor":28.0,"key":"SMITH"},{"floor":32.0,"key":"REST"},{"data":"Demon Form","floor":41.0,"key":"SMITH"},{"floor":46.0,"key":"REST"},{"floor":49.0,"key":"RECALL"},{"data":"Demon Form","floor":53.0,"key":"SMITH"}],"neow_cost":"NONE","seed_source_timestamp":52412091025200,"circlet_count":0,"master_deck":["AscendersBane","Strike_R","Strike_R","Defend_R","Defend_R","Defend_R","Defend_R","Bash+1","Limit Break","Carnage+1","Shrug It Off+1","Barricade","Body Slam","Fiend Fire+1","Armaments+1","Flame Barrier","True Grit","Carnage","Demon Form+1","Heavy Blade","Armaments+1","Demon Form+1","Uppercut","Heavy Blade+1","Power Through","Burning Pact","Limit Break","Offering"],"special_seed":0,"relics":["Burning Blood","Nunchaku","Unceasing Top","Anchor","Snecko Eye","Red Mask","Pear","StoneCalendar","Mango","Runic Dome","Bag of Preparation","Pantograph","Singing Bowl","Bag of Marbles","Lantern"],"potions_floor_usage":[56,56],"damage_taken":[{"damage":7.0,"enemies":"Jaw Worm","floor":1.0,"turns":3.0},{"damage":10.0,"enemies":"Small Slimes","floor":2.0,"turns":4.0},{"damage":3.0,"enemies":"2 Louse","floor":4.0,"turns":4.0},{"damage":31.0,"enemies":"Gremlin Nob","floor":7.0,"turns":4.0},{"damage":6.0,"enemies":"2 Fungi Beasts","floor":11.0,"turns":3.0},{"damage":40.0,"enemies":"3 Sentries","floor":13.0,"turns":10.0},{"damage":1.0,"enemies":"Looter","floor":14.0,"turns":3.0},{"damage":16.0,"enemies":"The Guardian","floor":16.0,"turns":14.0},{"damage":11.0,"enemies":"3 Byrds","floor":18.0,"turns":7.0},{"damage":44.0,"enemies":"Masked Bandits","floor":20.0,"turns":4.0},{"damage":0.0,"enemies":"Chosen","floor":22.0,"turns":3.0},{"damage":0.0,"enemies":"Slavers","floor":25.0,"turns":2.0},{"damage":0.0,"enemies":"Centurion and Healer","floor":27.0,"turns":4.0},{"damage":0.0,"enemies":"Snecko","floor":29.0,"turns":5.0},{"damage":42.0,"enemies":"Book of Stabbing","floor":31.0,"turns":4.0},{"damage":46.0,"enemies":"Collector","floor":33.0,"turns":6.0},{"damage":30.0,"enemies":"3 Darklings","floor":35.0,"turns":8.0},{"damage":0.0,"enemies":"Orb Walker","floor":37.0,"turns":3.0},{"damage":12.0,"enemies":"Jaw Worm Horde","floor":39.0,"turns":4.0},{"damage":19.0,"enemies":"Giant Head","floor":40.0,"turns":6.0},{"damage":42.0,"enemies":"Nemesis","floor":42.0,"turns":7.0},{"damage":0.0,"enemies":"Sphere and 2 Shapes","floor":45.0,"turns":3.0},{"damage":0.0,"enemies":"Giant Head","floor":47.0,"turns":6.0},{"damage":35.0,"enemies":"Writhing Mass","floor":48.0,"turns":4.0},{"damage":33.0,"enemies":"Time Eater","floor":50.0,"turns":7.0},{"damage":40.0,"enemies":"Awakened One","floor":51.0,"turns":8.0},{"damage":64.0,"enemies":"Shield and Spear","floor":55.0,"turns":5.0},{"damage":51,"enemies":"The Heart","floor":56,"turns":2}],"seed_played":"-1207673027882721783","potions_obtained":[{"floor":1.0,"key":"Weak Potion"},{"floor":13.0,"key":"Regen Potion"},{"floor":16.0,"key":"SteroidPotion"},{"floor":20.0,"key":"Swift Potion"},{"floor":25.0,"key":"Dexterity Potion"},{"floor":29.0,"key":"SkillPotion"},{"floor":31.0,"key":"PowerPotion"},{"floor":33.0,"key":"Weak Potion"},{"floor":40.0,"key":"LiquidBronze"}],"is_trial":false,"path_per_floor":["M","M","$","M","?","R","E","?","T","R","M","$","E","M","R","B",null,"M","?","?","?","M","R","?","E","T","M","R","M","$","E","R","B",null,"M","?","M","?","M","E","R","E","T","$","M","R","E","M","R","B","B",null,"R","$","E","B"],"character_chosen":"IRONCLAD","items_purchased":["Barricade","Heavy Blade","Limit Break","SteroidPotion"],"campfire_rested":2,"item_purchase_floors":[12,30,54,54],"current_hp_per_floor":[67,63,63,66,66,66,41,46,46,46,46,46,12,17,17,22,66,61,61,23,23,29,29,39,45,45,51,51,57,57,35,66,26,85,61,61,67,67,61,48,48,12,12,12,18,49,57,28,28,26,17,84,84,84,26,0],"gold":95,"neow_bonus":"ONE_RANDOM_RARE_CARD","is_prod":false,"is_daily":false,"chose_seed":false,"campfire_upgraded":7,"win_rate":0,"timestamp":1563004283,"path_taken":["M","M","$","M","?","R","E","?","T","R","M","$","E","M","R","BOSS","M","?","?","?","M","R","?","E","T","M","R","M","?","E","R","BOSS","M","?","M","?","M","E","R","E","T","$","?","R","E","M","R","BOSS","BOSS","R","$","E","BOSS"],"build_version":"2019-07-05","purchased_purges":3,"victory":false,"max_hp_per_floor":[75,75,75,75,75,75,75,80,80,80,80,80,80,80,80,80,80,80,80,80,80,80,80,90,90,90,90,90,90,90,104,104,104,104,104,104,104,104,104,104,104,104,104,104,104,104,106,106,106,106,106,106,106,106,106,106],"card_choices":[{"not_picked":["Anger","Shrug It Off"],"picked":"Carnage","floor":1.0},{"not_picked":["Clothesline","True Grit"],"picked":"Shrug It Off","floor":2.0},{"not_picked":["Sever Soul","Clothesline","Searing Blow"],"picked":"SKIP","floor":4.0},{"not_picked":["Headbutt","Metallicize","Flex"],"picked":"SKIP","floor":7.0},{"not_picked":["Sentinel","Warcry","Headbutt"],"picked":"SKIP","floor":11.0},{"not_picked":["Double Tap","Pommel Strike"],"picked":"Body Slam","floor":13.0},{"not_picked":["Pummel","Iron Wave","Sentinel"],"picked":"SKIP","floor":14.0},{"not_picked":["Berserk","Limit Break"],"picked":"Fiend Fire","floor":16.0},{"not_picked":["Thunderclap+1","Perfected Strike"],"picked":"Armaments","floor":18.0},{"not_picked":["Whirlwind","Armaments"],"picked":"Flame Barrier","floor":20.0},{"not_picked":["Cleave","Havoc+1"],"picked":"True Grit","floor":22.0},{"not_picked":["Body Slam","Clash"],"picked":"Carnage","floor":25.0},{"not_picked":["Havoc","Sword Boomerang"],"picked":"Demon Form","floor":27.0},{"not_picked":["Armaments","Reckless Charge+1","Cleave"],"picked":"SKIP","floor":29.0},{"not_picked":["Sentinel","Bloodletting"],"picked":"Armaments+1","floor":31.0},{"not_picked":["Double Tap","Bludgeon"],"picked":"Demon Form","floor":33.0},{"not_picked":["Headbutt","Rampage"],"picked":"Uppercut","floor":35.0},{"not_picked":["Carnage+1","Fire Breathing+1","Combust"],"picked":"SKIP","floor":37.0},{"not_picked":["Flex","Sword Boomerang","Clash"],"picked":"SKIP","floor":39.0},{"not_picked":["Infernal Blade","Sword Boomerang+1"],"picked":"Heavy Blade+1","floor":40.0},{"not_picked":["Body Slam","Cleave","Anger"],"picked":"SKIP","floor":42.0},{"not_picked":["Clash","Twin Strike"],"picked":"Power Through","floor":45.0},{"not_picked":["Warcry","Twin Strike","Havoc"],"picked":"Singing Bowl","floor":47.0},{"not_picked":["Clothesline","Flex"],"picked":"Burning Pact","floor":48.0},{"not_picked":["Infernal Blade","Havoc"],"picked":"Offering","floor":55.0}],"player_experience":1000070,"relics_obtained":[{"floor":7.0,"key":"Nunchaku"},{"floor":9.0,"key":"Unceasing Top"},{"floor":13.0,"key":"Anchor"},{"floor":20.0,"key":"Red Mask"},{"floor":25.0,"key":"StoneCalendar"},{"floor":31.0,"key":"Mango"},{"floor":40.0,"key":"Bag of Preparation"},{"floor":42.0,"key":"Pantograph"},{"floor":43.0,"key":"Singing Bowl"},{"floor":47.0,"key":"Bag of Marbles"},{"floor":55.0,"key":"Lantern"}],"event_choices":[{"damage_healed":0.0,"max_hp_gain":0.0,"max_hp_loss":0.0,"gold_gain":0.0,"event_name":"The Cleric","player_choice":"Leave","floor":5.0,"gold_loss":0.0,"damage_taken":0.0},{"damage_healed":0.0,"max_hp_gain":5.0,"max_hp_loss":0.0,"gold_gain":0.0,"event_name":"Big Fish","player_choice":"Donut","floor":8.0,"gold_loss":0.0,"damage_taken":0.0},{"damage_healed":0.0,"max_hp_gain":0.0,"max_hp_loss":0.0,"gold_gain":0.0,"event_name":"Ghosts","player_choice":"Ignored","floor":19.0,"gold_loss":0.0,"damage_taken":0.0},{"damage_healed":0.0,"max_hp_gain":0.0,"max_hp_loss":0.0,"gold_gain":0.0,"event_name":"Masked Bandits","player_choice":"Fought Bandits","floor":20.0,"gold_loss":0.0,"damage_taken":0.0},{"damage_healed":0.0,"max_hp_gain":0.0,"max_hp_loss":0.0,"gold_gain":0.0,"event_name":"Vampires","player_choice":"Ignored","floor":21.0,"gold_loss":0.0,"damage_taken":0.0},{"damage_healed":0.0,"max_hp_gain":0.0,"max_hp_loss":0.0,"gold_gain":0.0,"event_name":"Addict","player_choice":"Obtained Relic","floor":24.0,"gold_loss":85.0,"damage_taken":0.0,"relics_obtained":["Pear"]},{"damage_healed":0.0,"max_hp_gain":0.0,"max_hp_loss":0.0,"gold_gain":0.0,"event_name":"Mysterious Sphere","player_choice":"Ignored","floor":36.0,"gold_loss":0.0,"damage_taken":0.0},{"damage_healed":0.0,"max_hp_gain":0.0,"max_hp_loss":0.0,"gold_gain":0.0,"event_name":"SecretPortal","player_choice":"Ignored","floor":38.0,"gold_loss":0.0,"damage_taken":0.0}],"is_beta":false,"boss_relics":[{"not_picked":["Mark of Pain","Tiny House"],"picked":"Snecko Eye"},{"not_picked":["Eternal Feather","Philosopher\u0027s Stone"],"picked":"Runic Dome"}],"items_purged_floors":[3,30,44],"is_endless":false,"potions_floor_spawned":[1,13,14,16,20,25,29,31,33,37,40,48],"killed_by":"The Heart","ascension_level":20}