{"gold_per_floor":[115,40,40,57,57,57,98,7,33,33,73,92,149,173,173,173],"floor_reached":16,"playtime":774,"items_purged":["Normality"],"score":216,"play_id":"58348c8a-0019-4d0c-8135-53e66ff34ccf","local_time":"20190712002726","is_ascension_mode":true,"campfire_choices":[{"data":"Neutralize","floor":6.0,"key":"SMITH"},{"floor":10.0,"key":"REST"},{"floor":15.0,"key":"REST"}],"neow_cost":"CURSE","seed_source_timestamp":82908268569270,"circlet_count":0,"master_deck":["AscendersBane","Strike_G","Strike_G","Strike_G","Strike_G","Strike_G","Defend_G","Defend_G","Defend_G","Defend_G","Defend_G","Survivor","Neutralize+1","Adrenaline","Regret","Blade Dance","Quick Slash","Riddle With Holes","Dagger Spray","Night Terror","Backflip"],"special_seed":0,"relics":["Ring of the Snake","Vajra","Golden Idol","Blue Candle","Girya","Tiny Chest"],"potions_floor_usage":[16],"damage_taken":[{"damage":11.0,"enemies":"Jaw Worm","floor":1.0,"turns":6.0},{"damage":0.0,"enemies":"2 Louse","floor":4.0,"turns":3.0},{"damage":29.0,"enemies":"Lagavulin","floor":7.0,"turns":9.0},{"damage":18.0,"enemies":"3 Sentries","floor":11.0,"turns":7.0},{"damage":3.0,"enemies":"Small Slimes","floor":12.0,"turns":3.0},{"damage":4.0,"enemies":"Blue Slaver","floor":14.0,"turns":3.0},{"damage":29,"enemies":"Slime Boss","floor":16,"turns":6}],"seed_played":"-6317684827692124986","potions_obtained":[{"floor":4.0,"key":"SteroidPotion"},{"floor":14.0,"key":"Swift Potion"}],"is_trial":false,"path_per_floor":["M","$","?","M","?","R","E","$","T","R","E","M","T","M","R","B"],"character_chosen":"THE_SILENT","items_purchased":["Riddle With Holes","Dagger Spray"],"campfire_rested":2,"item_purchase_floors":[8,8],"current_hp_per_floor":[48,48,48,48,48,48,19,19,19,37,19,16,16,12,30,1],"gold":173,"neow_bonus":"THREE_RARE_CARDS","is_prod":false,"is_daily":false,"chose_seed":false,"campfire_upgraded":1,"win_rate":0,"timestamp":1562884046,"path_taken":["M","$","?","M","?","R","E","$","T","R","E","M","?","M","R","BOSS"],"build_version":"2019-07-05","purchased_purges":1,"victory":false,"max_hp_per_floor":[66,66,66,66,60,60,60,60,60,60,60,60,60,60,60,60],"card_choices":[{"not_picked":["Wraith Form v2","Night Terror"],"picked":"Adrenaline","floor":0.0},{"not_picked":["Distraction","Tactician","Outmaneuver"],"picked":"SKIP","floor":1.0},{"not_picked":["Dodge and Roll","Acrobatics"],"picked":"Blade Dance","floor":4.0},{"not_picked":["Masterful Stab","Backflip"],"picked":"Quick Slash","floor":7.0},{"not_picked":["Catalyst","Slice"],"picked":"Night Terror","floor":11.0},{"not_picked":["Deadly Poison","Sucker Punch"],"picked":"Backflip","floor":12.0}],"player_experience":1214564,"relics_obtained":[{"floor":7.0,"key":"Blue Candle"},{"floor":11.0,"key":"Girya"},{"floor":13.0,"key":"Tiny Chest"}],"event_choices":[{"damage_healed":0.0,"max_hp_gain":0.0,"max_hp_loss":0.0,"gold_gain":0.0,"event_name":"Big Fish","player_choice":"Box","floor":3.0,"gold_loss":0.0,"damage_taken":0.0,"relics_obtained":["Vajra"],"cards_obtained":["Regret"]},{"damage_healed":0.0,"max_hp_gain":0.0,"max_hp_loss":6.0,"gold_gain":0.0,"event_name":"Golden Idol","player_choice":"Lose Max HP","floor":5.0,"gold_loss":0.0,"damage_taken":0.0,"relics_obtained":["Golden Idol"]}],"is_beta":false,"boss_relics":[],"items_purged_floors":[2],"is_endless":false,"potions_floor_spawned":[4,14],"killed_by":"Slime Boss","ascension_level":20}