{"gold_per_floor":[110,128,128,3,17,17,82,82,134,166,166,194,130,130],"floor_reached":14,"playtime":882,"items_purged":[],"score":106,"play_id":"26961a96-1e89-4a0c-b00e-118ed74058e1","local_time":"20190217163126","is_ascension_mode":false,"campfire_choices":[{"floor":6,"key":"REST"},{"data":"Caltrops","floor":8,"key":"SMITH"},{"floor":11,"key":"REST"}],"neow_cost":"NONE","seed_source_timestamp":185154228728260,"circlet_count":0,"master_deck":["Defend_G","Defend_G","Defend_G","Defend_G","Defend_G","Strike_G","Strike_G","Strike_G","Strike_G","Strike_G","Survivor","Neutralize","Caltrops+1","Slice"],"relics":["Ring of the Snake","Omamori","Tiny Chest","Matryoshka","Juzu Bracelet","Snake Skull"],"potions_floor_usage":[7,12],"damage_taken":[{"damage":7,"enemies":"Small Slimes","floor":1,"turns":5},{"damage":0,"enemies":"Cultist","floor":2,"turns":5},{"damage":0,"enemies":"2 Louse","floor":5,"turns":2},{"damage":3,"enemies":"Gremlin Nob","floor":7,"turns":4},{"damage":26,"enemies":"3 Sentries","floor":10,"turns":9},{"damage":36,"enemies":"Lagavulin","floor":12,"turns":14},{"damage":33,"enemies":"Exordium Thugs","floor":14,"turns":6}],"seed_played":"7030890766040427094","potions_obtained":[{"floor":1,"key":"FairyPotion"},{"floor":5,"key":"Poison Potion"},{"floor":10,"key":"Ancient Potion"}],"is_trial":false,"path_per_floor":["M","M","?","$","M","R","E","R","T","E","R","E","?","M"],"character_chosen":"THE_SILENT","items_purchased":["Caltrops","Slice"],"campfire_rested":2,"item_purchase_floors":[4,4],"current_hp_per_floor":[63,63,56,56,56,70,67,67,67,41,62,26,26,0],"gold":130,"neow_bonus":"RANDOM_COMMON_RELIC","is_prod":false,"is_daily":false,"chose_seed":false,"campfire_upgraded":1,"win_rate":0,"timestamp":1550413886,"path_taken":["M","M","?","$","?","R","E","R","T","E","R","E","?","M"],"build_version":"2019-01-23","purchased_purges":0,"victory":false,"max_hp_per_floor":[70,70,70,70,70,70,70,70,70,70,70,70,70,70],"card_choices":[{"not_picked":["Flying Knee","Dagger Throw","Dagger Spray"],"picked":"SKIP","floor":1},{"not_picked":["Sucker Punch","Concentrate","Catalyst"],"picked":"SKIP","floor":2},{"not_picked":["Flying Knee","Poisoned Stab","Acrobatics"],"picked":"SKIP","floor":5},{"not_picked":["Skewer","PiercingWail","Outmaneuver"],"picked":"SKIP","floor":7},{"not_picked":["Deadly Poison","Bane","Heel Hook"],"picked":"SKIP","floor":10},{"not_picked":["Phantasmal Killer","PiercingWail","Deadly Poison"],"picked":"SKIP","floor":12}],"player_experience":963185,"relics_obtained":[{"floor":7,"key":"Tiny Chest"},{"floor":10,"key":"Matryoshka"},{"floor":12,"key":"Juzu Bracelet"}],"event_choices":[{"damage_healed":0,"gold_gain":0,"player_choice":"Damaged","damage_taken":7,"max_hp_gain":0,"max_hp_loss":0,"event_name":"Wheel of Change","floor":3,"gold_loss":0},{"damage_healed":0,"gold_gain":0,"player_choice":"Paid Gold","damage_taken":0,"relics_obtained":["Snake Skull"],"max_hp_gain":0,"max_hp_loss":0,"event_name":"WeMeetAgain","floor":13,"gold_loss":64}],"is_beta":false,"boss_relics":[],"items_purged_floors":[],"is_endless":false,"potions_floor_spawned":[1,5,10],"killed_by":"Exordium Thugs","ascension_level":0}