{"gold_per_floor":[109,109,109,128,70,70,95,114,159,190,190,190,190,210,210,283,283,301,89,89,89,99,99,99],"floor_reached":24,"playtime":780,"items_purged":[],"score":365,"play_id":"a60f2a0c-face-457a-a3d6-eba9467a7c1a","local_time":"20190729201459","is_ascension_mode":true,"campfire_choices":[{"data":"Flying Knee","floor":6.0,"key":"SMITH"},{"floor":11.0,"key":"REST"},{"floor":13.0,"key":"REST"},{"data":"Masterful Stab","floor":15.0,"key":"SMITH"},{"floor":23,"key":"REST"}],"neow_cost":"NONE","seed_source_timestamp":871226502463635,"circlet_count":0,"master_deck":["AscendersBane","Strike_G+1","Strike_G","Strike_G","Strike_G","Strike_G","Defend_G","Defend_G","Defend_G","Defend_G","Defend_G","Survivor","Neutralize","Bane+1","Dagger Throw","Flying Knee+1","Sucker Punch","Masterful Stab+1","Blade Dance","Die Die Die","Flying Knee","Poisoned Stab","Bane","Swift Strike","Necronomicurse","Flying Knee"],"special_seed":0,"relics":["Ring of the Snake","NeowsBlessing","Oddly Smooth Stone","Pen Nib","Lantern","Question Card","Sozu","Necronomicon"],"potions_floor_usage":[24],"damage_taken":[{"damage":0.0,"enemies":"Small Slimes","floor":1.0,"turns":1.0},{"damage":0.0,"enemies":"Jaw Worm","floor":4.0,"turns":1.0},{"damage":0.0,"enemies":"2 Louse","floor":8.0,"turns":1.0},{"damage":6.0,"enemies":"Gremlin Nob","floor":10.0,"turns":3.0},{"damage":2.0,"enemies":"Large Slime","floor":14.0,"turns":4.0},{"damage":31.0,"enemies":"The Guardian","floor":16.0,"turns":14.0},{"damage":9.0,"enemies":"Chosen","floor":18.0,"turns":3.0},{"damage":0,"enemies":"Shell Parasite","floor":22,"turns":1},{"damage":65,"enemies":"Book of Stabbing","floor":24,"turns":5}],"seed_played":"9221092805036255299","potions_obtained":[{"floor":4.0,"key":"Fire Potion"},{"floor":10.0,"key":"EntropicBrew"},{"floor":14.0,"key":"Regen Potion"},{"floor":16.0,"key":"SkillPotion"}],"is_trial":false,"path_per_floor":["M","?","?","M","$","R","T","M","T","E","R","?","R","M","R","B",null,"M","$","?","$","M","R","E"],"character_chosen":"THE_SILENT","items_purchased":["Flying Knee","Poisoned Stab","Bane","Swift Strike"],"campfire_rested":3,"item_purchase_floors":[5,19,19,19],"current_hp_per_floor":[59,59,59,59,59,59,59,59,59,53,66,46,65,63,63,43,60,51,51,30,30,30,49,0],"gold":99,"neow_bonus":"THREE_ENEMY_KILL","is_prod":false,"is_daily":false,"chose_seed":false,"campfire_upgraded":2,"win_rate":0,"timestamp":1564420499,"path_taken":["M","?","?","M","$","R","?","M","T","E","R","?","R","M","R","BOSS","M","$","?","?","M","R","E"],"build_version":"2019-07-17","purchased_purges":0,"victory":false,"max_hp_per_floor":[66,66,66,66,66,66,66,66,66,66,66,66,66,66,66,66,66,66,66,66,66,66,66,66],"card_choices":[{"not_picked":["Outmaneuver","Dodge and Roll"],"picked":"Bane","floor":1.0},{"not_picked":["Setup","Underhanded Strike"],"picked":"Dagger Throw","floor":4.0},{"not_picked":["PiercingWail","Catalyst"],"picked":"Sucker Punch","floor":8.0},{"not_picked":["Caltrops","Dodge and Roll"],"picked":"Masterful Stab","floor":10.0},{"not_picked":["Deflect","Cloak And Dagger","Eviscerate"],"picked":"Blade Dance","floor":14.0},{"not_picked":["Envenom","Unload","Grand Finale"],"picked":"Die Die Die","floor":16.0},{"not_picked":["Slice","Cloak And Dagger","Backflip"],"picked":"Flying Knee","floor":18.0},{"not_picked":["Acrobatics","PiercingWail","Dagger Spray"],"picked":"Flying Knee","floor":22}],"player_experience":1676756,"relics_obtained":[{"floor":7.0,"key":"Pen Nib"},{"floor":9.0,"key":"Lantern"},{"floor":10.0,"key":"Question Card"},{"floor":20.0,"key":"Necronomicon"}],"event_choices":[{"damage_healed":0.0,"max_hp_gain":0.0,"max_hp_loss":0.0,"gold_gain":0.0,"event_name":"Big Fish","player_choice":"Box","floor":2.0,"gold_loss":0.0,"damage_taken":0.0,"relics_obtained":["Oddly Smooth Stone"],"cards_obtained":["Regret"]},{"cards_removed":["Regret"],"damage_healed":0.0,"max_hp_gain":0.0,"max_hp_loss":0.0,"gold_gain":0.0,"event_name":"Living Wall","player_choice":"Forget","floor":3.0,"gold_loss":0.0,"damage_taken":0.0},{"damage_healed":0.0,"max_hp_gain":0.0,"max_hp_loss":0.0,"gold_gain":0.0,"event_name":"Shining Light","player_choice":"Entered Light","floor":12.0,"gold_loss":0.0,"damage_taken":20.0,"cards_upgraded":["Bane","Strike_G"]},{"damage_healed":0.0,"max_hp_gain":0.0,"max_hp_loss":0.0,"gold_gain":0.0,"event_name":"Cursed Tome","player_choice":"Obtained Book","floor":20.0,"gold_loss":0.0,"damage_taken":21.0}],"is_beta":false,"boss_relics":[{"not_picked":["Fusion Hammer","Snecko Eye"],"picked":"Sozu"}],"items_purged_floors":[],"is_endless":false,"potions_floor_spawned":[4,10,14,16,22],"killed_by":"Book of Stabbing","ascension_level":18}