{"gold_per_floor":[115,115,115,127,27,53,53,66,118,140,164,208,220,232,244,256],"floor_reached":16,"playtime":406,"items_purged":["Strike_G"],"score":270,"play_id":"741e4d9d-24a2-4fee-b2c6-f185595af08c","local_time":"20190712185908","is_ascension_mode":true,"campfire_choices":[{"data":"Noxious Fumes","floor":7,"key":"SMITH"},{"data":"Calculated Gamble","floor":15,"key":"SMITH"}],"neow_cost":"NONE","seed_source_timestamp":100711018634400,"circlet_count":0,"master_deck":["AscendersBane","Strike_G","Strike_G","Strike_G","Strike_G","Defend_G","Defend_G","Defend_G","Defend_G","Defend_G","Survivor","Neutralize","Backflip","Blur","Deadly Poison","Noxious Fumes+1","Deflect","Calculated Gamble+1","Caltrops"],"relics":["Ring of the Snake","NeowsBlessing","PreservedInsect","MawBank","Paper Crane","Darkstone Periapt","Ornamental Fan"],"potions_floor_usage":[10,12,16],"damage_taken":[{"damage":0,"enemies":"2 Louse","floor":1,"turns":1},{"damage":0,"enemies":"Jaw Worm","floor":4,"turns":1},{"damage":0,"enemies":"Lagavulin","floor":6,"turns":1},{"damage":1,"enemies":"Cultist","floor":8,"turns":5},{"damage":5,"enemies":"Lots of Slimes","floor":10,"turns":8},{"damage":0,"enemies":"2 Fungi Beasts","floor":11,"turns":4},{"damage":43,"enemies":"Gremlin Nob","floor":12,"turns":4},{"damage":12,"enemies":"Hexaghost","floor":16,"turns":9}],"seed_played":"-4777056417349121773","potions_obtained":[{"floor":6,"key":"Energy Potion"},{"floor":11,"key":"Regen Potion"},{"floor":12,"key":"Weak Potion"}],"is_trial":false,"path_per_floor":["M","?","$","M","$","E","R","M","T","M","M","E","?","T","R","B"],"character_chosen":"THE_SILENT","items_purchased":["Deadly Poison"],"campfire_rested":0,"item_purchase_floors":[5],"current_hp_per_floor":[59,64,64,64,64,64,64,63,63,58,58,29,11,11,11,0],"gold":256,"neow_bonus":"THREE_ENEMY_KILL","is_prod":false,"is_daily":false,"chose_seed":false,"campfire_upgraded":2,"win_rate":0,"timestamp":1562925548,"path_taken":["M","?","$","M","$","E","R","M","T","M","M","E","?","?","R","BOSS"],"build_version":"2019-07-05","purchased_purges":1,"victory":false,"max_hp_per_floor":[66,71,71,71,71,71,71,71,71,71,71,71,71,71,71,71],"card_choices":[{"not_picked":["Dagger Throw","Blade Dance"],"picked":"Backflip","floor":1},{"not_picked":["Bane","Leg Sweep"],"picked":"Blur","floor":4},{"not_picked":["Outmaneuver","Blur"],"picked":"Noxious Fumes","floor":6},{"not_picked":["Cloak And Dagger","Deadly Poison"],"picked":"Deflect","floor":8},{"not_picked":["Deadly Poison","Underhanded Strike"],"picked":"Calculated Gamble","floor":10},{"not_picked":["Phantasmal Killer","Prepared","Distraction"],"picked":"SKIP","floor":11},{"not_picked":["Backstab","Acrobatics"],"picked":"Caltrops","floor":12}],"player_experience":996922,"relics_obtained":[{"floor":6,"key":"PreservedInsect"},{"floor":9,"key":"MawBank"},{"floor":12,"key":"Paper Crane"},{"floor":14,"key":"Ornamental Fan"}],"event_choices":[{"damage_healed":0,"gold_gain":0,"player_choice":"Donut","damage_taken":0,"max_hp_gain":5,"max_hp_loss":0,"event_name":"Big Fish","floor":2,"gold_loss":0},{"damage_healed":0,"gold_gain":0,"player_choice":"Success","damage_taken":18,"relics_obtained":["Darkstone Periapt"],"max_hp_gain":0,"max_hp_loss":0,"event_name":"Scrap Ooze","floor":13,"gold_loss":0}],"is_beta":false,"boss_relics":[],"items_purged_floors":[5],"is_endless":false,"potions_floor_spawned":[6,11,12],"killed_by":"Hexaghost","ascension_level":20}