{"gold_per_floor":[111,128,144,69,69,69,25,100,125,168,193,193,193,231,231,322,322,347,622,606,531,40,40,54,54],"floor_reached":25,"playtime":828,"items_purged":["Strike_B"],"score":568,"play_id":"742e2b9b-d929-4281-bb20-43245ae92c6e","local_time":"20190711183523","is_ascension_mode":true,"campfire_choices":[{"data":"Buffer","floor":6,"key":"SMITH"},{"floor":13,"key":"REST"},{"data":"Consume","floor":15,"key":"SMITH"},{"data":"Seek","floor":23,"key":"SMITH"}],"neow_cost":"CURSE","seed_source_timestamp":12461537654700,"circlet_count":0,"master_deck":["AscendersBane","Strike_B","Strike_B","Strike_B","Defend_B","Defend_B","Defend_B","Defend_B+1","Zap","Dualcast+1","Buffer+1","Cold Snap","Consume+1","Self Repair","Turbo","White Noise","Seek+1","Turbo","Glacier"],"relics":["Cracked Core","Golden Idol","War Paint","Dead Branch","The Courier","Pen Nib","Inserter","Calipers","Lee\u0027s Waffle"],"potions_floor_usage":[20,25,25],"damage_taken":[{"damage":2,"enemies":"Cultist","floor":1,"turns":3},{"damage":2,"enemies":"2 Louse","floor":2,"turns":2},{"damage":2,"enemies":"Small Slimes","floor":3,"turns":4},{"damage":36,"enemies":"3 Sentries","floor":10,"turns":9},{"damage":10,"enemies":"Exordium Wildlife","floor":11,"turns":4},{"damage":0,"enemies":"Lagavulin","floor":14,"turns":7},{"damage":0,"enemies":"Slime Boss","floor":16,"turns":12},{"damage":17,"enemies":"Shell Parasite","floor":18,"turns":8},{"damage":21,"enemies":"2 Thieves","floor":20,"turns":4},{"damage":21,"enemies":"Snake Plant","floor":24,"turns":6},{"damage":53,"enemies":"Book of Stabbing","floor":25,"turns":8}],"seed_played":"8753663296439622636","potions_obtained":[{"floor":10,"key":"FearPotion"},{"floor":14,"key":"SteroidPotion"},{"floor":18,"key":"EssenceOfSteel"},{"floor":20,"key":"EssenceOfSteel"}],"is_trial":false,"path_per_floor":["M","M","M","?","?","R","$","?","T","E","M","T","R","E","R","B",null,"M","?","M","?","$","R","M","E"],"character_chosen":"DEFECT","items_purchased":["Consume","Calipers","Lee\u0027s Waffle"],"campfire_rested":1,"item_purchase_floors":[7,22,22],"current_hp_per_floor":[62,60,58,58,58,58,58,47,47,11,8,8,27,34,34,41,58,41,41,27,27,71,71,50,0],"gold":54,"neow_bonus":"THREE_RARE_CARDS","is_prod":false,"is_daily":false,"chose_seed":false,"campfire_upgraded":3,"win_rate":0,"timestamp":1562837723,"path_taken":["M","?","M","?","?","R","?","?","T","E","M","?","R","E","R","BOSS","M","?","?","?","$","R","M","E"],"build_version":"2019-07-05","purchased_purges":1,"victory":false,"max_hp_per_floor":[71,71,71,71,64,64,64,64,64,64,64,64,64,64,64,64,64,64,64,64,64,71,71,71,71],"card_choices":[{"not_picked":["Creative AI","Meteor Strike"],"picked":"Buffer","floor":0},{"not_picked":["Beam Cell","Leap","Redo"],"picked":"SKIP","floor":1},{"not_picked":["Hologram","Beam Cell"],"picked":"Cold Snap","floor":2},{"not_picked":["Beam Cell","Conserve Battery","Chaos"],"picked":"SKIP","floor":3},{"not_picked":["Thunder Strike","Double Energy"],"picked":"Self Repair","floor":10},{"not_picked":["Rebound","Lockon"],"picked":"Turbo","floor":11},{"not_picked":["Go for the Eyes","Self Repair"],"picked":"White Noise","floor":14},{"not_picked":["Meteor Strike","Amplify"],"picked":"Seek","floor":16},{"not_picked":["Stack","Redo","Beam Cell+1"],"picked":"SKIP","floor":18},{"not_picked":["Storm","Beam Cell"],"picked":"Turbo","floor":20},{"not_picked":["Rebound","Ball Lightning"],"picked":"Glacier","floor":24}],"player_experience":979978,"relics_obtained":[{"floor":9,"key":"War Paint"},{"floor":10,"key":"Dead Branch"},{"floor":12,"key":"The Courier"},{"floor":14,"key":"Pen Nib"}],"event_choices":[{"cards_removed":["Regret"],"damage_healed":0,"gold_gain":0,"player_choice":"Card Removal","damage_taken":0,"max_hp_gain":0,"max_hp_loss":0,"event_name":"The Cleric","floor":4,"gold_loss":75},{"damage_healed":0,"gold_gain":0,"player_choice":"Lose Max HP","damage_taken":0,"relics_obtained":["Golden Idol"],"max_hp_gain":0,"max_hp_loss":7,"event_name":"Golden Idol","floor":5,"gold_loss":0},{"damage_healed":0,"gold_gain":75,"player_choice":"Gather Gold","damage_taken":11,"max_hp_gain":0,"max_hp_loss":0,"event_name":"World of Goop","floor":8,"gold_loss":0},{"damage_healed":0,"gold_gain":275,"player_choice":"Desecrate","damage_taken":0,"max_hp_gain":0,"max_hp_loss":0,"event_name":"Golden Shrine","floor":19,"gold_loss":0,"cards_obtained":["Regret"]},{"cards_removed":["Regret"],"damage_healed":0,"gold_gain":0,"player_choice":"Gave Gold","damage_taken":0,"max_hp_gain":0,"max_hp_loss":0,"event_name":"Beggar","floor":21,"gold_loss":75}],"is_beta":false,"boss_relics":[{"not_picked":["Black Star","Fusion Hammer"],"picked":"Inserter"}],"items_purged_floors":[22],"is_endless":false,"potions_floor_spawned":[10,14,18,20],"killed_by":"Book of Stabbing","ascension_level":20}