{"gold_per_floor":[116,131,131,131,146,175,175,175,221,221,221,38,38,74,74,167,167,182,32,32,51,65,65,104,104,127,27,70,70,85,124,124,220,283,303,328,328,244,244,278,278,312,312,64,64,146,146,171,171,171,171,171,171,7,7],"floor_reached":55,"playtime":2151,"items_purged":["Strike_B","Defend_B"],"score":2094,"play_id":"7def499a-2109-45a1-81f4-4e773473fcc4","local_time":"20190627224126","is_ascension_mode":true,"campfire_choices":[{"data":"Darkness","floor":7.0,"key":"SMITH"},{"data":"Fission","floor":10.0,"key":"SMITH"},{"data":"Consume","floor":15.0,"key":"SMITH"},{"floor":23.0,"key":"REST"},{"floor":25.0,"key":"REST"},{"floor":29.0,"key":"REST"},{"data":"Apotheosis","floor":32.0,"key":"SMITH"},{"data":"Seek","floor":41.0,"key":"SMITH"},{"floor":45.0,"key":"REST"},{"floor":49.0,"key":"RECALL"},{"data":"Streamline","floor":53.0,"key":"PURGE"}],"neow_cost":"CURSE","seed_source_timestamp":72514961772200,"circlet_count":0,"master_deck":["AscendersBane","Strike_B","Defend_B","Defend_B","Defend_B","Zap","Dualcast","Fission+1","Darkness+1","Cold Snap+1","Consume+1","Apotheosis+1","Cold Snap","Creative AI","Cold Snap","Defragment","White Noise","Cold Snap","Coolheaded","Cold Snap+1","Turbo","Echo Form","Cold Snap","Recycle","Seek+1","Self Repair","Tempest","Glacier"],"special_seed":0,"relics":["Cracked Core","Spirit Poop","Happy Flower","Golden Idol","Anchor","Gremlin Horn","Dream Catcher","Inserter","Calipers","Cables","Bronze Scales","Tiny House","Peace Pipe","Orichalcum","Thread and Needle","DataDisk","Molten Egg 2"],"potions_floor_usage":[55,55],"damage_taken":[{"damage":1.0,"enemies":"Cultist","floor":1.0,"turns":3.0},{"damage":0.0,"enemies":"2 Louse","floor":2.0,"turns":1.0},{"damage":0.0,"enemies":"Small Slimes","floor":5.0,"turns":2.0},{"damage":25.0,"enemies":"Lagavulin","floor":6.0,"turns":7.0},{"damage":0.0,"enemies":"3 Sentries","floor":14.0,"turns":5.0},{"damage":0.0,"enemies":"Slime Boss","floor":16.0,"turns":8.0},{"damage":3.0,"enemies":"2 Thieves","floor":18.0,"turns":4.0},{"damage":12.0,"enemies":"Spheric Guardian","floor":21.0,"turns":5.0},{"damage":9.0,"enemies":"Shelled Parasite and Fungi","floor":22.0,"turns":6.0},{"damage":33.0,"enemies":"Book of Stabbing","floor":24.0,"turns":4.0},{"damage":17.0,"enemies":"Gremlin Leader","floor":28.0,"turns":7.0},{"damage":11.0,"enemies":"Chosen and Byrds","floor":30.0,"turns":5.0},{"damage":1.0,"enemies":"Book of Stabbing","floor":31.0,"turns":5.0},{"damage":33.0,"enemies":"Automaton","floor":33.0,"turns":10.0},{"damage":0.0,"enemies":"3 Shapes","floor":35.0,"turns":4.0},{"damage":19.0,"enemies":"Orb Walker","floor":36.0,"turns":7.0},{"damage":37.0,"enemies":"Nemesis","floor":40.0,"turns":13.0},{"damage":23.0,"enemies":"Reptomancer","floor":42.0,"turns":7.0},{"damage":3.0,"enemies":"Transient","floor":48.0,"turns":6.0},{"damage":10.0,"enemies":"Awakened One","floor":50.0,"turns":15.0},{"damage":11.0,"enemies":"Donu and Deca","floor":51.0,"turns":14.0},{"damage":72,"enemies":"Shield and Spear","floor":55,"turns":3}],"seed_played":"-4516682366430820881","potions_obtained":[{"floor":1.0,"key":"Explosive Potion"},{"floor":6.0,"key":"Weak Potion"},{"floor":16.0,"key":"Explosive Potion"},{"floor":22.0,"key":"LiquidBronze"},{"floor":24.0,"key":"FocusPotion"},{"floor":28.0,"key":"Energy Potion"},{"floor":30.0,"key":"LiquidBronze"},{"floor":34.0,"key":"Regen Potion"},{"floor":35.0,"key":"Regen Potion"},{"floor":37.0,"key":"FearPotion"},{"floor":37.0,"key":"Dexterity Potion"}],"is_trial":false,"path_per_floor":["M","M","?","?","M","E","R","?","T","R","?","$","T","E","R","B",null,"M","$","?","M","M","R","E","R","T","$","E","R","M","E","R","B",null,"M","M","?","$","?","E","R","E","T","$","R","T","?","M","R","B","B",null,"R","$","E"],"character_chosen":"DEFECT","items_purchased":["Apotheosis","Defragment","Seek","DataDisk","Ancient Potion","Glacier","FocusPotion"],"campfire_rested":4,"item_purchase_floors":[12,19,38,44,44,54,54],"current_hp_per_floor":[63,63,68,68,68,43,43,43,43,43,43,43,43,43,43,43,63,60,60,60,48,39,59,26,46,46,46,29,49,38,37,37,4,58,58,74,74,74,74,37,37,24,24,24,46,46,46,53,53,63,70,70,70,70,0],"gold":7,"neow_bonus":"THREE_RARE_CARDS","is_prod":false,"is_daily":false,"chose_seed":false,"campfire_upgraded":5,"win_rate":0,"timestamp":1561642886,"path_taken":["M","M","?","?","?","E","R","?","T","R","?","$","?","E","R","BOSS","M","?","?","M","M","R","E","R","T","$","E","R","?","E","R","BOSS","M","M","?","?","?","E","R","E","T","$","R","?","?","M","R","BOSS","BOSS","R","$","E"],"build_version":"2019-01-23","purchased_purges":2,"victory":false,"max_hp_per_floor":[71,71,76,76,76,76,76,69,69,69,69,69,69,69,69,69,69,69,69,69,69,69,69,69,69,69,69,69,69,69,69,69,69,74,74,74,74,74,74,74,74,74,74,74,74,74,70,70,70,70,70,70,70,70,70],"card_choices":[{"not_picked":["Seek","Reboot"],"picked":"Fission","floor":0.0},{"not_picked":["Tempest","Barrage"],"picked":"Darkness","floor":1.0},{"not_picked":["Stack","Reprogram","Heatsinks"],"picked":"SKIP","floor":2.0},{"not_picked":["Stack","Reprogram","Heatsinks"],"picked":"SKIP","floor":2.0},{"not_picked":["Steam","Force Field"],"picked":"Streamline","floor":5.0},{"not_picked":["Coolheaded","Melter"],"picked":"Cold Snap","floor":6.0},{"not_picked":["Heatsinks","Sweeping Beam"],"picked":"Cold Snap","floor":14.0},{"not_picked":["Buffer","Amplify"],"picked":"Creative AI","floor":16.0},{"not_picked":["Beam Cell+1","Heatsinks"],"picked":"Cold Snap","floor":18.0},{"not_picked":["Conserve Battery","Heatsinks","Leap"],"picked":"SKIP","floor":21.0},{"not_picked":["Stack+1","Conserve Battery","Leap"],"picked":"SKIP","floor":22.0},{"not_picked":["Conserve Battery","Beam Cell"],"picked":"Cold Snap","floor":23.0},{"not_picked":["Buffer","Conserve Battery"],"picked":"Coolheaded","floor":24.0},{"not_picked":["Creative AI","Scrape","Hello World"],"picked":"SKIP","floor":28.0},{"not_picked":["Creative AI","Scrape","Hello World"],"picked":"SKIP","floor":28.0},{"not_picked":["Streamline","Conserve Battery"],"picked":"Cold Snap+1","floor":30.0},{"not_picked":["Gash","Steam"],"picked":"Turbo","floor":31.0},{"not_picked":["Core Surge","Reboot"],"picked":"Echo Form","floor":33.0},{"not_picked":["Rebound","Steam+1"],"picked":"Cold Snap","floor":34.0},{"not_picked":["Go for the Eyes","Stack"],"picked":"Recycle","floor":35.0},{"not_picked":["Gash","Sweeping Beam","Rebound+1"],"picked":"SKIP","floor":36.0},{"not_picked":["Steam Power","Blizzard"],"picked":"Self Repair","floor":40.0},{"not_picked":["Recycle","Ball Lightning"],"picked":"Tempest","floor":42.0},{"not_picked":["Leap","Rebound+1","Storm"],"picked":"SKIP","floor":48.0}],"player_experience":844944,"relics_obtained":[{"floor":6.0,"key":"Happy Flower"},{"floor":9.0,"key":"Anchor"},{"floor":13.0,"key":"Gremlin Horn"},{"floor":14.0,"key":"Dream Catcher"},{"floor":24.0,"key":"Calipers"},{"floor":28.0,"key":"Cables"},{"floor":31.0,"key":"Bronze Scales"},{"floor":40.0,"key":"Peace Pipe"},{"floor":42.0,"key":"Orichalcum"},{"floor":43.0,"key":"Thread and Needle"},{"floor":46.0,"key":"Molten Egg 2"}],"event_choices":[{"damage_healed":0.0,"max_hp_gain":5.0,"max_hp_loss":0.0,"gold_gain":0.0,"event_name":"Big Fish","player_choice":"Donut","floor":3.0,"gold_loss":0.0,"damage_taken":0.0},{"cards_removed":["Normality"],"damage_healed":0.0,"max_hp_gain":0.0,"max_hp_loss":0.0,"gold_gain":0.0,"event_name":"Bonfire Elementals","player_choice":"Offered Curse","floor":4.0,"gold_loss":0.0,"damage_taken":0.0,"relics_obtained":["Spirit Poop"]},{"damage_healed":0.0,"max_hp_gain":0.0,"max_hp_loss":7.0,"gold_gain":0.0,"event_name":"Golden Idol","player_choice":"Lose Max HP","floor":8.0,"gold_loss":0.0,"damage_taken":0.0,"relics_obtained":["Golden Idol"]},{"damage_healed":0.0,"max_hp_gain":0.0,"max_hp_loss":0.0,"gold_gain":0.0,"cards_transformed":["Strike_B"],"event_name":"Living Wall","player_choice":"Change","floor":11.0,"gold_loss":0.0,"damage_taken":0.0,"cards_obtained":["Consume"]},{"damage_healed":0.0,"max_hp_gain":0.0,"max_hp_loss":0.0,"gold_gain":0.0,"cards_transformed":["Strike_B"],"event_name":"Transmorgrifier","player_choice":"Transformed","floor":20.0,"gold_loss":0.0,"damage_taken":0.0,"cards_obtained":["White Noise"]},{"damage_healed":0.0,"max_hp_gain":0.0,"max_hp_loss":0.0,"gold_gain":0.0,"event_name":"Lab","player_choice":"Got Potions","floor":37.0,"gold_loss":0.0,"damage_taken":0.0},{"damage_healed":0.0,"max_hp_gain":0.0,"max_hp_loss":0.0,"gold_gain":0.0,"event_name":"Mysterious Sphere","player_choice":"Ignored","floor":39.0,"gold_loss":0.0,"damage_taken":0.0},{"damage_healed":0.0,"max_hp_gain":0.0,"max_hp_loss":4.0,"gold_gain":0.0,"event_name":"Winding Halls","player_choice":"Max HP","floor":47.0,"gold_loss":0.0,"damage_taken":0.0}],"is_beta":false,"boss_relics":[{"not_picked":["Lizard Tail","Pandora\u0027s Box"],"picked":"Inserter"},{"not_picked":["Coffee Dripper","Calling Bell"],"picked":"Tiny House"}],"items_purged_floors":[19,27],"is_endless":false,"potions_floor_spawned":[1,6,16,22,24,28,30,31,35,48],"killed_by":"Shield and Spear","ascension_level":20}