{"gold_per_floor":[117,117,117,117,30,66,135,168,193,207,228,261,277,257,257,356,356,377,377,400,436,436],"floor_reached":22,"playtime":1662,"items_purged":[],"score":443,"play_id":"40b41197-e47e-4ec2-ab5e-2f41b3b3a423","local_time":"20190525220236","is_ascension_mode":true,"campfire_choices":[{"data":"Footwork","floor":15,"key":"SMITH"}],"neow_cost":"NONE","seed_source_timestamp":267645086682005,"circlet_count":0,"master_deck":["AscendersBane","Defend_G","Defend_G","Defend_G","Defend_G","Defend_G","Strike_G","Strike_G","Strike_G","Strike_G","Strike_G","Survivor","Neutralize","Well Laid Plans+1","Infinite Blades","Poisoned Stab","Backstab","Footwork+1","Dagger Spray","Crippling Poison","Cloak And Dagger","Burst","Deadly Poison","Cloak And Dagger","Catalyst"],"relics":["Ring of the Snake","NeowsBlessing","Golden Idol","Vajra","Pantograph","The Courier","The Specimen","Ancient Tea Set","Boot","Black Star","Red Mask"],"potions_floor_usage":[12,16,16,16,20,21,21],"damage_taken":[{"damage":0,"enemies":"Small Slimes","floor":1,"turns":1},{"damage":0,"enemies":"3 Sentries","floor":6,"turns":1},{"damage":0,"enemies":"Lagavulin Event","floor":7,"turns":1},{"damage":12,"enemies":"Lagavulin","floor":8,"turns":7},{"damage":8,"enemies":"2 Louse","floor":10,"turns":3},{"damage":4,"enemies":"Jaw Worm","floor":11,"turns":2},{"damage":8,"enemies":"Gremlin Nob","floor":12,"turns":4},{"damage":1,"enemies":"3 Louse","floor":13,"turns":2},{"damage":27,"enemies":"Slime Boss","floor":16,"turns":8},{"damage":0,"enemies":"Chosen","floor":18,"turns":5},{"damage":25,"enemies":"Shell Parasite","floor":20,"turns":4},{"damage":11,"enemies":"Masked Bandits","floor":21,"turns":3},{"damage":5,"enemies":"Snecko","floor":22,"turns":5}],"seed_played":"-1076452604722200110","potions_obtained":[{"floor":1,"key":"Dexterity Potion"},{"floor":6,"key":"GhostInAJar"},{"floor":12,"key":"Dexterity Potion"},{"floor":14,"key":"EntropicBrew"},{"floor":18,"key":"Energy Potion"},{"floor":20,"key":"Block Potion"}],"is_trial":false,"path_per_floor":["M","?","?","?","$","E","?","E","T","M","M","E","M","?","R","B",null,"M","?","M","?","M"],"character_chosen":"THE_SILENT","items_purchased":["Infinite Blades"],"campfire_rested":0,"item_purchase_floors":[5],"current_hp_per_floor":[59,59,59,48,48,48,48,36,36,28,24,16,15,15,15,13,48,48,48,23,12,7],"gold":436,"neow_bonus":"THREE_ENEMY_KILL","is_prod":false,"is_daily":false,"chose_seed":false,"campfire_upgraded":1,"win_rate":0,"timestamp":1558814556,"path_taken":["M","?","?","?","?","E","?","E","T","M","M","E","?","?","R","BOSS","M","?","M","?","M"],"build_version":"2019-01-23","purchased_purges":0,"victory":false,"max_hp_per_floor":[66,66,60,60,60,60,60,60,60,60,60,60,60,60,60,60,60,60,60,60,60,60],"card_choices":[{"not_picked":["Deadly Poison","Escape Plan"],"picked":"Well Laid Plans","floor":1},{"not_picked":["Bane","Dagger Throw"],"picked":"Poisoned Stab","floor":6},{"not_picked":["PiercingWail","Blade Dance"],"picked":"Backstab","floor":7},{"not_picked":["Blade Dance","Slice"],"picked":"Footwork","floor":8},{"not_picked":["A Thousand Cuts","Infinite Blades"],"picked":"Dagger Spray","floor":10},{"not_picked":["Poisoned Stab","Prepared"],"picked":"Crippling Poison","floor":12},{"not_picked":["Dagger Spray","Leg Sweep"],"picked":"Cloak And Dagger","floor":13},{"not_picked":["Night Terror","Phantasmal Killer"],"picked":"Burst","floor":16},{"not_picked":["Poisoned Stab","Slice"],"picked":"Deadly Poison","floor":18},{"not_picked":["Blade Dance","Leg Sweep"],"picked":"Catalyst","floor":20}],"player_experience":957559,"relics_obtained":[{"floor":6,"key":"Pantograph"},{"floor":7,"key":"The Courier"},{"floor":8,"key":"The Specimen"},{"floor":9,"key":"Ancient Tea Set"},{"floor":12,"key":"Boot"},{"floor":21,"key":"Red Mask"}],"event_choices":[{"damage_healed":0,"gold_gain":0,"player_choice":"Grow","damage_taken":0,"max_hp_gain":0,"max_hp_loss":0,"event_name":"Living Wall","floor":2,"gold_loss":0,"cards_upgraded":["Well Laid Plans"]},{"damage_healed":0,"gold_gain":0,"player_choice":"Lose Max HP","damage_taken":0,"relics_obtained":["Golden Idol"],"max_hp_gain":0,"max_hp_loss":6,"event_name":"Golden Idol","floor":3,"gold_loss":0},{"damage_healed":0,"gold_gain":0,"player_choice":"Success","damage_taken":11,"relics_obtained":["Vajra"],"max_hp_gain":0,"max_hp_loss":0,"event_name":"Scrap Ooze","floor":4,"gold_loss":0},{"damage_healed":0,"gold_gain":30,"player_choice":"Searched \u00273\u0027 times","damage_taken":0,"max_hp_gain":0,"max_hp_loss":0,"event_name":"Dead Adventurer","floor":7,"gold_loss":0},{"damage_healed":0,"gold_gain":0,"player_choice":"Bought 1 Potion","damage_taken":0,"max_hp_gain":0,"max_hp_loss":0,"event_name":"The Woman in Blue","floor":14,"gold_loss":0},{"damage_healed":0,"gold_gain":0,"player_choice":"Read","damage_taken":0,"max_hp_gain":0,"max_hp_loss":0,"event_name":"The Library","floor":19,"gold_loss":0,"cards_obtained":["Cloak And Dagger"]},{"damage_healed":0,"gold_gain":0,"player_choice":"Fought Bandits","damage_taken":0,"max_hp_gain":0,"max_hp_loss":0,"event_name":"Masked Bandits","floor":21,"gold_loss":0}],"is_beta":false,"boss_relics":[{"not_picked":["Eternal Feather","Lizard Tail"],"picked":"Black Star"}],"items_purged_floors":[],"is_endless":false,"potions_floor_spawned":[1,6,11,12,18,20],"killed_by":"Snecko","ascension_level":19}