{"gold_per_floor":[113,113,113,128,25,25,48,48,75,108,108,123,123,138,138,234,234,247,247,147,147,67],"floor_reached":22,"playtime":567,"items_purged":["Injury","Strike_G"],"score":344,"play_id":"b47a1506-0081-485d-8844-aba48e7480ed","local_time":"20190730204558","is_ascension_mode":true,"campfire_choices":[{"data":"Noxious Fumes","floor":6,"key":"SMITH"},{"data":"Neutralize","floor":8,"key":"SMITH"},{"data":"Deadly Poison","floor":11,"key":"SMITH"},{"data":"Tactician","floor":15,"key":"SMITH"}],"neow_cost":"CURSE","seed_source_timestamp":969460488621700,"circlet_count":0,"master_deck":["AscendersBane","Strike_G","Strike_G","Strike_G","Defend_G","Defend_G","Defend_G","Defend_G","Survivor+1","Neutralize+1","Tactician+1","Noxious Fumes+1","PiercingWail+1","Deadly Poison+1","Deflect","Escape Plan","Burst+1","Acrobatics","Backflip","Night Terror","Skewer"],"relics":["Ring of the Snake","Golden Idol","Anchor","Odd Mushroom","HoveringKite","Kunai","Nilry\u0027s Codex"],"potions_floor_usage":[10,16,22],"damage_taken":[{"damage":0,"enemies":"2 Louse","floor":1,"turns":3},{"damage":4,"enemies":"Small Slimes","floor":4,"turns":5},{"damage":0,"enemies":"Jaw Worm","floor":7,"turns":4},{"damage":5,"enemies":"The Mushroom Lair","floor":10,"turns":5},{"damage":0,"enemies":"Large Slime","floor":12,"turns":7},{"damage":0,"enemies":"Exordium Wildlife","floor":14,"turns":3},{"damage":19,"enemies":"Hexaghost","floor":16,"turns":8},{"damage":25,"enemies":"Chosen","floor":18,"turns":5},{"damage":0,"enemies":"2 Thieves","floor":22,"turns":3}],"seed_played":"-2424183985168542985","potions_obtained":[{"floor":7,"key":"Swift Potion"},{"floor":10,"key":"Ancient Potion"},{"floor":12,"key":"PowerPotion"},{"floor":16,"key":"Fire Potion"}],"is_trial":false,"path_per_floor":["M","?","?","M","$","R","M","R","T","?","R","M","?","M","R","B",null,"M","T","$","?","M"],"character_chosen":"THE_SILENT","items_purchased":["Deflect"],"campfire_rested":0,"item_purchase_floors":[5],"current_hp_per_floor":[59,39,39,35,35,35,35,35,35,30,30,30,30,30,30,11,48,23,23,23,2,2],"gold":67,"neow_bonus":"TRANSFORM_TWO_CARDS","is_prod":false,"is_daily":false,"chose_seed":false,"campfire_upgraded":4,"win_rate":0,"timestamp":1564487158,"path_taken":["M","?","?","M","?","R","M","R","T","?","R","?","?","M","R","BOSS","M","?","$","?","M"],"build_version":"2019-07-17","purchased_purges":2,"victory":false,"max_hp_per_floor":[66,66,60,60,60,60,60,60,60,60,60,60,60,60,60,60,60,60,60,60,60,60],"card_choices":[{"not_picked":["Slice","Dodge and Roll"],"picked":"PiercingWail","floor":1},{"not_picked":["All Out Attack","Dodge and Roll"],"picked":"Deadly Poison","floor":4},{"not_picked":["Finisher","Underhanded Strike"],"picked":"Escape Plan","floor":7},{"not_picked":["Poisoned Stab","Quick Slash"],"picked":"Burst","floor":10},{"not_picked":["Outmaneuver","Prepared"],"picked":"Acrobatics","floor":12},{"not_picked":["Dagger Throw","Noxious Fumes"],"picked":"Backflip","floor":14},{"not_picked":["Doppelganger","Bullet Time"],"picked":"Night Terror","floor":16},{"not_picked":["Deadly Poison","PiercingWail"],"picked":"Skewer","floor":18}],"player_experience":1311275,"relics_obtained":[{"floor":9,"key":"Anchor"},{"floor":10,"key":"Odd Mushroom"},{"floor":19,"key":"Kunai"},{"floor":21,"key":"Nilry\u0027s Codex"}],"event_choices":[{"damage_healed":0,"gold_gain":0,"player_choice":"Entered Light","damage_taken":20,"max_hp_gain":0,"max_hp_loss":0,"event_name":"Shining Light","floor":2,"gold_loss":0,"cards_upgraded":["PiercingWail","Survivor"]},{"damage_healed":0,"gold_gain":0,"player_choice":"Lose Max HP","damage_taken":0,"relics_obtained":["Golden Idol"],"max_hp_gain":0,"max_hp_loss":6,"event_name":"Golden Idol","floor":3,"gold_loss":0},{"damage_healed":0,"gold_gain":0,"player_choice":"Fought Mushrooms","damage_taken":0,"max_hp_gain":0,"max_hp_loss":0,"event_name":"Mushrooms","floor":10,"gold_loss":0},{"damage_healed":0,"gold_gain":0,"player_choice":"Upgraded","damage_taken":0,"max_hp_gain":0,"max_hp_loss":0,"event_name":"Upgrade Shrine","floor":13,"gold_loss":0,"cards_upgraded":["Burst"]},{"damage_healed":0,"gold_gain":0,"player_choice":"Obtained Book","damage_taken":21,"max_hp_gain":0,"max_hp_loss":0,"event_name":"Cursed Tome","floor":21,"gold_loss":0}],"is_beta":false,"boss_relics":[{"not_picked":["Velvet Choker","Ectoplasm"],"picked":"HoveringKite"}],"items_purged_floors":[5,20],"is_endless":false,"potions_floor_spawned":[7,10,12,16,18],"killed_by":"2 Thieves","ascension_level":20}