{"gold_per_floor":[115,129,129,204,204,239,239,10,10,28,62,62,12,35,35,35],"floor_reached":16,"playtime":407,"items_purged":["Strike_R"],"score":216,"play_id":"d31b5ea8-6d1e-45f7-a55f-8f3f0e9d99f6","local_time":"20190612202855","is_ascension_mode":true,"campfire_choices":[{"data":"Hemokinesis","floor":7,"key":"SMITH"},{"data":"Bash","floor":12,"key":"SMITH"},{"data":"Corruption","floor":15,"key":"SMITH"}],"neow_cost":"TEN_PERCENT_HP_LOSS","seed_source_timestamp":369553768896900,"circlet_count":0,"master_deck":["AscendersBane","Strike_R","Strike_R","Strike_R","Defend_R","Defend_R","Defend_R","Defend_R","Bash+1","Hemokinesis+1","Dropkick","Feel No Pain","Corruption+1","Dropkick","Spot Weakness"],"relics":["Burning Blood","Prayer Wheel","Golden Idol","Ancient Tea Set","Membership Card","Meat on the Bone","Smiling Mask"],"potions_floor_usage":[6,16],"damage_taken":[{"damage":21,"enemies":"Jaw Worm","floor":1,"turns":6},{"damage":4,"enemies":"2 Louse","floor":2,"turns":2},{"damage":14,"enemies":"Gremlin Nob","floor":6,"turns":3},{"damage":8,"enemies":"Cultist","floor":10,"turns":3},{"damage":25,"enemies":"3 Sentries","floor":11,"turns":11},{"damage":9,"enemies":"2 Fungi Beasts","floor":14,"turns":5},{"damage":19,"enemies":"The Guardian","floor":16,"turns":5}],"seed_played":"4785000962401287502","potions_obtained":[{"floor":1,"key":"FearPotion"},{"floor":10,"key":"Fire Potion"}],"is_trial":false,"path_per_floor":["M","M","?","?","?","E","R","$","T","M","E","R","$","M","R","B"],"character_chosen":"IRONCLAD","items_purchased":["Membership Card"],"campfire_rested":0,"item_purchase_floors":[8],"current_hp_per_floor":[53,55,55,44,44,36,36,36,36,46,39,39,39,48,48,29],"gold":35,"neow_bonus":"ONE_RARE_RELIC","is_prod":false,"is_daily":false,"chose_seed":false,"campfire_upgraded":3,"win_rate":0,"timestamp":1560338935,"path_taken":["M","M","?","?","?","E","R","?","T","?","E","R","$","M","R","BOSS"],"build_version":"2019-01-23","purchased_purges":1,"victory":false,"max_hp_per_floor":[68,68,62,62,62,62,62,62,62,62,62,62,62,62,62,62],"card_choices":[{"not_picked":["Flex","Body Slam"],"picked":"Hemokinesis","floor":1},{"not_picked":["Pummel","Searing Blow","Warcry"],"picked":"SKIP","floor":1},{"not_picked":["Headbutt","Iron Wave","Wild Strike"],"picked":"SKIP","floor":2},{"not_picked":["Iron Wave","Searing Blow","Sever Soul"],"picked":"SKIP","floor":2},{"not_picked":["Warcry","Brutality"],"picked":"Feel No Pain","floor":6},{"not_picked":["Twin Strike","Anger"],"picked":"Corruption","floor":10},{"not_picked":["Searing Blow","Headbutt"],"picked":"Dropkick","floor":10},{"not_picked":["Iron Wave","Pommel Strike"],"picked":"Spot Weakness","floor":11},{"not_picked":["Wild Strike","Sword Boomerang","Flex"],"picked":"SKIP","floor":14},{"not_picked":["Second Wind","Headbutt","Twin Strike"],"picked":"SKIP","floor":14}],"player_experience":617343,"relics_obtained":[{"floor":6,"key":"Ancient Tea Set"},{"floor":9,"key":"Meat on the Bone"},{"floor":11,"key":"Smiling Mask"}],"event_choices":[{"damage_healed":0,"gold_gain":0,"player_choice":"Lose Max HP","damage_taken":0,"relics_obtained":["Golden Idol"],"max_hp_gain":0,"max_hp_loss":6,"event_name":"Golden Idol","floor":3,"gold_loss":0},{"damage_healed":0,"gold_gain":75,"player_choice":"Gather Gold","damage_taken":11,"max_hp_gain":0,"max_hp_loss":0,"event_name":"World of Goop","floor":4,"gold_loss":0},{"damage_healed":0,"gold_gain":0,"cards_transformed":["Strike_R"],"player_choice":"Change","damage_taken":0,"max_hp_gain":0,"max_hp_loss":0,"event_name":"Living Wall","floor":5,"gold_loss":0,"cards_obtained":["Dropkick"]}],"is_beta":false,"boss_relics":[],"items_purged_floors":[13],"is_endless":false,"potions_floor_spawned":[1,10],"killed_by":"The Guardian","ascension_level":20}