{"gold_per_floor":[117,135,152,169,3,3,31,31,31,31,31,31,31,31],"floor_reached":14,"playtime":576,"items_purged":[],"score":167,"play_id":"3c204939-da5f-4ddb-9c3d-9d4753ef8bfa","local_time":"20190517174624","is_ascension_mode":true,"campfire_choices":[{"data":"Neutralize","floor":6,"key":"SMITH"},{"floor":11,"key":"REST"},{"data":"Cloak And Dagger","floor":13,"key":"SMITH"}],"neow_cost":"NONE","seed_source_timestamp":457046568953181,"circlet_count":0,"master_deck":["AscendersBane","Defend_G","Defend_G+1","Defend_G","Defend_G+1","Defend_G","Strike_G","Strike_G","Strike_G","Strike_G","Survivor","Neutralize+1","Dagger Spray","Deflect","Footwork+1","Cloak And Dagger+1","Deflect+1"],"relics":["Ring of the Snake","Oddly Smooth Stone","War Paint","Toxic Egg 2","Pocketwatch"],"potions_floor_usage":[7],"damage_taken":[{"damage":0,"enemies":"Cultist","floor":1,"turns":4},{"damage":0,"enemies":"2 Louse","floor":2,"turns":2},{"damage":0,"enemies":"Small Slimes","floor":3,"turns":2},{"damage":10,"enemies":"Gremlin Gang","floor":4,"turns":6},{"damage":40,"enemies":"Gremlin Nob","floor":7,"turns":5},{"damage":28,"enemies":"Lagavulin","floor":14,"turns":9}],"seed_played":"1769699950661128112","potions_obtained":[{"floor":1,"key":"FearPotion"},{"floor":3,"key":"Dexterity Potion"},{"floor":7,"key":"Ancient Potion"}],"is_trial":false,"path_per_floor":["M","M","M","M","$","R","E","?","T","$","R","?","R","E"],"character_chosen":"THE_SILENT","items_purchased":["War Paint"],"campfire_rested":1,"item_purchase_floors":[5],"current_hp_per_floor":[59,59,59,49,49,49,9,9,9,9,28,28,28,0],"gold":31,"neow_bonus":"RANDOM_COMMON_RELIC","is_prod":false,"is_daily":false,"chose_seed":false,"campfire_upgraded":2,"win_rate":0,"timestamp":1558107984,"path_taken":["M","M","M","M","?","R","E","?","T","$","R","?","R","E"],"build_version":"2019-01-23","purchased_purges":0,"victory":false,"max_hp_per_floor":[66,66,66,66,66,66,66,66,66,66,66,66,66,66],"card_choices":[{"not_picked":["Infinite Blades","Skewer"],"picked":"Dagger Spray","floor":1},{"not_picked":["Heel Hook","Deadly Poison"],"picked":"Deflect","floor":2},{"not_picked":["Outmaneuver","Catalyst"],"picked":"Footwork","floor":3},{"not_picked":["Masterful Stab","Slice"],"picked":"Cloak And Dagger","floor":4},{"not_picked":["Caltrops","Bouncing Flask"],"picked":"Deflect","floor":7}],"player_experience":917217,"relics_obtained":[{"floor":7,"key":"Toxic Egg 2"},{"floor":9,"key":"Pocketwatch"}],"event_choices":[{"damage_healed":0,"gold_gain":0,"player_choice":"Grow","damage_taken":0,"max_hp_gain":0,"max_hp_loss":0,"event_name":"Living Wall","floor":8,"gold_loss":0,"cards_upgraded":["Footwork"]},{"cards_removed":["Strike_G"],"damage_healed":0,"gold_gain":0,"player_choice":"Purged","damage_taken":0,"max_hp_gain":0,"max_hp_loss":0,"event_name":"Purifier","floor":12,"gold_loss":0}],"is_beta":false,"boss_relics":[],"items_purged_floors":[],"is_endless":false,"potions_floor_spawned":[1,3,7],"killed_by":"Lagavulin","ascension_level":18}