{"gold_per_floor":[113,113,113,40,54,84,94,24,24,40,40,52,77,139,139,234,234,220,220,220,220,234,234,260,273,299,28,61,61,61,74,74,173,223,242,242,254,267,489,489,506,531,558,558,28,40,40,60,60,60],"floor_reached":51,"playtime":5512,"items_purged":[],"score":1023,"play_id":"d845835c-ed81-4cb1-9016-dcd66b425dd2","local_time":"20190610203939","is_ascension_mode":true,"campfire_choices":[{"data":"After Image","floor":11.0,"key":"SMITH"},{"floor":15.0,"key":"REST"},{"data":"Storm of Steel","floor":23.0,"key":"SMITH"},{"floor":29.0,"key":"REST"},{"data":"Tactician","floor":32.0,"key":"SMITH"},{"data":"Adrenaline","floor":40.0,"key":"SMITH"},{"data":"Escape Plan","floor":44,"key":"SMITH"},{"data":"Concentrate","floor":47,"key":"SMITH"},{"data":"Calculated Gamble","floor":49,"key":"SMITH"}],"neow_cost":"NONE","seed_source_timestamp":1312655302227217,"circlet_count":0,"master_deck":["Defend_G","Defend_G","Defend_G","Defend_G","Strike_G","Strike_G","Strike_G","Strike_G","Strike_G+1","Survivor","Neutralize","After Image+1","Endless Agony","Leg Sweep","Escape Plan+1","Escape Plan","Storm of Steel+1","Underhanded Strike","A Thousand Cuts+1","Prepared+1","Acrobatics","Backflip","Acrobatics","Tactician+1","Underhanded Strike+1","Adrenaline+1","Quick Slash+1","Slice","Expertise+1","Dagger Throw","Heel Hook+1","Panache+1","After Image+1","Calculated Gamble+1","Concentrate+1","Backflip"],"special_seed":0,"relics":["Ring of the Snake","Lantern","Frozen Egg 2","Odd Mushroom","Tough Bandages","Eternal Feather","Nloth\u0027s Gift","Red Mask","Juzu Bracelet","Vajra","Letter Opener","Tiny House","Potion Belt","Centennial Puzzle"],"potions_floor_usage":[42,42,48,50,50,50],"damage_taken":[{"damage":0.0,"enemies":"Jaw Worm","floor":1.0,"turns":1.0},{"damage":0.0,"enemies":"Small Slimes","floor":5.0,"turns":1.0},{"damage":0.0,"enemies":"3 Sentries","floor":6.0,"turns":1.0},{"damage":0.0,"enemies":"Cultist","floor":7.0,"turns":3.0},{"damage":0.0,"enemies":"Looter","floor":10.0,"turns":4.0},{"damage":7.0,"enemies":"Large Slime","floor":12.0,"turns":8.0},{"damage":3.0,"enemies":"The Mushroom Lair","floor":13.0,"turns":6.0},{"damage":18.0,"enemies":"Gremlin Nob","floor":14.0,"turns":4.0},{"damage":39.0,"enemies":"The Guardian","floor":16.0,"turns":29.0},{"damage":4.0,"enemies":"2 Thieves","floor":18.0,"turns":4.0},{"damage":4.0,"enemies":"Shell Parasite","floor":22.0,"turns":8.0},{"damage":19.0,"enemies":"Masked Bandits","floor":24.0,"turns":5.0},{"damage":0.0,"enemies":"Chosen and Byrds","floor":25.0,"turns":5.0},{"damage":17.0,"enemies":"Gremlin Leader","floor":28.0,"turns":8.0},{"damage":2.0,"enemies":"Shelled Parasite and Fungi","floor":31.0,"turns":7.0},{"damage":5.0,"enemies":"Collector","floor":33.0,"turns":9.0},{"damage":2.0,"enemies":"3 Darklings","floor":35.0,"turns":5.0},{"damage":0.0,"enemies":"3 Shapes","floor":37.0,"turns":5.0},{"damage":8.0,"enemies":"3 Darklings","floor":38.0,"turns":4.0},{"damage":3.0,"enemies":"Jaw Worm Horde","floor":41.0,"turns":3.0},{"damage":21,"enemies":"Nemesis","floor":42,"turns":7},{"damage":0,"enemies":"4 Shapes","floor":46,"turns":4},{"damage":0,"enemies":"Writhing Mass","floor":48,"turns":8},{"damage":7,"enemies":"Awakened One","floor":50,"turns":6}],"seed_played":"527211022578634645","potions_obtained":[{"floor":7.0,"key":"Dexterity Potion"},{"floor":10.0,"key":"Strength Potion"},{"floor":13.0,"key":"SpeedPotion"},{"floor":14.0,"key":"Block Potion"},{"floor":16.0,"key":"FearPotion"},{"floor":22.0,"key":"GamblersBrew"},{"floor":25.0,"key":"Block Potion"},{"floor":31.0,"key":"Swift Potion"},{"floor":34.0,"key":"Fire Potion"},{"floor":41.0,"key":"FearPotion"},{"floor":42,"key":"Strength Potion"},{"floor":46,"key":"SpeedPotion"}],"is_trial":false,"path_per_floor":["M","?","?","$","M","E","M","$","T","M","R","M","?","?","R","B",null,"M","?","?","?","M","R","?","M","T","$","E","R","?","M","R","B",null,"M","?","M","M","?","R","M","E","T","R","$","M","R","M","R","B",null],"character_chosen":"THE_SILENT","items_purchased":["Endless Agony","Escape Plan","Vajra","Acrobatics","Regen Potion","Panache+1","After Image+1","Calculated Gamble","Ancient Potion","Weak Potion"],"campfire_rested":2,"item_purchase_floors":[4,8,27,27,27,45,45,45,45,45],"current_hp_per_floor":[63,63,63,63,63,63,63,63,63,63,63,56,53,35,56,17,57,53,53,53,53,49,61,42,42,42,42,40,70,70,68,70,65,74,72,71,71,63,63,71,68,47,47,65,65,65,71,71,71,64],"gold":60,"neow_bonus":"THREE_ENEMY_KILL","is_prod":false,"is_daily":false,"chose_seed":false,"campfire_upgraded":7,"win_rate":0,"timestamp":1560188379,"path_taken":["M","?","?","?","M","E","?","$","T","M","R","M","?","?","R","BOSS","M","?","?","?","?","R","?","M","T","$","E","R","?","M","R","BOSS","M","?","M","M","?","R","M","E","T","R","?","M","R","M","R","BOSS"],"build_version":"2019-01-23","purchased_purges":0,"victory":true,"max_hp_per_floor":[70,70,70,70,70,70,70,70,70,70,70,70,70,70,70,70,70,70,70,70,70,70,70,70,70,70,70,70,70,70,70,70,70,75,75,71,71,71,71,71,71,71,71,71,71,71,71,71,71,71],"card_choices":[{"not_picked":["Underhanded Strike","Sucker Punch","Backflip"],"picked":"SKIP","floor":1.0},{"not_picked":["Outmaneuver","Flying Knee"],"picked":"Leg Sweep","floor":5.0},{"not_picked":["Dagger Throw","Tools of the Trade"],"picked":"Escape Plan","floor":6.0},{"not_picked":["Quick Slash","Poisoned Stab","Dodge and Roll"],"picked":"SKIP","floor":7.0},{"not_picked":["Deflect","Backflip","Riddle With Holes"],"picked":"SKIP","floor":10.0},{"not_picked":["Sucker Punch","Quick Slash","Eviscerate"],"picked":"SKIP","floor":12.0},{"not_picked":["Backflip","Bouncing Flask"],"picked":"Storm of Steel","floor":13.0},{"not_picked":["Blade Dance","PiercingWail"],"picked":"Underhanded Strike","floor":14.0},{"not_picked":["Wraith Form v2+1","Night Terror"],"picked":"A Thousand Cuts+1","floor":16.0},{"not_picked":["Deadly Poison","Expertise","Setup"],"picked":"SKIP","floor":18.0},{"not_picked":["All Out Attack+1","Poisoned Stab"],"picked":"Prepared+1","floor":22.0},{"not_picked":["Flying Knee","Poisoned Stab+1"],"picked":"Acrobatics","floor":24.0},{"not_picked":["Dodge and Roll","Slice+1"],"picked":"Backflip","floor":25.0},{"not_picked":["Crippling Poison","Finisher","Bane"],"picked":"SKIP","floor":28.0},{"not_picked":["PiercingWail","Deflect"],"picked":"Underhanded Strike+1","floor":31.0},{"not_picked":["Die Die Die","Glass Knife"],"picked":"Adrenaline","floor":33.0},{"not_picked":["Outmaneuver","Cloak And Dagger"],"picked":"Quick Slash+1","floor":34.0},{"not_picked":["Outmaneuver","Dodge and Roll+1"],"picked":"Slice","floor":35.0},{"not_picked":["Deadly Poison","Riddle With Holes+1","Blade Dance"],"picked":"SKIP","floor":37.0},{"not_picked":["Riddle With Holes+1","Quick Slash+1"],"picked":"Expertise+1","floor":38.0},{"not_picked":["Terror","Prepared+1"],"picked":"Dagger Throw","floor":41.0},{"not_picked":["Dodge and Roll","Skewer"],"picked":"Heel Hook+1","floor":42},{"not_picked":["Prepared","Bane"],"picked":"Concentrate","floor":46},{"not_picked":["Sucker Punch+1","Bullet Time"],"picked":"Backflip","floor":48}],"player_experience":1505379,"relics_obtained":[{"floor":6.0,"key":"Lantern"},{"floor":9.0,"key":"Frozen Egg 2"},{"floor":13.0,"key":"Odd Mushroom"},{"floor":14.0,"key":"Tough Bandages"},{"floor":24.0,"key":"Red Mask"},{"floor":26.0,"key":"Juzu Bracelet"},{"floor":28.0,"key":"Letter Opener"},{"floor":42,"key":"Potion Belt"},{"floor":43,"key":"Centennial Puzzle"}],"event_choices":[{"damage_healed":0.0,"max_hp_gain":0.0,"max_hp_loss":0.0,"gold_gain":0.0,"event_name":"Shining Light","player_choice":"Ignored","floor":2.0,"gold_loss":0.0,"damage_taken":0.0},{"damage_healed":0.0,"max_hp_gain":0.0,"max_hp_loss":0.0,"gold_gain":0.0,"cards_transformed":["Defend_G"],"event_name":"Living Wall","player_choice":"Change","floor":3.0,"gold_loss":0.0,"damage_taken":0.0,"cards_obtained":["After Image"]},{"damage_healed":0.0,"max_hp_gain":0.0,"max_hp_loss":0.0,"gold_gain":0.0,"event_name":"Mushrooms","player_choice":"Fought Mushrooms","floor":13.0,"gold_loss":0.0,"damage_taken":0.0},{"damage_healed":0.0,"max_hp_gain":0.0,"max_hp_loss":0.0,"gold_gain":0.0,"event_name":"Dead Adventurer","player_choice":"Searched \u00272\u0027 times","floor":14.0,"gold_loss":0.0,"damage_taken":0.0},{"damage_healed":0.0,"max_hp_gain":0.0,"max_hp_loss":0.0,"gold_gain":0.0,"event_name":"Beggar","player_choice":"Ignored","floor":19.0,"gold_loss":0.0,"damage_taken":0.0},{"damage_healed":0.0,"max_hp_gain":0.0,"max_hp_loss":0.0,"gold_gain":0.0,"event_name":"Ghosts","player_choice":"Ignored","floor":20.0,"gold_loss":0.0,"damage_taken":0.0},{"damage_healed":0.0,"max_hp_gain":0.0,"max_hp_loss":0.0,"gold_gain":0.0,"event_name":"N\u0027loth","player_choice":"Traded Relic","floor":21.0,"relics_lost":["NeowsBlessing"],"gold_loss":0.0,"damage_taken":0.0,"relics_obtained":["Nloth\u0027s Gift"]},{"damage_healed":0.0,"max_hp_gain":0.0,"max_hp_loss":0.0,"gold_gain":0.0,"event_name":"Masked Bandits","player_choice":"Fought Bandits","floor":24.0,"gold_loss":0.0,"damage_taken":0.0},{"damage_healed":0.0,"max_hp_gain":0.0,"max_hp_loss":0.0,"gold_gain":0.0,"event_name":"The Library","player_choice":"Read","floor":30.0,"gold_loss":0.0,"damage_taken":0.0,"cards_obtained":["Tactician"]},{"damage_healed":0.0,"max_hp_gain":0.0,"max_hp_loss":4.0,"gold_gain":0.0,"event_name":"Winding Halls","player_choice":"Max HP","floor":36.0,"gold_loss":0.0,"damage_taken":0.0},{"damage_healed":0.0,"max_hp_gain":0.0,"max_hp_loss":0.0,"gold_gain":222.0,"event_name":"Tomb of Lord Red Mask","player_choice":"Wore Mask","floor":39.0,"gold_loss":0.0,"damage_taken":0.0}],"is_beta":false,"boss_relics":[{"not_picked":["Pandora\u0027s Box","Sozu"],"picked":"Eternal Feather"},{"not_picked":["Snecko Eye","White Beast Statue"],"picked":"Tiny House"}],"items_purged_floors":[],"is_endless":false,"potions_floor_spawned":[7,10,13,14,16,22,25,31,41,42,46],"ascension_level":8}