{"gold_per_floor":[109,109,50,50,50,50,66,87,110,128,162,6,6,42,42,138,138,163,23,38,38,52,52,52],"floor_reached":24,"playtime":574,"items_purged":["Strike_B","Strike_B"],"score":408,"play_id":"84de550c-8f15-4119-809f-8b71ff8e060c","local_time":"20190621163920","is_ascension_mode":true,"campfire_choices":[{"data":"Zap","floor":6,"key":"SMITH"},{"floor":15,"key":"REST"},{"data":"Defragment","floor":23,"key":"SMITH"}],"neow_cost":"NONE","seed_source_timestamp":19655108014400,"circlet_count":0,"master_deck":["AscendersBane","Defend_B","Defend_B","Defend_B","Defend_B","Zap+1","Dualcast","Cold Snap","Self Repair","Seek","Darkness+1","Loop","Electrodynamics","Reinforced Body+1","Defragment+1","Ball Lightning","Force Field"],"relics":["Black Star","Golden Idol","Dream Catcher","Kunai","Potion Belt","Ginger","Bag of Preparation","Coffee Dripper"],"potions_floor_usage":[11,24],"damage_taken":[{"damage":5,"enemies":"Small Slimes","floor":1,"turns":4},{"damage":0,"enemies":"2 Louse","floor":7,"turns":4},{"damage":5,"enemies":"Jaw Worm","floor":8,"turns":4},{"damage":21,"enemies":"3 Louse","floor":10,"turns":4},{"damage":36,"enemies":"Gremlin Nob","floor":11,"turns":5},{"damage":3,"enemies":"Lagavulin","floor":14,"turns":5},{"damage":31,"enemies":"Slime Boss","floor":16,"turns":5},{"damage":17,"enemies":"Shell Parasite","floor":18,"turns":3},{"damage":23,"enemies":"2 Thieves","floor":20,"turns":4},{"damage":13,"enemies":"Chosen and Byrds","floor":22,"turns":6},{"damage":18,"enemies":"Slavers","floor":24,"turns":2}],"seed_played":"7080904982055472834","potions_obtained":[{"floor":1,"key":"FocusPotion"},{"floor":8,"key":"LiquidBronze"},{"floor":16,"key":"PowerPotion"}],"is_trial":false,"path_per_floor":["M","?","$","?","?","R","M","M","T","M","E","$","?","E","R","B",null,"M","$","M","?","M","R","E"],"character_chosen":"DEFECT","items_purchased":["Cold Snap","Darkness","Defragment"],"campfire_rested":1,"item_purchase_floors":[3,12,19],"current_hp_per_floor":[59,52,52,71,64,64,64,59,59,38,9,9,9,13,32,8,50,40,40,24,24,18,18,0],"gold":52,"neow_bonus":"BOSS_RELIC","is_prod":false,"is_daily":false,"chose_seed":false,"campfire_upgraded":2,"win_rate":0,"timestamp":1561102760,"path_taken":["M","?","$","?","?","R","M","M","T","M","E","$","?","E","R","BOSS","M","$","M","?","M","R","E"],"build_version":"2019-01-23","purchased_purges":2,"victory":false,"max_hp_per_floor":[71,71,71,71,64,64,64,64,64,64,64,64,64,64,64,64,64,64,64,64,64,64,64,64],"card_choices":[{"not_picked":["Hello World","Compile Driver","Storm"],"picked":"SKIP","floor":1},{"not_picked":["Auto Shields","Hello World","Go for the Eyes"],"picked":"SKIP","floor":7},{"not_picked":["Auto Shields","Hello World","Go for the Eyes"],"picked":"SKIP","floor":7},{"not_picked":["Hologram","BootSequence","Turbo"],"picked":"SKIP","floor":8},{"not_picked":["Stack","Cold Snap"],"picked":"Self Repair","floor":10},{"not_picked":["BootSequence","Streamline"],"picked":"Seek","floor":11},{"not_picked":["Barrage","Cold Snap"],"picked":"Loop","floor":14},{"not_picked":["Machine Learning","Multi-Cast"],"picked":"Electrodynamics","floor":16},{"not_picked":["Blizzard","Static Discharge"],"picked":"Reinforced Body+1","floor":18},{"not_picked":["Gash","Genetic Algorithm"],"picked":"Ball Lightning","floor":20},{"not_picked":["Hologram","Go for the Eyes","Conserve Battery"],"picked":"SKIP","floor":22}],"player_experience":735414,"relics_obtained":[{"floor":9,"key":"Dream Catcher"},{"floor":11,"key":"Kunai"},{"floor":11,"key":"Potion Belt"},{"floor":14,"key":"Ginger"},{"floor":14,"key":"Bag of Preparation"}],"event_choices":[{"cards_removed":["Strike_B"],"damage_healed":0,"gold_gain":0,"player_choice":"Card Removal","damage_taken":7,"max_hp_gain":0,"max_hp_loss":0,"event_name":"Golden Wing","floor":2,"gold_loss":0},{"damage_healed":23,"gold_gain":0,"player_choice":"Banana","damage_taken":0,"max_hp_gain":0,"max_hp_loss":0,"event_name":"Big Fish","floor":4,"gold_loss":0},{"damage_healed":0,"gold_gain":0,"player_choice":"Lose Max HP","damage_taken":0,"relics_obtained":["Golden Idol"],"max_hp_gain":0,"max_hp_loss":7,"event_name":"Golden Idol","floor":5,"gold_loss":0},{"damage_healed":0,"gold_gain":0,"player_choice":"Grow","damage_taken":0,"max_hp_gain":0,"max_hp_loss":0,"event_name":"Living Wall","floor":13,"gold_loss":0,"cards_upgraded":["Darkness"]},{"damage_healed":0,"gold_gain":0,"cards_transformed":["Strike_B"],"player_choice":"Transformed","damage_taken":0,"max_hp_gain":0,"max_hp_loss":0,"event_name":"Transmorgrifier","floor":21,"gold_loss":0,"cards_obtained":["Force Field"]}],"is_beta":false,"boss_relics":[{"not_picked":["Pandora\u0027s Box","Calling Bell"],"picked":"Coffee Dripper"}],"items_purged_floors":[12,19],"is_endless":false,"potions_floor_spawned":[1,8,10,16],"killed_by":"Slavers","ascension_level":20}