{"gold_per_floor":[111,130,146,296,2,2,33,48,48,76,76,1,29,29,29,106,106,123,61,61,61,61,61],"floor_reached":23,"playtime":754,"items_purged":["Doubt"],"score":390,"play_id":"9f219e77-e6e0-4144-a053-5270321940a2","local_time":"20190730195013","is_ascension_mode":true,"campfire_choices":[{"data":"Bash","floor":6,"key":"SMITH"},{"floor":11,"key":"REST"},{"data":"Bouncing Flask","floor":15,"key":"SMITH"}],"neow_cost":"NONE","seed_source_timestamp":965928408075200,"circlet_count":0,"master_deck":["AscendersBane","Strike_R+1","Strike_R+1","Strike_R+1","Strike_R+1","Defend_R+1","Defend_R+1","Defend_R+1","Defend_R+1","Bash+1","Entrench","Corruption","Second Wind","Bouncing Flask+1","Second Wind","Dark Embrace","Prepared+1","Feel No Pain"],"relics":["Snecko Eye","PrismaticShard","The Courier","Shuriken","Pen Nib","Odd Mushroom","Fusion Hammer"],"potions_floor_usage":[7,10,16,23],"damage_taken":[{"damage":13,"enemies":"Small Slimes","floor":1,"turns":5},{"damage":7,"enemies":"Jaw Worm","floor":2,"turns":5},{"damage":3,"enemies":"2 Louse","floor":3,"turns":4},{"damage":8,"enemies":"Gremlin Nob","floor":7,"turns":3},{"damage":3,"enemies":"Blue Slaver","floor":8,"turns":3},{"damage":25,"enemies":"Lagavulin","floor":10,"turns":6},{"damage":11,"enemies":"The Mushroom Lair","floor":13,"turns":4},{"damage":17,"enemies":"Hexaghost","floor":16,"turns":8},{"damage":0,"enemies":"Chosen","floor":18,"turns":4},{"damage":25,"enemies":"Gremlin Leader","floor":23,"turns":7}],"seed_played":"1386378778331482075","potions_obtained":[{"floor":2,"key":"PowerPotion"},{"floor":3,"key":"AttackPotion"},{"floor":7,"key":"SkillPotion"},{"floor":13,"key":"Energy Potion"},{"floor":18,"key":"SkillPotion"}],"is_trial":false,"path_per_floor":["M","M","M","?","$","R","E","M","T","E","R","?","?","$","R","B",null,"M","$","?","?","?","E"],"character_chosen":"IRONCLAD","items_purchased":["PrismaticShard","Feel No Pain"],"campfire_rested":1,"item_purchase_floors":[5,19],"current_hp_per_floor":[55,48,45,45,45,45,37,34,34,9,31,31,20,20,20,3,57,57,57,57,57,57,32],"gold":61,"neow_bonus":"BOSS_RELIC","is_prod":false,"is_daily":false,"chose_seed":false,"campfire_upgraded":2,"win_rate":0,"timestamp":1564483813,"path_taken":["M","M","M","?","$","R","E","M","T","E","R","?","?","?","R","BOSS","M","$","?","?","?","E"],"build_version":"2019-07-17","purchased_purges":1,"victory":false,"max_hp_per_floor":[75,75,75,75,75,75,75,75,75,75,75,75,75,75,75,75,75,75,75,75,75,75,75],"card_choices":[{"not_picked":["Wild Strike","Intimidate","Thunderclap"],"picked":"SKIP","floor":1},{"not_picked":["Sentinel","Flex"],"picked":"Entrench","floor":2},{"not_picked":["Sword Boomerang","Cleave"],"picked":"Corruption","floor":3},{"not_picked":["Sadistic Nature","Clash"],"picked":"Second Wind","floor":7},{"not_picked":["Chill","Blizzard"],"picked":"Bouncing Flask","floor":8},{"not_picked":["Flechettes","Searing Blow"],"picked":"Second Wind","floor":10},{"not_picked":["Grand Finale","Master of Strategy"],"picked":"Dark Embrace","floor":16},{"not_picked":["Streamline","Rage"],"picked":"Prepared+1","floor":18}],"player_experience":1307784,"relics_obtained":[{"floor":7,"key":"The Courier"},{"floor":9,"key":"Shuriken"},{"floor":10,"key":"Pen Nib"},{"floor":13,"key":"Odd Mushroom"}],"event_choices":[{"damage_healed":0,"gold_gain":150,"player_choice":"AGREE","damage_taken":0,"max_hp_gain":0,"max_hp_loss":0,"event_name":"Liars Game","floor":4,"gold_loss":0,"cards_obtained":["Doubt"]},{"cards_removed":["Strike_R"],"damage_healed":0,"gold_gain":0,"player_choice":"Card Removal","damage_taken":0,"max_hp_gain":0,"max_hp_loss":0,"event_name":"The Cleric","floor":12,"gold_loss":75},{"damage_healed":0,"gold_gain":0,"player_choice":"Fought Mushrooms","damage_taken":0,"max_hp_gain":0,"max_hp_loss":0,"event_name":"Mushrooms","floor":13,"gold_loss":0},{"damage_healed":0,"gold_gain":0,"player_choice":"Simplicity","damage_taken":0,"max_hp_gain":0,"max_hp_loss":0,"event_name":"Back to Basics","floor":20,"gold_loss":0,"cards_upgraded":["Strike_R","Strike_R","Strike_R","Strike_R","Defend_R","Defend_R","Defend_R","Defend_R"]},{"damage_healed":0,"gold_gain":0,"player_choice":"Ignored","damage_taken":0,"max_hp_gain":0,"max_hp_loss":0,"event_name":"The Mausoleum","floor":21,"gold_loss":0}],"is_beta":false,"boss_relics":[{"not_picked":["Runic Cube","Coffee Dripper"],"picked":"Fusion Hammer"}],"items_purged_floors":[5],"is_endless":false,"potions_floor_spawned":[2,3,7,13,18],"killed_by":"Gremlin Leader","ascension_level":20}