{"gold_per_floor":[115,130,45,64,84,113,113,145,145,145,164,164,164,182,182,257,257,277,277,248,173,193,193,27,41,41,58,58,58],"floor_reached":29,"playtime":2452,"items_purged":[],"score":474,"play_id":"4bd53547-2ae1-4716-9d56-f4d1a58c07a5","local_time":"20190629185151","is_ascension_mode":true,"campfire_choices":[{"floor":7,"key":"REST"},{"data":"Footwork","floor":15,"key":"SMITH"},{"floor":23,"key":"REST"},{"floor":28,"key":"REST"}],"neow_cost":"NONE","seed_source_timestamp":1361287692428,"circlet_count":0,"master_deck":["AscendersBane","Defend_G","Defend_G","Defend_G","Defend_G","Defend_G","Strike_G","Strike_G","Strike_G","Strike_G","Strike_G","Survivor","Neutralize+1","Deadly Poison","Well Laid Plans","Footwork+1","Flying Knee","Deadly Poison","Leg Sweep","Flying Knee","Dagger Throw","After Image","Dash","Crippling Poison","Catalyst","Caltrops","Night Terror"],"relics":["Ring of the Snake","Smiling Mask","Orichalcum","Boot","Mummified Hand","Sozu","Art of War"],"potions_floor_usage":[6,16,22],"damage_taken":[{"damage":0,"enemies":"2 Louse","floor":1,"turns":4},{"damage":0,"enemies":"Cultist","floor":2,"turns":4},{"damage":1,"enemies":"Small Slimes","floor":4,"turns":3},{"damage":8,"enemies":"Blue Slaver","floor":5,"turns":5},{"damage":25,"enemies":"Gremlin Nob","floor":6,"turns":4},{"damage":32,"enemies":"3 Sentries","floor":8,"turns":14},{"damage":2,"enemies":"Looter","floor":11,"turns":4},{"damage":2,"enemies":"Large Slime","floor":14,"turns":8},{"damage":14,"enemies":"The Guardian","floor":16,"turns":11},{"damage":5,"enemies":"Shell Parasite","floor":18,"turns":7},{"damage":10,"enemies":"2 Thieves","floor":20,"turns":4},{"damage":31,"enemies":"Cultist and Chosen","floor":22,"turns":9},{"damage":4,"enemies":"Snake Plant","floor":25,"turns":4},{"damage":13,"enemies":"Shelled Parasite and Fungi","floor":27,"turns":7},{"damage":31,"enemies":"Gremlin Leader","floor":29,"turns":4}],"seed_played":"-2148980179568850992","potions_obtained":[{"floor":2,"key":"Poison Potion"},{"floor":8,"key":"FearPotion"},{"floor":11,"key":"FearPotion"}],"is_trial":false,"path_per_floor":["M","M","$","M","M","E","R","E","T","?","M","?","?","M","R","B",null,"M","?","M","$","M","R","$","M","T","M","R","E"],"character_chosen":"THE_SILENT","items_purchased":["Footwork","Caltrops","Night Terror"],"campfire_rested":3,"item_purchase_floors":[3,21,24],"current_hp_per_floor":[59,59,59,58,50,25,44,12,12,12,10,10,32,30,30,16,54,49,49,39,39,8,27,27,23,23,10,29,0],"gold":58,"neow_bonus":"UPGRADE_CARD","is_prod":false,"is_daily":false,"chose_seed":false,"campfire_upgraded":1,"win_rate":0,"timestamp":1561827111,"path_taken":["M","M","$","M","M","E","R","E","T","?","?","?","?","M","R","BOSS","M","?","M","$","?","R","$","M","T","M","R","E"],"build_version":"2019-01-23","purchased_purges":0,"victory":false,"max_hp_per_floor":[66,66,66,66,66,66,66,66,66,66,66,66,66,66,66,66,66,66,66,66,66,66,66,66,66,66,66,66,66],"card_choices":[{"not_picked":["Dodge and Roll","Sucker Punch"],"picked":"Deadly Poison","floor":1},{"not_picked":["Bane","Dash"],"picked":"Well Laid Plans","floor":2},{"not_picked":["Slice","Dagger Throw"],"picked":"Flying Knee","floor":4},{"not_picked":["Accuracy","Unload"],"picked":"Deadly Poison","floor":5},{"not_picked":["Deadly Poison","Deflect"],"picked":"Leg Sweep","floor":6},{"not_picked":["Blade Dance","Slice"],"picked":"Flying Knee","floor":8},{"not_picked":["Endless Agony","Finisher"],"picked":"Dagger Throw","floor":11},{"not_picked":["Doppelganger","Die Die Die"],"picked":"After Image","floor":16},{"not_picked":["Poisoned Stab","Quick Slash+1"],"picked":"Dash","floor":18},{"not_picked":["Dagger Throw","Acrobatics"],"picked":"Catalyst","floor":20}],"player_experience":1149687,"relics_obtained":[{"floor":6,"key":"Smiling Mask"},{"floor":8,"key":"Orichalcum"},{"floor":9,"key":"Boot"},{"floor":10,"key":"Mummified Hand"},{"floor":26,"key":"Art of War"}],"event_choices":[{"damage_healed":0,"gold_gain":0,"player_choice":"Relic","damage_taken":0,"max_hp_gain":0,"max_hp_loss":0,"event_name":"Wheel of Change","floor":10,"gold_loss":0},{"damage_healed":0,"gold_gain":0,"player_choice":"Ignored","damage_taken":0,"max_hp_gain":0,"max_hp_loss":0,"event_name":"Golden Wing","floor":12,"gold_loss":0},{"damage_healed":22,"gold_gain":0,"player_choice":"Banana","damage_taken":0,"max_hp_gain":0,"max_hp_loss":0,"event_name":"Big Fish","floor":13,"gold_loss":0},{"damage_healed":0,"gold_gain":0,"player_choice":"1 cards matched","damage_taken":0,"max_hp_gain":0,"max_hp_loss":0,"event_name":"Match and Keep!","floor":19,"gold_loss":0,"cards_obtained":["Crippling Poison"]}],"is_beta":false,"boss_relics":[{"not_picked":["Runic Dome","Cursed Key"],"picked":"Sozu"}],"items_purged_floors":[],"is_endless":false,"potions_floor_spawned":[2,8,11,20,27],"killed_by":"Gremlin Leader","ascension_level":20}