{"gold_per_floor":[117,117,133,133,153,153,34,309,357,357,378,528,528],"floor_reached":13,"playtime":361,"items_purged":["Strike_R"],"score":142,"play_id":"b70741c0-3f8a-4c19-9e18-2193fe90b77e","local_time":"20190702182326","is_ascension_mode":true,"campfire_choices":[{"data":"True Grit","floor":6,"key":"SMITH"},{"data":"Inflame","floor":10,"key":"SMITH"}],"neow_cost":"CURSE","seed_source_timestamp":295019101613300,"circlet_count":0,"master_deck":["AscendersBane","Strike_R","Strike_R","Strike_R","Strike_R","Defend_R","Defend_R","Defend_R","Defend_R","Bash","True Grit+1","Inflame+1","Regret","Spot Weakness","Doubt"],"relics":["Burning Blood","Thread and Needle","Juzu Bracelet","Odd Mushroom"],"potions_floor_usage":[],"damage_taken":[{"damage":3,"enemies":"2 Louse","floor":1,"turns":3},{"damage":14,"enemies":"Cultist","floor":3,"turns":5},{"damage":8,"enemies":"Small Slimes","floor":5,"turns":5},{"damage":38,"enemies":"The Mushroom Lair","floor":11,"turns":6},{"damage":0,"enemies":"Exordium Wildlife","floor":13,"turns":1}],"seed_played":"-6094259954927855517","potions_obtained":[{"floor":1,"key":"Dexterity Potion"},{"floor":11,"key":"Block Potion"}],"is_trial":false,"path_per_floor":["M","$","M","?","M","R","$","?","T","R","?","?","M"],"character_chosen":"IRONCLAD","items_purchased":["Inflame"],"campfire_rested":0,"item_purchase_floors":[7],"current_hp_per_floor":[71,71,63,63,61,61,61,61,61,61,29,29,29],"gold":528,"neow_bonus":"ONE_RARE_RELIC","is_prod":false,"is_daily":false,"chose_seed":false,"campfire_upgraded":2,"win_rate":0,"timestamp":1562059406,"path_taken":["M","$","M","?","?","R","$","?","T","R","?","?","M"],"build_version":"2019-07-01","purchased_purges":1,"victory":false,"max_hp_per_floor":[75,75,75,75,75,75,75,75,75,75,75,75,75],"card_choices":[{"not_picked":["Twin Strike","Hemokinesis"],"picked":"True Grit","floor":1},{"not_picked":["Dual Wield","Clothesline","Twin Strike"],"picked":"SKIP","floor":3},{"not_picked":["Perfected Strike","Flex","Cleave"],"picked":"SKIP","floor":5},{"not_picked":["Anger","Bloodletting"],"picked":"Spot Weakness","floor":11}],"player_experience":908484,"relics_obtained":[{"floor":9,"key":"Juzu Bracelet"},{"floor":11,"key":"Odd Mushroom"}],"event_choices":[{"cards_removed":["Writhe"],"damage_healed":0,"gold_gain":0,"player_choice":"Purged","damage_taken":0,"max_hp_gain":0,"max_hp_loss":0,"event_name":"Purifier","floor":4,"gold_loss":0},{"damage_healed":0,"gold_gain":275,"player_choice":"Desecrate","damage_taken":0,"max_hp_gain":0,"max_hp_loss":0,"event_name":"Golden Shrine","floor":8,"gold_loss":0,"cards_obtained":["Regret"]},{"damage_healed":0,"gold_gain":0,"player_choice":"Fought Mushrooms","damage_taken":0,"max_hp_gain":0,"max_hp_loss":0,"event_name":"Mushrooms","floor":11,"gold_loss":0},{"damage_healed":0,"gold_gain":150,"player_choice":"AGREE","damage_taken":0,"max_hp_gain":0,"max_hp_loss":0,"event_name":"Liars Game","floor":12,"gold_loss":0,"cards_obtained":["Doubt"]}],"is_beta":false,"boss_relics":[],"items_purged_floors":[7],"is_endless":false,"potions_floor_spawned":[1,11],"killed_by":"Exordium Wildlife","ascension_level":20}