{"gold_per_floor":[116,116,132,150,150,150,175,175,175,199,218,250,270,28,28,105,105,116,126,126],"floor_reached":20,"playtime":640,"items_purged":[],"score":418,"play_id":"f1e53cdb-353b-4a87-86e9-37dfc9410cde","local_time":"20190623171930","is_ascension_mode":true,"campfire_choices":[{"floor":6,"key":"REST"},{"data":"Defragment","floor":8,"key":"SMITH"},{"data":"Barrage","floor":15,"key":"SMITH"}],"neow_cost":"NONE","seed_source_timestamp":99778523855700,"circlet_count":0,"master_deck":["AscendersBane","Strike_B","Strike_B+1","Strike_B","Strike_B","Defend_B","Defend_B","Defend_B","Defend_B","Zap+1","Dualcast","Go for the Eyes","Glacier","Defragment+1","Capacitor","Barrage+1","Multi-Cast"],"relics":["Cracked Core","NeowsBlessing","Du-Vu Doll","Oddly Smooth Stone","Ice Cream","Potion Belt","Lantern","Runic Capacitor","Busted Crown"],"potions_floor_usage":[7,11],"damage_taken":[{"damage":0,"enemies":"Jaw Worm","floor":1,"turns":1},{"damage":0,"enemies":"Small Slimes","floor":3,"turns":1},{"damage":0,"enemies":"Cultist","floor":4,"turns":1},{"damage":0,"enemies":"Lagavulin","floor":7,"turns":8},{"damage":0,"enemies":"Gremlin Gang","floor":11,"turns":3},{"damage":16,"enemies":"Gremlin Nob","floor":12,"turns":4},{"damage":0,"enemies":"3 Louse","floor":13,"turns":2},{"damage":14,"enemies":"The Guardian","floor":16,"turns":9},{"damage":33,"enemies":"3 Byrds","floor":18,"turns":4},{"damage":10,"enemies":"Chosen","floor":19,"turns":4},{"damage":20,"enemies":"Centurion and Healer","floor":20,"turns":4}],"seed_played":"-2287267624397347647","potions_obtained":[{"floor":3,"key":"PowerPotion"},{"floor":4,"key":"Explosive Potion"},{"floor":13,"key":"FearPotion"}],"is_trial":false,"path_per_floor":["M","?","M","M","?","R","E","R","T","T","M","E","M","$","R","B",null,"M","M","M"],"character_chosen":"DEFECT","items_purchased":["Runic Capacitor","Barrage"],"campfire_rested":1,"item_purchase_floors":[14,14],"current_hp_per_floor":[64,43,43,43,25,46,46,46,46,46,46,30,30,30,30,16,57,24,14,0],"gold":126,"neow_bonus":"THREE_ENEMY_KILL","is_prod":false,"is_daily":false,"chose_seed":false,"campfire_upgraded":2,"win_rate":0,"timestamp":1561277970,"path_taken":["M","?","M","M","?","R","E","R","T","?","?","E","M","$","R","BOSS","M","?","M"],"build_version":"2019-01-23","purchased_purges":0,"victory":false,"max_hp_per_floor":[71,71,71,71,71,71,71,71,71,71,71,71,71,71,71,71,71,71,71,71],"card_choices":[{"not_picked":["Stack","Fusion","Redo"],"picked":"SKIP","floor":1},{"not_picked":["Redo","Heatsinks"],"picked":"Go for the Eyes","floor":3},{"not_picked":["Melter","Barrage"],"picked":"Glacier","floor":4},{"not_picked":["Rainbow","Streamline"],"picked":"Defragment","floor":7},{"not_picked":["Steam Power","Undo","Beam Cell"],"picked":"SKIP","floor":11},{"not_picked":["Chill","Heatsinks"],"picked":"Capacitor","floor":12},{"not_picked":["Conserve Battery","Lockon","Redo"],"picked":"SKIP","floor":13},{"not_picked":["All For One","Thunder Strike"],"picked":"Multi-Cast","floor":16},{"not_picked":["Sweeping Beam"],"picked":"SKIP","floor":18},{"not_picked":["Steam Power"],"picked":"SKIP","floor":19}],"player_experience":767943,"relics_obtained":[{"floor":7,"key":"Oddly Smooth Stone"},{"floor":9,"key":"Ice Cream"},{"floor":10,"key":"Potion Belt"},{"floor":12,"key":"Lantern"}],"event_choices":[{"damage_healed":0,"gold_gain":0,"player_choice":"Entered Light","damage_taken":21,"max_hp_gain":0,"max_hp_loss":0,"event_name":"Shining Light","floor":2,"gold_loss":0,"cards_upgraded":["Zap","Strike_B"]},{"damage_healed":0,"gold_gain":0,"player_choice":"Success","damage_taken":18,"relics_obtained":["Du-Vu Doll"],"max_hp_gain":0,"max_hp_loss":0,"event_name":"Scrap Ooze","floor":5,"gold_loss":0}],"is_beta":false,"boss_relics":[{"not_picked":["Black Star","Eternal Feather"],"picked":"Busted Crown"}],"items_purged_floors":[],"is_endless":false,"potions_floor_spawned":[3,4,13],"killed_by":"Centurion and Healer","ascension_level":20}