{"gold_per_floor":[359,284,284,303,317,317,346,346,346,363,363,379,397,430,430,506,506,523,503,520,37,37],"floor_reached":22,"playtime":813,"items_purged":["Strike_B"],"score":392,"play_id":"ca2924d5-3e55-419a-9ca4-2cb7cda44197","local_time":"20190712173845","is_ascension_mode":true,"campfire_choices":[{"data":"Loop","floor":6,"key":"SMITH"},{"data":"Lockon","floor":8,"key":"SMITH"},{"floor":11,"key":"REST"},{"data":"Reboot","floor":15,"key":"SMITH"}],"neow_cost":"CURSE","seed_source_timestamp":95480499264800,"circlet_count":0,"master_deck":["AscendersBane","Strike_B","Strike_B","Defend_B","Defend_B","Defend_B","Defend_B","Zap","Dualcast","Reboot+1","Lockon+1","Loop+1","Double Energy","Gash","Cold Snap","Gash","Echo Form","Gash","Coolheaded","Self Repair"],"relics":["Cracked Core","Kunai","Anchor","Pear","Fusion Hammer","Lantern","Oddly Smooth Stone"],"potions_floor_usage":[7,16,22],"damage_taken":[{"damage":2,"enemies":"Cultist","floor":1,"turns":4},{"damage":15,"enemies":"2 Louse","floor":4,"turns":3},{"damage":2,"enemies":"Jaw Worm","floor":5,"turns":2},{"damage":14,"enemies":"Gremlin Nob","floor":7,"turns":3},{"damage":12,"enemies":"Gremlin Gang","floor":10,"turns":4},{"damage":0,"enemies":"Red Slaver","floor":12,"turns":2},{"damage":7,"enemies":"Large Slime","floor":13,"turns":5},{"damage":13,"enemies":"3 Sentries","floor":14,"turns":8},{"damage":7,"enemies":"The Guardian","floor":16,"turns":9},{"damage":24,"enemies":"Chosen","floor":18,"turns":4},{"damage":20,"enemies":"Spheric Guardian","floor":20,"turns":4},{"damage":36,"enemies":"Chosen and Byrds","floor":22,"turns":7}],"seed_played":"7144298653441418609","potions_obtained":[{"floor":5,"key":"FocusPotion"},{"floor":10,"key":"Strength Potion"},{"floor":12,"key":"Block Potion"},{"floor":13,"key":"Poison Potion"},{"floor":14,"key":"Fire Potion"},{"floor":19,"key":"Energy Potion"}],"is_trial":false,"path_per_floor":["M","?","?","M","M","R","E","R","T","M","R","M","M","E","R","B",null,"M","?","M","$","M"],"character_chosen":"DEFECT","items_purchased":["Self Repair","Lantern","Oddly Smooth Stone"],"campfire_rested":1,"item_purchase_floors":[21,21,21],"current_hp_per_floor":[62,62,62,47,45,45,31,31,31,19,40,40,33,30,30,23,67,43,43,23,23,0],"gold":37,"neow_bonus":"TWO_FIFTY_GOLD","is_prod":false,"is_daily":false,"chose_seed":false,"campfire_upgraded":3,"win_rate":0,"timestamp":1562920725,"path_taken":["M","?","?","?","?","R","E","R","T","M","R","M","M","E","R","BOSS","M","?","M","$","M"],"build_version":"2019-07-05","purchased_purges":1,"victory":false,"max_hp_per_floor":[71,71,71,71,71,71,71,71,71,71,71,71,71,81,81,81,81,81,81,81,81,81],"card_choices":[{"not_picked":["Turbo","Steam","Leap"],"picked":"SKIP","floor":1},{"not_picked":["Compile Driver","Reinforced Body"],"picked":"Lockon","floor":4},{"not_picked":["Genetic Algorithm","Leap"],"picked":"Loop","floor":5},{"not_picked":["Barrage","Redo","Lockon"],"picked":"SKIP","floor":7},{"not_picked":["Barrage","Redo","Lockon"],"picked":"SKIP","floor":7},{"not_picked":["Steam","Lockon"],"picked":"Double Energy","floor":10},{"not_picked":["Gash","Steam","Rip and Tear"],"picked":"SKIP","floor":12},{"not_picked":["Steam","Rip and Tear"],"picked":"Gash","floor":12},{"not_picked":["Stack","Self Repair"],"picked":"Cold Snap","floor":13},{"not_picked":["Tempest","Rebound"],"picked":"Gash","floor":14},{"not_picked":["Core Surge","Machine Learning"],"picked":"Echo Form","floor":16},{"not_picked":["Streamline","Go for the Eyes"],"picked":"Gash","floor":18},{"not_picked":["Tempest","Reprogram"],"picked":"Coolheaded","floor":20}],"player_experience":992512,"relics_obtained":[{"floor":7,"key":"Kunai"},{"floor":9,"key":"Anchor"},{"floor":14,"key":"Pear"}],"event_choices":[{"cards_removed":["Shame"],"damage_healed":0,"gold_gain":0,"player_choice":"Card Removal","damage_taken":0,"max_hp_gain":0,"max_hp_loss":0,"event_name":"The Cleric","floor":2,"gold_loss":75},{"damage_healed":0,"gold_gain":0,"cards_transformed":["Strike_B"],"player_choice":"Change","damage_taken":0,"max_hp_gain":0,"max_hp_loss":0,"event_name":"Living Wall","floor":3,"gold_loss":0,"cards_obtained":["Reboot"]},{"damage_healed":0,"gold_gain":0,"player_choice":"Bought 1 Potion","damage_taken":0,"max_hp_gain":0,"max_hp_loss":0,"event_name":"The Woman in Blue","floor":19,"gold_loss":0}],"is_beta":false,"boss_relics":[{"not_picked":["Tiny House","Inserter"],"picked":"Fusion Hammer"}],"items_purged_floors":[21],"is_endless":false,"potions_floor_spawned":[5,10,12,13,14,20],"killed_by":"Chosen and Byrds","ascension_level":20}