{"gold_per_floor":[110,110,128,128,143,143,178,178,178,209,209,234,21,21,21,112,112,125,125,145,145,145,181,456,456,456,456,470,9,23,47,47,138,138,152,171,3,22,355,382,382,408,408,408,408,424,424],"floor_reached":47,"playtime":3654,"items_purged":[],"score":1043,"play_id":"e1a34b2e-0e6a-433b-beb3-013925e0836c","local_time":"20190517144914","is_ascension_mode":true,"campfire_choices":[{"data":"Dagger Spray","floor":6.0,"key":"SMITH"},{"data":"Footwork","floor":8.0,"key":"SMITH"},{"floor":11.0,"key":"REST"},{"data":"Neutralize","floor":15.0,"key":"SMITH"},{"data":"Catalyst","floor":25.0,"key":"SMITH"},{"data":"Leg Sweep","floor":27.0,"key":"SMITH"},{"data":"Secret Technique","floor":32.0,"key":"SMITH"},{"floor":41,"key":"REST"},{"floor":44,"key":"REST"}],"neow_cost":"NONE","seed_source_timestamp":443328206419701,"circlet_count":0,"master_deck":["AscendersBane","Defend_G+1","Defend_G+1","Defend_G+1","Defend_G+1","Defend_G+1","Strike_G+1","Strike_G+1","Strike_G+1","Strike_G+1","Survivor","Neutralize+1","Deadly Poison","Footwork+1","Dagger Spray+1","Deadly Poison","Backstab","PiercingWail","Endless Agony","After Image","Cloak And Dagger","PiercingWail","After Image","Leg Sweep+1","Catalyst+1","Deadly Poison","Regret","Blade Dance","Secret Technique+1","Infinite Blades+1","Catalyst+1","Bullet Time","Footwork+1","Escape Plan"],"special_seed":0,"relics":["Ring of the Snake","Omamori","Incense Burner","Bottled Tornado","Dead Branch","Mercury Hourglass","ClockworkSouvenir","Orrery","Happy Flower","Frozen Egg 2","Meat on the Bone","Black Star","Bag of Preparation","Sundial","Regal Pillow","Ninja Scroll","Pantograph","Blood Vial"],"potions_floor_usage":[38,40],"damage_taken":[{"damage":1.0,"enemies":"2 Louse","floor":1.0,"turns":3.0},{"damage":6.0,"enemies":"Small Slimes","floor":3.0,"turns":4.0},{"damage":1.0,"enemies":"Cultist","floor":5.0,"turns":4.0},{"damage":34.0,"enemies":"Gremlin Nob","floor":7.0,"turns":5.0},{"damage":12.0,"enemies":"Lagavulin","floor":10.0,"turns":9.0},{"damage":0.0,"enemies":"Looter","floor":12.0,"turns":2.0},{"damage":4.0,"enemies":"The Guardian","floor":16.0,"turns":8.0},{"damage":9.0,"enemies":"Spheric Guardian","floor":18.0,"turns":5.0},{"damage":0.0,"enemies":"Chosen","floor":20.0,"turns":3.0},{"damage":23.0,"enemies":"Slavers","floor":23.0,"turns":7.0},{"damage":0.0,"enemies":"Snake Plant","floor":28.0,"turns":5.0},{"damage":5.0,"enemies":"Cultist and Chosen","floor":30.0,"turns":5.0},{"damage":2.0,"enemies":"Snecko","floor":31.0,"turns":4.0},{"damage":33.0,"enemies":"Collector","floor":33.0,"turns":10.0},{"damage":2.0,"enemies":"3 Shapes","floor":35.0,"turns":3.0},{"damage":13.0,"enemies":"3 Darklings","floor":36.0,"turns":4.0},{"damage":9,"enemies":"4 Shapes","floor":38,"turns":4},{"damage":41,"enemies":"Giant Head","floor":40,"turns":9},{"damage":13,"enemies":"Nemesis","floor":42,"turns":7},{"damage":25,"enemies":"Maw","floor":46,"turns":8},{"damage":50,"enemies":"Reptomancer","floor":47,"turns":3}],"seed_played":"-6555163455663081489","potions_obtained":[{"floor":1.0,"key":"SpeedPotion"},{"floor":10.0,"key":"Energy Potion"},{"floor":12.0,"key":"LiquidBronze"},{"floor":31.0,"key":"Explosive Potion"},{"floor":33.0,"key":"Poison Potion"},{"floor":36,"key":"EssenceOfSteel"},{"floor":38,"key":"Poison Potion"}],"is_trial":false,"path_per_floor":["M","?","M","?","M","R","E","R","T","E","R","M","$","?","R","B",null,"M","?","M","$","?","E","?","R","T","R","M","$","M","M","R","B",null,"M","M","$","M","?","E","R","E","T","R","T","M","E"],"character_chosen":"THE_SILENT","items_purchased":["ClockworkSouvenir","Secret Technique","Meat on the Bone","Bag of Preparation"],"campfire_rested":3,"item_purchase_floors":[13,29,29,37],"current_hp_per_floor":[58,58,52,52,51,51,17,17,17,5,24,24,24,24,24,20,55,46,46,46,46,46,23,23,23,23,23,23,23,30,40,40,19,54,52,39,39,42,42,13,32,31,31,65,65,41,0],"gold":424,"neow_bonus":"RANDOM_COMMON_RELIC","is_prod":false,"is_daily":false,"chose_seed":false,"campfire_upgraded":6,"win_rate":0,"timestamp":1558097354,"path_taken":["M","?","M","?","M","R","E","R","T","E","R","M","$","?","R","BOSS","M","?","M","$","?","E","?","R","T","R","M","$","M","M","R","BOSS","M","M","$","M","?","E","R","E","T","R","?","M","E"],"build_version":"2019-01-23","purchased_purges":0,"victory":false,"max_hp_per_floor":[66,66,66,66,66,66,66,66,66,66,66,66,66,66,66,66,66,66,66,66,66,66,66,66,66,66,66,66,66,66,66,66,66,66,66,66,66,66,66,66,66,66,66,66,66,66,66],"card_choices":[{"not_picked":["Distraction","Tactician"],"picked":"Deadly Poison","floor":1.0},{"not_picked":["PiercingWail","Dodge and Roll"],"picked":"Footwork","floor":3.0},{"not_picked":["Bouncing Flask","Blade Dance"],"picked":"Dagger Spray","floor":5.0},{"not_picked":["Predator","Concentrate"],"picked":"Deadly Poison","floor":7.0},{"not_picked":["Calculated Gamble","Flying Knee"],"picked":"Backstab","floor":10.0},{"not_picked":["Backflip","Masterful Stab"],"picked":"PiercingWail","floor":12.0},{"not_picked":["Storm of Steel","Grand Finale"],"picked":"After Image","floor":16.0},{"not_picked":["Flechettes","Bane"],"picked":"Cloak And Dagger","floor":17.0},{"not_picked":["Endless Agony","Bane"],"picked":"PiercingWail","floor":17.0},{"not_picked":["Sucker Punch","Concentrate"],"picked":"After Image","floor":17.0},{"not_picked":["Underhanded Strike","Flying Knee"],"picked":"Leg Sweep","floor":17.0},{"not_picked":["PiercingWail","Skewer"],"picked":"Catalyst","floor":20.0},{"not_picked":["Dagger Spray","Backflip"],"picked":"Blade Dance","floor":28.0},{"not_picked":["Cloak And Dagger","Concentrate"],"picked":"Infinite Blades+1","floor":30.0},{"not_picked":["Backflip","Flying Knee"],"picked":"Catalyst+1","floor":31.0},{"not_picked":["A Thousand Cuts+1","Adrenaline"],"picked":"Bullet Time","floor":33.0},{"not_picked":["Flying Knee","PiercingWail"],"picked":"Footwork+1","floor":36},{"not_picked":["Calculated Gamble","Underhanded Strike"],"picked":"Escape Plan","floor":38},{"not_picked":["Heel Hook+1","Quick Slash","Flying Knee+1"],"picked":"SKIP","floor":46}],"player_experience":913563,"relics_obtained":[{"floor":7.0,"key":"Bottled Tornado"},{"floor":9.0,"key":"Dead Branch"},{"floor":10.0,"key":"Mercury Hourglass"},{"floor":23.0,"key":"Happy Flower"},{"floor":26.0,"key":"Frozen Egg 2"},{"floor":40,"key":"Sundial"},{"floor":42,"key":"Regal Pillow"},{"floor":42,"key":"Ninja Scroll"},{"floor":43,"key":"Pantograph"},{"floor":45,"key":"Blood Vial"}],"event_choices":[{"damage_healed":0.0,"max_hp_gain":0.0,"max_hp_loss":0.0,"gold_gain":0.0,"event_name":"Big Fish","player_choice":"Box","floor":2.0,"gold_loss":0.0,"damage_taken":0.0,"relics_obtained":["Incense Burner"],"cards_obtained":["Regret"]},{"damage_healed":0.0,"max_hp_gain":0.0,"max_hp_loss":0.0,"gold_gain":0.0,"event_name":"Golden Idol","player_choice":"Take Wound","floor":4.0,"gold_loss":0.0,"damage_taken":0.0,"relics_obtained":["Golden Idol"],"cards_obtained":["Injury"]},{"damage_healed":0.0,"max_hp_gain":0.0,"max_hp_loss":0.0,"gold_gain":0.0,"cards_transformed":["Strike_G"],"event_name":"Transmorgrifier","player_choice":"Transformed","floor":14.0,"gold_loss":0.0,"damage_taken":0.0,"cards_obtained":["Endless Agony"]},{"damage_healed":0.0,"max_hp_gain":0.0,"max_hp_loss":0.0,"gold_gain":0.0,"event_name":"Back to Basics","player_choice":"Simplicity","floor":19.0,"gold_loss":0.0,"damage_taken":0.0,"cards_upgraded":["Defend_G","Defend_G","Defend_G","Defend_G","Defend_G","Strike_G","Strike_G","Strike_G","Strike_G"]},{"damage_healed":0.0,"max_hp_gain":0.0,"max_hp_loss":0.0,"gold_gain":0.0,"event_name":"The Library","player_choice":"Read","floor":22.0,"gold_loss":0.0,"damage_taken":0.0,"cards_obtained":["Deadly Poison"]},{"damage_healed":0.0,"max_hp_gain":0.0,"max_hp_loss":0.0,"gold_gain":275.0,"event_name":"Golden Shrine","player_choice":"Desecrate","floor":24.0,"gold_loss":0.0,"damage_taken":0.0,"cards_obtained":["Regret"]},{"damage_healed":0,"gold_gain":333,"player_choice":"Gave Idol","damage_taken":0,"max_hp_gain":0,"max_hp_loss":0,"event_name":"The Moai Head","floor":39,"relics_lost":["Golden Idol"],"gold_loss":0}],"is_beta":false,"boss_relics":[{"not_picked":["Snecko Eye","Astrolabe"],"picked":"Orrery"},{"not_picked":["Coffee Dripper","Lizard Tail"],"picked":"Black Star"}],"items_purged_floors":[],"is_endless":false,"potions_floor_spawned":[1,10,12,31,33,36,38],"killed_by":"Reptomancer","ascension_level":18}