{"gold_per_floor":[117,117,27,27,2,2,33,63,122,134,160,205,217],"floor_reached":13,"playtime":244,"items_purged":[],"score":182,"play_id":"ddf62fa8-3e38-49a1-a76a-4209c532b853","local_time":"20190612220222","is_ascension_mode":true,"campfire_choices":[{"data":"Armaments","floor":6,"key":"SMITH"},{"floor":10,"key":"REST"}],"neow_cost":"NONE","seed_source_timestamp":375323901751100,"circlet_count":0,"master_deck":["AscendersBane","Strike_R","Strike_R+1","Strike_R","Strike_R","Strike_R","Defend_R","Defend_R","Defend_R","Defend_R","Bash+1","Combust","Corruption","Armaments+1","Body Slam","Bludgeon"],"relics":["Black Star","Golden Idol","MawBank","Blood Vial","Vajra","Juzu Bracelet"],"potions_floor_usage":[7,12],"damage_taken":[{"damage":9,"enemies":"Jaw Worm","floor":1,"turns":4},{"damage":16,"enemies":"Lagavulin","floor":7,"turns":7},{"damage":5,"enemies":"2 Louse","floor":8,"turns":3},{"damage":5,"enemies":"Small Slimes","floor":11,"turns":4},{"damage":22,"enemies":"3 Sentries","floor":12,"turns":6}],"seed_played":"-5095120787071978143","potions_obtained":[{"floor":1,"key":"Strength Potion"},{"floor":8,"key":"SkillPotion"},{"floor":11,"key":"Energy Potion"}],"is_trial":false,"path_per_floor":["M","?","$","?","$","R","E","M","T","R","M","E","?"],"character_chosen":"IRONCLAD","items_purchased":["Corruption","Armaments"],"campfire_rested":1,"item_purchase_floors":[3,5],"current_hp_per_floor":[59,36,36,36,36,36,20,17,17,37,34,14,0],"gold":217,"neow_bonus":"BOSS_RELIC","is_prod":false,"is_daily":false,"chose_seed":false,"campfire_upgraded":1,"win_rate":0,"timestamp":1560344542,"path_taken":["M","?","$","?","?","R","E","M","T","R","M","E","?"],"build_version":"2019-01-23","purchased_purges":0,"victory":false,"max_hp_per_floor":[75,75,75,68,68,68,68,68,68,68,68,68,68],"card_choices":[{"not_picked":["Seeing Red","True Grit"],"picked":"Combust","floor":1},{"not_picked":["Anger","Perfected Strike"],"picked":"Body Slam","floor":7},{"not_picked":["Iron Wave","Rupture","Anger"],"picked":"SKIP","floor":8},{"not_picked":["Thunderclap","Clash","Clothesline"],"picked":"SKIP","floor":11},{"not_picked":["Headbutt","Corruption"],"picked":"Bludgeon","floor":12}],"player_experience":622962,"relics_obtained":[{"floor":7,"key":"MawBank"},{"floor":7,"key":"Blood Vial"},{"floor":12,"key":"Vajra"},{"floor":12,"key":"Juzu Bracelet"}],"event_choices":[{"damage_healed":0,"gold_gain":0,"player_choice":"Entered Light","damage_taken":23,"max_hp_gain":0,"max_hp_loss":0,"event_name":"Shining Light","floor":2,"gold_loss":0,"cards_upgraded":["Bash","Strike_R"]},{"damage_healed":0,"gold_gain":0,"player_choice":"Lose Max HP","damage_taken":0,"relics_obtained":["Golden Idol"],"max_hp_gain":0,"max_hp_loss":7,"event_name":"Golden Idol","floor":4,"gold_loss":0}],"is_beta":false,"boss_relics":[],"items_purged_floors":[],"is_endless":false,"potions_floor_spawned":[1,8,11],"ascension_level":20}