{"gold_per_floor":[119,269,269,344,305,338,349,8,8,18,18,18,61,85,85,85],"floor_reached":16,"playtime":420,"items_purged":["Doubt"],"score":266,"play_id":"1f13a369-2790-49cd-81f4-8a9401ad60e9","local_time":"20190612032149","is_ascension_mode":true,"campfire_choices":[{"data":"Sunder","floor":11,"key":"SMITH"},{"data":"Recycle","floor":15,"key":"SMITH"}],"neow_cost":"NONE","seed_source_timestamp":307912531841100,"circlet_count":0,"master_deck":["AscendersBane","Strike_B","Strike_B","Strike_B","Strike_B","Defend_B","Defend_B","Defend_B","Defend_B","Zap","Dualcast","Sunder+1","Undo","Self Repair","White Noise","Recycle+1"],"relics":["Cracked Core","NeowsBlessing","The Courier","Meat on the Bone","Golden Idol","PreservedInsect"],"potions_floor_usage":[13,16],"damage_taken":[{"damage":0,"enemies":"Jaw Worm","floor":1,"turns":1},{"damage":0,"enemies":"Gremlin Nob","floor":6,"turns":1},{"damage":0,"enemies":"2 Louse","floor":7,"turns":1},{"damage":15,"enemies":"Small Slimes","floor":10,"turns":5},{"damage":18,"enemies":"Lagavulin","floor":13,"turns":9},{"damage":3,"enemies":"Blue Slaver","floor":14,"turns":5},{"damage":32,"enemies":"Hexaghost","floor":16,"turns":8}],"seed_played":"6418771816237518264","potions_obtained":[{"floor":1,"key":"SkillPotion"},{"floor":14,"key":"Dexterity Potion"}],"is_trial":false,"path_per_floor":["M","?","?","?","$","E","M","$","T","M","R","?","E","M","R","B"],"character_chosen":"DEFECT","items_purchased":["Sunder","Meat on the Bone","Self Repair"],"campfire_rested":0,"item_purchase_floors":[5,8,8],"current_hp_per_floor":[64,64,69,58,58,58,58,58,58,50,50,24,25,41,41,9],"gold":85,"neow_bonus":"THREE_ENEMY_KILL","is_prod":false,"is_daily":false,"chose_seed":false,"campfire_upgraded":2,"win_rate":0,"timestamp":1560277309,"path_taken":["M","?","?","?","?","E","M","$","T","?","R","?","E","M","R","BOSS"],"build_version":"2019-01-23","purchased_purges":1,"victory":false,"max_hp_per_floor":[71,71,76,76,76,76,76,76,76,76,76,76,76,76,76,76],"card_choices":[{"not_picked":["Reinforced Body","Lockon","Sweeping Beam"],"picked":"SKIP","floor":1},{"not_picked":["Beam Cell","Streamline"],"picked":"Undo","floor":6},{"not_picked":["Sweeping Beam","Gash","Stack"],"picked":"SKIP","floor":7},{"not_picked":["Steam","Meteor Strike","Hello World"],"picked":"SKIP","floor":10},{"not_picked":["Conserve Battery","Skim"],"picked":"White Noise","floor":13},{"not_picked":["Stack","Go for the Eyes"],"picked":"Recycle","floor":14}],"player_experience":595986,"relics_obtained":[{"floor":6,"key":"The Courier"},{"floor":13,"key":"PreservedInsect"}],"event_choices":[{"damage_healed":0,"gold_gain":150,"player_choice":"AGREE","damage_taken":0,"max_hp_gain":0,"max_hp_loss":0,"event_name":"Liars Game","floor":2,"gold_loss":0,"cards_obtained":["Doubt"]},{"damage_healed":0,"gold_gain":0,"player_choice":"Donut","damage_taken":0,"max_hp_gain":5,"max_hp_loss":0,"event_name":"Big Fish","floor":3,"gold_loss":0},{"damage_healed":0,"gold_gain":75,"player_choice":"Gather Gold","damage_taken":11,"max_hp_gain":0,"max_hp_loss":0,"event_name":"World of Goop","floor":4,"gold_loss":0},{"damage_healed":0,"gold_gain":0,"player_choice":"Take Damage","damage_taken":26,"relics_obtained":["Golden Idol"],"max_hp_gain":0,"max_hp_loss":0,"event_name":"Golden Idol","floor":12,"gold_loss":0}],"is_beta":false,"boss_relics":[],"items_purged_floors":[8],"is_endless":false,"potions_floor_spawned":[1,14],"killed_by":"Hexaghost","ascension_level":20}