{"gold_per_floor":[118,193,150,115,3,21,21,53,53,53,88,88,88,88,88,178,178,197,217,142,142,142,142,192,192],"floor_reached":25,"playtime":450,"items_purged":["Strike_R"],"score":406,"play_id":"828af329-db63-47c4-b604-6c5c4973e3eb","local_time":"20190612212354","is_ascension_mode":true,"campfire_choices":[{"data":"Whirlwind","floor":7,"key":"SMITH"},{"data":"Bludgeon","floor":12,"key":"SMITH"},{"data":"Inflame","floor":15,"key":"SMITH"},{"floor":23,"key":"REST"}],"neow_cost":"NONE","seed_source_timestamp":372809904424700,"circlet_count":0,"master_deck":["AscendersBane","Defend_R","Defend_R","Defend_R","Defend_R","Bash","Pommel Strike","Inflame+1","Feel No Pain","Whirlwind+1","Bludgeon+1","Juggernaut","Dark Embrace+1","Feel No Pain","Second Wind","Entrench","Feed"],"relics":["Philosopher\u0027s Stone","Turnip","Juzu Bracelet","Ancient Tea Set","Golden Idol","PreservedInsect","Sozu"],"potions_floor_usage":[8,16],"damage_taken":[{"damage":6,"enemies":"2 Louse","floor":1,"turns":3},{"damage":0,"enemies":"Small Slimes","floor":6,"turns":2},{"damage":21,"enemies":"Lagavulin","floor":8,"turns":5},{"damage":18,"enemies":"3 Sentries","floor":11,"turns":3},{"damage":16,"enemies":"Slime Boss","floor":16,"turns":6},{"damage":3,"enemies":"3 Byrds","floor":18,"turns":3},{"damage":14,"enemies":"Shell Parasite","floor":19,"turns":3},{"damage":65,"enemies":"Book of Stabbing","floor":25,"turns":3}],"seed_played":"-3554403256724963743","potions_obtained":[{"floor":6,"key":"BloodPotion"},{"floor":11,"key":"BloodPotion"},{"floor":16,"key":"SpeedPotion"}],"is_trial":false,"path_per_floor":["M","?","$","?","$","M","R","E","T","?","E","R","?","T","R","B",null,"M","M","?","?","?","R","?","E"],"character_chosen":"IRONCLAD","items_purchased":["Inflame","Feel No Pain"],"campfire_rested":1,"item_purchase_floors":[3,5],"current_hp_per_floor":[62,51,51,69,69,69,69,55,55,48,30,30,30,30,30,20,56,53,39,39,39,39,59,59,0],"gold":192,"neow_bonus":"BOSS_RELIC","is_prod":false,"is_daily":false,"chose_seed":false,"campfire_upgraded":3,"win_rate":0,"timestamp":1560342234,"path_taken":["M","?","$","?","$","M","R","E","T","?","E","R","?","?","R","BOSS","M","M","?","?","?","R","?","E"],"build_version":"2019-01-23","purchased_purges":1,"victory":false,"max_hp_per_floor":[75,75,75,75,75,75,75,75,75,75,75,75,68,68,68,68,68,68,68,68,68,68,68,68,68],"card_choices":[{"not_picked":["Cleave","Havoc"],"picked":"Pommel Strike","floor":1},{"not_picked":["Flex","Carnage"],"picked":"Whirlwind","floor":6},{"not_picked":["Seeing Red","Rampage"],"picked":"Bludgeon","floor":8},{"not_picked":["Perfected Strike","Iron Wave"],"picked":"Juggernaut","floor":11},{"not_picked":["Feed","Barricade"],"picked":"Dark Embrace","floor":16},{"not_picked":["Pummel","Dual Wield"],"picked":"Feel No Pain","floor":18},{"not_picked":["Pummel","True Grit"],"picked":"Second Wind","floor":19}],"player_experience":620505,"relics_obtained":[{"floor":8,"key":"Turnip"},{"floor":9,"key":"Juzu Bracelet"},{"floor":11,"key":"Ancient Tea Set"},{"floor":14,"key":"PreservedInsect"}],"event_choices":[{"damage_healed":0,"gold_gain":75,"player_choice":"Gather Gold","damage_taken":11,"max_hp_gain":0,"max_hp_loss":0,"event_name":"World of Goop","floor":2,"gold_loss":0},{"damage_healed":18,"gold_gain":0,"player_choice":"Healed","damage_taken":0,"max_hp_gain":0,"max_hp_loss":0,"event_name":"The Cleric","floor":4,"gold_loss":35},{"cards_removed":["Strike_R"],"damage_healed":0,"gold_gain":0,"player_choice":"Card Removal","damage_taken":7,"max_hp_gain":0,"max_hp_loss":0,"event_name":"Golden Wing","floor":10,"gold_loss":0},{"damage_healed":0,"gold_gain":0,"player_choice":"Lose Max HP","damage_taken":0,"relics_obtained":["Golden Idol"],"max_hp_gain":0,"max_hp_loss":7,"event_name":"Golden Idol","floor":13,"gold_loss":0},{"cards_removed":["Strike_R"],"damage_healed":0,"gold_gain":0,"player_choice":"Gave Gold","damage_taken":0,"max_hp_gain":0,"max_hp_loss":0,"event_name":"Beggar","floor":20,"gold_loss":75},{"damage_healed":0,"gold_gain":0,"cards_transformed":["Strike_R","Strike_R"],"player_choice":"Became Test Subject","damage_taken":0,"max_hp_gain":0,"max_hp_loss":0,"event_name":"Drug Dealer","floor":21,"gold_loss":0,"cards_obtained":["Entrench","Feed"]},{"damage_healed":0,"gold_gain":0,"player_choice":"Forge","damage_taken":0,"max_hp_gain":0,"max_hp_loss":0,"event_name":"Accursed Blacksmith","floor":22,"gold_loss":0,"cards_upgraded":["Dark Embrace"]},{"damage_healed":0,"gold_gain":50,"player_choice":"Stole From Cult","damage_taken":0,"max_hp_gain":0,"max_hp_loss":0,"event_name":"Nest","floor":24,"gold_loss":0}],"is_beta":false,"boss_relics":[{"not_picked":["Ectoplasm","Astrolabe"],"picked":"Sozu"}],"items_purged_floors":[5],"is_endless":false,"potions_floor_spawned":[6,11,16,19],"killed_by":"Book of Stabbing","ascension_level":20}