{"gold_per_floor":[109,123,133,133,150,150,163,221,301,301,301,318,318,334,334,405,405,420,5,5,5,21,21,51,51,76,86,121,121,21,72,72,147,147,158,183,183,233,253,283,283,314,314,314,207,220,220,240,240,240],"floor_reached":50,"playtime":2662,"items_purged":["Strike_G","Defend_G"],"score":1076,"play_id":"3dc42c1d-1e15-48d8-81ad-8e2a98059e0b","local_time":"20190717175246","is_ascension_mode":true,"campfire_choices":[{"data":"Flechettes","floor":6.0,"key":"SMITH"},{"data":"A Thousand Cuts","floor":11.0,"key":"SMITH"},{"data":"Deadly Poison","floor":13.0,"key":"SMITH"},{"data":"Acrobatics","floor":15.0,"key":"SMITH"},{"data":"Footwork","floor":23.0,"key":"SMITH"},{"floor":25.0,"key":"REST"},{"data":"Footwork","floor":29.0,"key":"SMITH"},{"data":"1","floor":32.0,"key":"LIFT"},{"data":"Cloak And Dagger","floor":41.0,"key":"SMITH"},{"floor":44.0,"key":"REST"},{"floor":49.0,"key":"RECALL"}],"neow_cost":"NONE","seed_source_timestamp":401365842397400,"circlet_count":0,"master_deck":["AscendersBane","Defend_G","Defend_G","Defend_G","Defend_G","Survivor","Neutralize+1","Glass Knife+1","Malaise+1","Calculated Gamble+1","Backflip","Heel Hook","Flechettes+1","Acrobatics+1","A Thousand Cuts+1","Deadly Poison+1","Venomology","Footwork+1","Footwork+1","Escape Plan","PiercingWail","Prepared","Adrenaline","Blur","Cloak And Dagger+1","Purity","Dodge and Roll"],"special_seed":0,"relics":["Astrolabe","Tiny Chest","Gremlin Horn","Runic Pyramid","Shuriken","Mercury Hourglass","Girya","Centennial Puzzle","Ancient Tea Set","PreservedInsect","HoveringKite","Bag of Preparation","Orichalcum"],"potions_floor_usage":[50,50,50],"damage_taken":[{"damage":0.0,"enemies":"Cultist","floor":1.0,"turns":3.0},{"damage":0.0,"enemies":"2 Louse","floor":2.0,"turns":3.0},{"damage":0.0,"enemies":"Small Slimes","floor":3.0,"turns":3.0},{"damage":3.0,"enemies":"Red Slaver","floor":5.0,"turns":4.0},{"damage":14.0,"enemies":"Large Slime","floor":7.0,"turns":7.0},{"damage":21.0,"enemies":"Lagavulin","floor":8.0,"turns":9.0},{"damage":0.0,"enemies":"Exordium Wildlife","floor":12.0,"turns":2.0},{"damage":1.0,"enemies":"Exordium Thugs","floor":14.0,"turns":3.0},{"damage":6.0,"enemies":"The Guardian","floor":16.0,"turns":10.0},{"damage":12.0,"enemies":"Chosen","floor":18.0,"turns":4.0},{"damage":0.0,"enemies":"Spheric Guardian","floor":22.0,"turns":3.0},{"damage":17.0,"enemies":"Book of Stabbing","floor":24.0,"turns":9.0},{"damage":0.0,"enemies":"Cultist and Chosen","floor":27.0,"turns":5.0},{"damage":12.0,"enemies":"Slavers","floor":28.0,"turns":4.0},{"damage":11.0,"enemies":"Automaton","floor":33.0,"turns":8.0},{"damage":5.0,"enemies":"Orb Walker","floor":35.0,"turns":4.0},{"damage":2.0,"enemies":"3 Shapes","floor":39.0,"turns":2.0},{"damage":13.0,"enemies":"Giant Head","floor":40.0,"turns":10.0},{"damage":14.0,"enemies":"Reptomancer","floor":42.0,"turns":3.0},{"damage":0.0,"enemies":"Spire Growth","floor":46.0,"turns":4.0},{"damage":0.0,"enemies":"Transient","floor":48.0,"turns":6.0},{"damage":39,"enemies":"Donu and Deca","floor":50,"turns":9}],"seed_played":"4868940948886496911","potions_obtained":[{"floor":3.0,"key":"GhostInAJar"},{"floor":5.0,"key":"FairyPotion"},{"floor":22.0,"key":"PowerPotion"},{"floor":28.0,"key":"Regen Potion"},{"floor":33.0,"key":"Ancient Potion"},{"floor":46.0,"key":"Energy Potion"}],"is_trial":false,"path_per_floor":["M","M","M","?","M","R","M","E","T","?","R","M","R","M","R","B",null,"M","$","T","?","M","R","E","R","T","M","E","R","$","T","R","B",null,"M","T","?","?","M","E","R","E","T","R","$","M","?","M","R","B"],"character_chosen":"THE_SILENT","items_purchased":["Shuriken","Footwork","Purity"],"campfire_rested":2,"item_purchase_floors":[19,19,45],"current_hp_per_floor":[59,59,59,59,56,56,42,21,21,21,21,21,21,20,20,14,53,41,41,41,41,41,41,24,43,43,43,31,31,31,31,31,35,58,53,53,53,47,45,32,32,18,18,36,36,36,36,36,36,0],"gold":240,"neow_bonus":"BOSS_RELIC","is_prod":false,"is_daily":false,"chose_seed":false,"campfire_upgraded":7,"win_rate":0,"timestamp":1563353566,"path_taken":["M","?","M","?","?","R","M","E","T","?","R","M","R","M","R","BOSS","M","$","?","?","M","R","E","R","T","M","E","R","$","?","R","BOSS","M","?","?","?","?","E","R","E","T","R","?","M","?","M","R","BOSS"],"build_version":"2019-07-05","purchased_purges":2,"victory":false,"max_hp_per_floor":[66,66,66,66,66,66,66,66,66,66,66,66,66,66,66,66,66,66,66,66,66,66,66,66,66,66,66,66,66,66,66,66,66,66,66,66,63,63,63,63,63,63,63,63,63,63,63,63,63,63],"card_choices":[{"not_picked":["PiercingWail","Flying Knee"],"picked":"Backflip","floor":1.0},{"not_picked":["Poisoned Stab","Blade Dance"],"picked":"Heel Hook","floor":2.0},{"not_picked":["Cloak And Dagger","Sucker Punch"],"picked":"Flechettes","floor":3.0},{"not_picked":["Backflip","Heel Hook","Terror"],"picked":"SKIP","floor":5.0},{"not_picked":["Bane","Backflip"],"picked":"Acrobatics","floor":7.0},{"not_picked":["Concentrate","Masterful Stab"],"picked":"A Thousand Cuts","floor":8.0},{"not_picked":["Flying Knee","Backflip"],"picked":"Deadly Poison","floor":12.0},{"not_picked":["Poisoned Stab","Acrobatics","Leg Sweep"],"picked":"SKIP","floor":14.0},{"not_picked":["Poisoned Stab","Acrobatics","Leg Sweep"],"picked":"SKIP","floor":14.0},{"not_picked":["Malaise","Phantasmal Killer"],"picked":"Venomology","floor":16.0},{"not_picked":["Blade Dance","Dagger Throw+1","Slice"],"picked":"SKIP","floor":18.0},{"not_picked":["Deadly Poison","Cloak And Dagger"],"picked":"Footwork","floor":22.0},{"not_picked":["Cloak And Dagger","Backstab"],"picked":"Escape Plan","floor":24.0},{"not_picked":["Underhanded Strike+1","Outmaneuver"],"picked":"PiercingWail","floor":27.0},{"not_picked":["Endless Agony","Underhanded Strike"],"picked":"Prepared","floor":28.0},{"not_picked":["Burst","Glass Knife"],"picked":"Adrenaline","floor":33.0},{"not_picked":["Eviscerate+1","Caltrops"],"picked":"Blur","floor":35.0},{"not_picked":["Accuracy","Leg Sweep"],"picked":"Cloak And Dagger","floor":39.0},{"not_picked":["Deadly Poison","Endless Agony","Prepared"],"picked":"SKIP","floor":40.0},{"not_picked":["Prepared","Choke","Unload"],"picked":"SKIP","floor":42.0},{"not_picked":["Well Laid Plans","Sucker Punch+1","Accuracy"],"picked":"SKIP","floor":46.0},{"not_picked":["Quick Slash","Flying Knee"],"picked":"Dodge and Roll","floor":48.0}],"player_experience":1076764,"relics_obtained":[{"floor":8.0,"key":"Tiny Chest"},{"floor":9.0,"key":"Gremlin Horn"},{"floor":20.0,"key":"Mercury Hourglass"},{"floor":24.0,"key":"Girya"},{"floor":26.0,"key":"Centennial Puzzle"},{"floor":28.0,"key":"Ancient Tea Set"},{"floor":31.0,"key":"PreservedInsect"},{"floor":36.0,"key":"Bag of Preparation"},{"floor":42.0,"key":"Orichalcum"}],"event_choices":[{"damage_healed":0.0,"max_hp_gain":0.0,"max_hp_loss":0.0,"gold_gain":0.0,"event_name":"Accursed Blacksmith","player_choice":"Forge","floor":4.0,"gold_loss":0.0,"damage_taken":0.0,"cards_upgraded":["Neutralize"]},{"cards_removed":["Strike_G"],"damage_healed":0.0,"max_hp_gain":0.0,"max_hp_loss":0.0,"gold_gain":0.0,"event_name":"Purifier","player_choice":"Purged","floor":10.0,"gold_loss":0.0,"damage_taken":0.0},{"damage_healed":0.0,"max_hp_gain":0.0,"max_hp_loss":3.0,"gold_gain":0.0,"event_name":"Winding Halls","player_choice":"Max HP","floor":37.0,"gold_loss":0.0,"damage_taken":0.0},{"damage_healed":0.0,"max_hp_gain":0.0,"max_hp_loss":0.0,"gold_gain":50.0,"event_name":"FaceTrader","player_choice":"Touch","floor":38.0,"gold_loss":0.0,"damage_taken":6.0},{"damage_healed":0.0,"max_hp_gain":0.0,"max_hp_loss":0.0,"gold_gain":0.0,"event_name":"Tomb of Lord Red Mask","player_choice":"Ignored","floor":47.0,"gold_loss":0.0,"damage_taken":0.0}],"is_beta":false,"boss_relics":[{"not_picked":["Runic Dome","White Beast Statue"],"picked":"Runic Pyramid"},{"not_picked":["Snecko Eye","Sozu"],"picked":"HoveringKite"}],"items_purged_floors":[19,30],"is_endless":false,"potions_floor_spawned":[3,5,12,18,22,28,33,46],"killed_by":"Donu and Deca","ascension_level":20}