{"gold_per_floor":[117,135,155,155,3,33,47,61,86,86],"floor_reached":10,"playtime":329,"items_purged":["Strike_B"],"score":140,"play_id":"37dc32a8-3795-4ff3-a520-efab0db48b2f","local_time":"20190610144715","is_ascension_mode":true,"campfire_choices":[],"neow_cost":"TEN_PERCENT_HP_LOSS","seed_source_timestamp":176327454201500,"circlet_count":0,"master_deck":["AscendersBane","Strike_B","Strike_B","Strike_B","Defend_B","Defend_B","Defend_B","Defend_B","Zap","Dualcast","Electrodynamics","Chill","Melter","Darkness+1","Defragment","Coolheaded","Cold Snap","Buffer"],"relics":["Cracked Core","Dream Catcher","Orichalcum"],"potions_floor_usage":[8,10],"damage_taken":[{"damage":15,"enemies":"Small Slimes","floor":1,"turns":3},{"damage":0,"enemies":"Cultist","floor":2,"turns":3},{"damage":7,"enemies":"Jaw Worm","floor":3,"turns":3},{"damage":1,"enemies":"3 Sentries","floor":6,"turns":5},{"damage":3,"enemies":"Red Slaver","floor":7,"turns":4},{"damage":14,"enemies":"Exordium Wildlife","floor":8,"turns":4},{"damage":52,"enemies":"Gremlin Nob","floor":10,"turns":4}],"seed_played":"5913142505244651705","potions_obtained":[{"floor":1,"key":"Dexterity Potion"},{"floor":3,"key":"Dexterity Potion"},{"floor":7,"key":"SkillPotion"}],"is_trial":false,"path_per_floor":["M","M","M","?","$","E","M","M","T","E"],"character_chosen":"DEFECT","items_purchased":["Defragment"],"campfire_rested":0,"item_purchase_floors":[5],"current_hp_per_floor":[49,49,42,42,42,41,38,24,24,0],"gold":86,"neow_bonus":"THREE_RARE_CARDS","is_prod":false,"is_daily":false,"chose_seed":false,"campfire_upgraded":0,"win_rate":0,"timestamp":1560145635,"path_taken":["M","M","M","?","?","E","?","M","T","E"],"build_version":"2019-01-23","purchased_purges":1,"victory":false,"max_hp_per_floor":[64,64,64,64,64,64,64,64,64,64],"card_choices":[{"not_picked":["Echo Form","All For One"],"picked":"Electrodynamics","floor":0},{"not_picked":["Sweeping Beam","Redo"],"picked":"Chill","floor":1},{"not_picked":["Steam","Turbo"],"picked":"Melter","floor":2},{"not_picked":["Streamline","Barrage"],"picked":"Darkness","floor":3},{"not_picked":["Hologram","BootSequence"],"picked":"Coolheaded","floor":6},{"not_picked":["Conserve Battery","Sunder"],"picked":"Cold Snap","floor":7},{"not_picked":["Lockon","Stack"],"picked":"Buffer","floor":8}],"player_experience":548367,"relics_obtained":[{"floor":6,"key":"Dream Catcher"},{"floor":9,"key":"Orichalcum"}],"event_choices":[{"damage_healed":0,"gold_gain":0,"player_choice":"Upgraded","damage_taken":0,"max_hp_gain":0,"max_hp_loss":0,"event_name":"Upgrade Shrine","floor":4,"gold_loss":0,"cards_upgraded":["Darkness"]}],"is_beta":false,"boss_relics":[],"items_purged_floors":[5],"is_endless":false,"potions_floor_spawned":[1,3,7],"killed_by":"Gremlin Nob","ascension_level":20}