{"gold_per_floor":[117,73,90,90,90,116,116,131,131,144,171,171,8,43,43,120,120,135,155,205,205,205,237,237,264,264,179,208,208,224,236,236,314,314,332,332,347,272,288,316,316,336,360,380,406,406,438,448,448,448,448,448,448,44,71,71],"floor_reached":57,"playtime":2261,"items_purged":["Blood for Blood","Rampage"],"score":2936,"play_id":"8b2af114-b574-4895-90ff-a95526ebbdaf","local_time":"20190720155608","is_ascension_mode":true,"campfire_choices":[{"data":"Whirlwind","floor":7,"key":"SMITH"},{"data":"Bludgeon","floor":12,"key":"SMITH"},{"data":"Armaments","floor":15,"key":"SMITH"},{"floor":24,"key":"RECALL"},{"floor":32,"key":"REST"},{"floor":41,"key":"REST"},{"data":"1","floor":49,"key":"LIFT"},{"data":"2","floor":53,"key":"LIFT"}],"neow_cost":"TEN_PERCENT_HP_LOSS","seed_source_timestamp":86357358507100,"circlet_count":0,"master_deck":["AscendersBane","Bash","Bludgeon+1","Whirlwind+1","Armaments+1","Evolve+1","Disarm","Battle Trance","Fiend Fire","Spot Weakness","Necronomicurse","Ghostly","Ghostly","Ghostly","Shockwave","Second Wind","Shrug It Off","True Grit","Double Tap","Demon Form+1","Iron Wave","Fiend Fire","Evolve+1","Whirlwind","Reaper","Dropkick","Headbutt","Battle Trance","Feel No Pain+1","Dropkick+1","Corruption+1","Clothesline+1","Apotheosis","Sword Boomerang+1"],"relics":["Burning Blood","Incense Burner","Lantern","Thread and Needle","Boot","Dodecahedron","Fusion Hammer","Necronomicon","Bronze Scales","Dream Catcher","Ancient Tea Set","Frozen Egg 2","Omamori","Pandora\u0027s Box","Strawberry","Molten Egg 2","Mango","Girya","Pen Nib"],"potions_floor_usage":[11,16,16,28,33,33,37,40,45,56],"damage_taken":[{"damage":10,"enemies":"Small Slimes","floor":1,"turns":4},{"damage":7,"enemies":"Jaw Worm","floor":3,"turns":2},{"damage":35,"enemies":"Lagavulin","floor":6,"turns":7},{"damage":0,"enemies":"2 Louse","floor":8,"turns":3},{"damage":3,"enemies":"Large Slime","floor":10,"turns":5},{"damage":2,"enemies":"Gremlin Nob","floor":11,"turns":3},{"damage":17,"enemies":"Lagavulin","floor":14,"turns":7},{"damage":14,"enemies":"Hexaghost","floor":16,"turns":6},{"damage":18,"enemies":"2 Thieves","floor":18,"turns":3},{"damage":3,"enemies":"3 Byrds","floor":19,"turns":4},{"damage":0,"enemies":"Slavers","floor":23,"turns":1},{"damage":0,"enemies":"Gremlin Leader","floor":25,"turns":3},{"damage":7,"enemies":"Book of Stabbing","floor":28,"turns":4},{"damage":0,"enemies":"3 Cultists","floor":30,"turns":3},{"damage":17,"enemies":"Centurion and Healer","floor":31,"turns":4},{"damage":13,"enemies":"Champ","floor":33,"turns":6},{"damage":0,"enemies":"3 Darklings","floor":35,"turns":2},{"damage":21,"enemies":"3 Shapes","floor":37,"turns":3},{"damage":0,"enemies":"3 Darklings","floor":39,"turns":2},{"damage":33,"enemies":"Giant Head","floor":40,"turns":6},{"damage":17,"enemies":"Sphere and 2 Shapes","floor":42,"turns":5},{"damage":3,"enemies":"4 Shapes","floor":44,"turns":3},{"damage":0,"enemies":"Reptomancer","floor":45,"turns":5},{"damage":31,"enemies":"Giant Head","floor":47,"turns":7},{"damage":0,"enemies":"Maw","floor":48,"turns":6},{"damage":22,"enemies":"Donu and Deca","floor":50,"turns":6},{"damage":34,"enemies":"Time Eater","floor":51,"turns":8},{"damage":13,"enemies":"Shield and Spear","floor":55,"turns":6},{"damage":39,"enemies":"The Heart","floor":56,"turns":9}],"seed_played":"477920046015097412","potions_obtained":[{"floor":1,"key":"Energy Potion"},{"floor":8,"key":"FearPotion"},{"floor":11,"key":"Strength Potion"},{"floor":19,"key":"SteroidPotion"},{"floor":25,"key":"LiquidBronze"},{"floor":30,"key":"Strength Potion"},{"floor":35,"key":"SteroidPotion"},{"floor":39,"key":"SkillPotion"},{"floor":42,"key":"Regen Potion"},{"floor":44,"key":"Swift Potion"}],"is_trial":false,"path_per_floor":["M","$","M","?","?","E","R","M","T","M","E","R","$","E","R","B",null,"M","M","?","?","?","E","R","E","T","?","E","?","M","M","R","B",null,"M","?","M","$","M","E","R","M","T","M","E","?","E","M","R","B","B",null,"R","$","E","B",null],"character_chosen":"IRONCLAD","items_purchased":["Whirlwind","Evolve","Disarm","Apotheosis","FearPotion","Sword Boomerang+1"],"campfire_rested":2,"item_purchase_floors":[2,13,13,54,54,54],"current_hp_per_floor":[64,64,63,45,50,21,21,27,27,30,34,34,34,23,23,15,59,47,50,50,29,29,35,35,36,36,36,35,35,36,25,35,28,34,36,31,36,36,36,16,28,33,33,43,43,57,51,57,57,57,40,53,53,53,50,57],"gold":71,"neow_bonus":"THREE_RARE_CARDS","is_prod":false,"is_daily":false,"chose_seed":false,"campfire_upgraded":3,"win_rate":0,"timestamp":1563605768,"path_taken":["M","$","M","?","?","E","R","M","T","M","E","R","?","E","R","BOSS","M","M","?","?","?","E","R","E","T","?","E","?","M","?","R","BOSS","M","?","M","$","?","E","R","M","T","M","E","?","E","M","R","BOSS","BOSS","R","$","E","BOSS"],"build_version":"2019-07-17","purchased_purges":2,"victory":true,"max_hp_per_floor":[68,68,68,68,73,73,73,73,73,73,73,73,73,73,73,73,73,73,73,73,73,36,36,36,36,36,36,36,36,36,36,36,36,36,36,36,36,36,36,43,43,43,43,43,43,57,57,57,57,57,57,57,57,57,57,57],"card_choices":[{"not_picked":["Brutality","Impervious"],"picked":"Bludgeon","floor":0},{"not_picked":["Metallicize","Clothesline","Clash"],"picked":"SKIP","floor":1},{"not_picked":["Rampage","Clothesline","Headbutt"],"picked":"SKIP","floor":3},{"not_picked":["Fire Breathing","True Grit","Brutality"],"picked":"SKIP","floor":6},{"not_picked":["Uppercut","Combust"],"picked":"Armaments","floor":8},{"not_picked":["Thunderclap","Ghostly Armor","Fire Breathing"],"picked":"SKIP","floor":10},{"not_picked":["Heavy Blade","Warcry","Blood for Blood"],"picked":"SKIP","floor":11},{"not_picked":["Seeing Red","Wild Strike"],"picked":"Battle Trance","floor":14},{"not_picked":["Brutality","Berserk"],"picked":"Fiend Fire","floor":16},{"not_picked":["Ghostly Armor","Cleave","Iron Wave"],"picked":"SKIP","floor":18},{"not_picked":["Body Slam","Perfected Strike"],"picked":"Spot Weakness","floor":19},{"not_picked":["Twin Strike","Anger"],"picked":"Shockwave","floor":23},{"not_picked":["Spot Weakness","Rage+1"],"picked":"Second Wind","floor":25},{"not_picked":["Dropkick","Bloodletting"],"picked":"Shrug It Off","floor":28},{"not_picked":["Clothesline","Shrug It Off"],"picked":"True Grit","floor":30},{"not_picked":["Cleave","Reckless Charge"],"picked":"Double Tap","floor":31},{"not_picked":["Immolate","Reaper"],"picked":"Demon Form+1","floor":33},{"not_picked":["Cleave","Anger","Heavy Blade"],"picked":"SKIP","floor":35},{"not_picked":["Searing Blow","Armaments"],"picked":"Battle Trance","floor":37},{"not_picked":["Uppercut","Wild Strike","Flex"],"picked":"SKIP","floor":39},{"not_picked":["Wild Strike","Uppercut","Armaments"],"picked":"SKIP","floor":40},{"not_picked":["Fiend Fire","Body Slam"],"picked":"Feel No Pain+1","floor":42},{"not_picked":["Carnage+1","Sword Boomerang"],"picked":"Dropkick+1","floor":44},{"not_picked":["Clothesline","Flex","Clash"],"picked":"SKIP","floor":45},{"not_picked":["Clothesline","Flex","Clash"],"picked":"SKIP","floor":45},{"not_picked":["Combust+1","Sentinel"],"picked":"Corruption+1","floor":47},{"not_picked":["Anger+1","Reckless Charge+1","Clothesline+1"],"picked":"SKIP","floor":48},{"not_picked":["Anger+1","Reckless Charge+1"],"picked":"Clothesline+1","floor":48},{"not_picked":["Bloodletting","Seeing Red","Clothesline+1"],"picked":"SKIP","floor":55}],"player_experience":1100251,"relics_obtained":[{"floor":6,"key":"Lantern"},{"floor":9,"key":"Thread and Needle"},{"floor":11,"key":"Boot"},{"floor":14,"key":"Dodecahedron"},{"floor":21,"key":"Necronomicon"},{"floor":23,"key":"Bronze Scales"},{"floor":25,"key":"Dream Catcher"},{"floor":26,"key":"Ancient Tea Set"},{"floor":28,"key":"Omamori"},{"floor":40,"key":"Strawberry"},{"floor":45,"key":"Molten Egg 2"},{"floor":47,"key":"Girya"},{"floor":55,"key":"Pen Nib"}],"event_choices":[{"damage_healed":0,"gold_gain":0,"player_choice":"Success","damage_taken":18,"relics_obtained":["Incense Burner"],"max_hp_gain":0,"max_hp_loss":0,"event_name":"Scrap Ooze","floor":4,"gold_loss":0},{"damage_healed":0,"gold_gain":0,"player_choice":"Donut","damage_taken":0,"max_hp_gain":5,"max_hp_loss":0,"event_name":"Big Fish","floor":5,"gold_loss":0},{"damage_healed":0,"gold_gain":50,"player_choice":"Stole From Cult","damage_taken":0,"max_hp_gain":0,"max_hp_loss":0,"event_name":"Nest","floor":20,"gold_loss":0},{"damage_healed":0,"gold_gain":0,"player_choice":"Obtained Book","damage_taken":21,"max_hp_gain":0,"max_hp_loss":0,"event_name":"Cursed Tome","floor":21,"gold_loss":0},{"damage_healed":0,"gold_gain":0,"player_choice":"Became a Ghost","damage_taken":0,"max_hp_gain":0,"max_hp_loss":37,"event_name":"Ghosts","floor":22,"gold_loss":0,"cards_obtained":["Ghostly","Ghostly","Ghostly"]},{"damage_healed":0,"gold_gain":0,"player_choice":"Obtained Relic","damage_taken":0,"relics_obtained":["Frozen Egg 2"],"max_hp_gain":0,"max_hp_loss":0,"event_name":"Addict","floor":27,"gold_loss":85},{"damage_healed":0,"gold_gain":0,"player_choice":"Upgraded","damage_taken":0,"max_hp_gain":0,"max_hp_loss":0,"event_name":"Upgrade Shrine","floor":29,"gold_loss":0,"cards_upgraded":["Evolve"]},{"damage_healed":0,"gold_gain":0,"player_choice":"Damaged","damage_taken":5,"max_hp_gain":0,"max_hp_loss":0,"event_name":"Wheel of Change","floor":36,"gold_loss":0},{"damage_healed":0,"gold_gain":0,"player_choice":"Gave Potion","damage_taken":0,"relics_obtained":["Mango"],"max_hp_gain":0,"max_hp_loss":0,"event_name":"WeMeetAgain","floor":46,"gold_loss":0}],"is_beta":false,"boss_relics":[{"not_picked":["Orrery","Busted Crown"],"picked":"Fusion Hammer"},{"not_picked":["Runic Dome","Mark of Pain"],"picked":"Pandora\u0027s Box"}],"items_purged_floors":[38,54],"is_endless":false,"potions_floor_spawned":[1,8,11,14,19,25,30,31,35,39,42,44],"ascension_level":20}