{"gold_per_floor":[117,8,8,8,8,34,34,62,62,73,93,109,109,143,143,216,216,226,226,55,68,48,48,62,97,97,117,117,135,135,60,60,60],"floor_reached":33,"playtime":789,"items_purged":[],"score":666,"play_id":"5afa0281-c1ea-4642-aeb5-a069f5a4cff3","local_time":"20190715170054","is_ascension_mode":true,"campfire_choices":[{"data":"Carnage","floor":13,"key":"SMITH"},{"data":"Inflame","floor":15,"key":"SMITH"},{"data":"Offering","floor":23,"key":"SMITH"},{"data":"Double Tap","floor":28,"key":"SMITH"},{"data":"Cleave","floor":30,"key":"SMITH"},{"data":"Bash","floor":32,"key":"SMITH"}],"neow_cost":"NONE","seed_source_timestamp":227537541265400,"circlet_count":0,"master_deck":["AscendersBane","Strike_R","Strike_R+1","Strike_R","Strike_R","Defend_R","Defend_R","Defend_R","Defend_R","Bash+1","Seeing Red","Feel No Pain+1","Cleave+1","Carnage+1","Double Tap+1","Inflame+1","Disarm","Offering+1","Evolve","Shrug It Off","Sword Boomerang+1"],"relics":["Burning Blood","NeowsBlessing","Kunai","Orichalcum","Matryoshka","FossilizedHelix","Anchor","Regal Pillow","Philosopher\u0027s Stone","Bag of Preparation","Pen Nib","The Courier","Letter Opener"],"potions_floor_usage":[16,25,25,25,27,33,33],"damage_taken":[{"damage":0,"enemies":"Small Slimes","floor":1,"turns":1},{"damage":0,"enemies":"3 Sentries","floor":6,"turns":2},{"damage":0,"enemies":"Gremlin Nob","floor":8,"turns":1},{"damage":0,"enemies":"Jaw Worm","floor":10,"turns":4},{"damage":0,"enemies":"Cultist","floor":11,"turns":3},{"damage":0,"enemies":"Exordium Thugs","floor":12,"turns":3},{"damage":14,"enemies":"Lagavulin","floor":14,"turns":5},{"damage":18,"enemies":"Slime Boss","floor":16,"turns":11},{"damage":0,"enemies":"Shell Parasite","floor":18,"turns":2},{"damage":12,"enemies":"2 Thieves","floor":21,"turns":4},{"damage":6,"enemies":"Centurion and Healer","floor":24,"turns":4},{"damage":15,"enemies":"Slavers","floor":25,"turns":5},{"damage":4,"enemies":"3 Cultists","floor":27,"turns":4},{"damage":21,"enemies":"Snake Plant","floor":29,"turns":3},{"damage":96,"enemies":"Collector","floor":33,"turns":7}],"seed_played":"-7741836902501933721","potions_obtained":[{"floor":1,"key":"Regen Potion"},{"floor":8,"key":"Strength Potion"},{"floor":19,"key":"EntropicBrew"},{"floor":25,"key":"Strength Potion"},{"floor":27,"key":"LiquidBronze"},{"floor":29,"key":"SkillPotion"}],"is_trial":false,"path_per_floor":["M","$","?","?","$","E","T","E","T","M","M","M","R","E","R","B",null,"M","?","$","M","?","R","M","E","T","M","R","M","R","?","R","B"],"character_chosen":"IRONCLAD","items_purchased":["Feel No Pain","Cleave","Bag of Preparation"],"campfire_rested":0,"item_purchase_floors":[2,2,20],"current_hp_per_floor":[74,74,51,33,33,39,39,45,45,51,57,63,63,55,55,43,67,73,73,73,67,67,67,67,72,72,74,74,59,59,59,59,0],"gold":60,"neow_bonus":"THREE_ENEMY_KILL","is_prod":false,"is_daily":false,"chose_seed":false,"campfire_upgraded":6,"win_rate":0,"timestamp":1563177654,"path_taken":["M","$","?","?","?","E","?","E","T","M","M","M","R","E","R","BOSS","M","?","?","?","?","R","M","E","T","?","R","M","R","?","R","BOSS"],"build_version":"2019-07-05","purchased_purges":0,"victory":false,"max_hp_per_floor":[75,75,75,75,75,75,75,75,75,75,75,75,75,75,75,75,75,75,75,75,75,75,75,75,75,75,75,75,75,75,75,75,75],"card_choices":[{"not_picked":["Sword Boomerang","Reckless Charge"],"picked":"Seeing Red","floor":1},{"not_picked":["Perfected Strike","True Grit"],"picked":"Carnage","floor":6},{"not_picked":["Clash","Rupture","Rampage"],"picked":"SKIP","floor":8},{"not_picked":["Wild Strike","Clash"],"picked":"Double Tap","floor":10},{"not_picked":["Heavy Blade","Sword Boomerang"],"picked":"Inflame","floor":11},{"not_picked":["Clash","Wild Strike","Hemokinesis"],"picked":"SKIP","floor":12},{"not_picked":["Carnage","Havoc"],"picked":"Disarm","floor":14},{"not_picked":["Impervious","Juggernaut"],"picked":"Offering","floor":16},{"not_picked":["Cleave","Iron Wave"],"picked":"Evolve","floor":18},{"not_picked":["Rupture","Sentinel"],"picked":"Shrug It Off","floor":21},{"not_picked":["Evolve","Flex","Wild Strike"],"picked":"SKIP","floor":24},{"not_picked":["Corruption","Metallicize"],"picked":"Sword Boomerang+1","floor":25},{"not_picked":["Clash","Twin Strike","Flex"],"picked":"SKIP","floor":27},{"not_picked":["Infernal Blade","Body Slam","Pommel Strike"],"picked":"SKIP","floor":29},{"not_picked":["Infernal Blade","Body Slam","Pommel Strike"],"picked":"SKIP","floor":29}],"player_experience":1042020,"relics_obtained":[{"floor":6,"key":"Orichalcum"},{"floor":7,"key":"Matryoshka"},{"floor":8,"key":"FossilizedHelix"},{"floor":9,"key":"Anchor"},{"floor":14,"key":"Regal Pillow"},{"floor":25,"key":"Pen Nib"},{"floor":26,"key":"The Courier"},{"floor":26,"key":"Letter Opener"}],"event_choices":[{"damage_healed":0,"gold_gain":0,"player_choice":"Entered Light","damage_taken":23,"max_hp_gain":0,"max_hp_loss":0,"event_name":"Shining Light","floor":3,"gold_loss":0,"cards_upgraded":["Strike_R","Feel No Pain"]},{"damage_healed":0,"gold_gain":0,"player_choice":"Success","damage_taken":18,"relics_obtained":["Kunai"],"max_hp_gain":0,"max_hp_loss":0,"event_name":"Scrap Ooze","floor":4,"gold_loss":0},{"damage_healed":0,"gold_gain":0,"player_choice":"Got Potions","damage_taken":0,"max_hp_gain":0,"max_hp_loss":0,"event_name":"Lab","floor":19,"gold_loss":0},{"damage_healed":0,"gold_gain":0,"player_choice":"Bought 1 Potion","damage_taken":0,"max_hp_gain":0,"max_hp_loss":0,"event_name":"The Woman in Blue","floor":22,"gold_loss":0},{"cards_removed":["Strike_R"],"damage_healed":0,"gold_gain":0,"player_choice":"Gave Gold","damage_taken":0,"max_hp_gain":0,"max_hp_loss":0,"event_name":"Beggar","floor":31,"gold_loss":75}],"is_beta":false,"boss_relics":[{"not_picked":["Busted Crown","Eternal Feather"],"picked":"Philosopher\u0027s Stone"}],"items_purged_floors":[],"is_endless":false,"potions_floor_spawned":[1,8,12,14,24,25,27,29],"killed_by":"Collector","ascension_level":20}