{"gold_per_floor":[142,142,159,84,103,103,118,118,118,136,154,189,189,209,209,285,285,301,351,11,25,25,51,51,78,127,145,145,145,176,191,191,265,265,275,291,102,128,128,128,162,162,212,212,239,249,281,281],"floor_reached":48,"playtime":3162,"items_purged":["Strike_G","Strike_G"],"score":1310,"play_id":"ae266c43-683c-4940-a9bf-27c28210e5a8","local_time":"20190714115735","is_ascension_mode":true,"campfire_choices":[{"data":"Footwork","floor":6.0,"key":"SMITH"},{"data":"Reflex","floor":13.0,"key":"SMITH"},{"data":"Neutralize","floor":15.0,"key":"SMITH"},{"data":"Cloak And Dagger","floor":24.0,"key":"SMITH"},{"floor":28.0,"key":"REST"},{"data":"Cloak And Dagger","floor":32.0,"key":"SMITH"},{"data":"Envenom","floor":40.0,"key":"SMITH"},{"data":"Deep Breath","floor":42.0,"key":"SMITH"},{"data":"Backflip","floor":44.0,"key":"SMITH"}],"neow_cost":"NONE","seed_source_timestamp":120425265599100,"circlet_count":0,"master_deck":["AscendersBane","Defend_G","Defend_G+1","Defend_G","Defend_G","Survivor","Neutralize+1","Footwork+1","Cloak And Dagger+1","Dash","Cloak And Dagger+1","All Out Attack","Acrobatics+1","Reflex+1","Deflect","Grand Finale","PiercingWail","Backflip+1","Corpse Explosion","Underhanded Strike","Acrobatics","Envenom+1","Caltrops","Blur","Deep Breath+1","Blur","Footwork","Acrobatics","Infinite Blades+1"],"special_seed":0,"relics":["Ring of the Snake","Tiny Chest","Mercury Hourglass","Sundial","HoveringKite","Kunai","Enchiridion","Anchor","War Paint","Ornamental Fan","Empty Cage","Vajra","Molten Egg 2","Snake Skull","Frozen Egg 2"],"potions_floor_usage":[46],"damage_taken":[{"damage":0.0,"enemies":"2 Louse","floor":1.0,"turns":4.0},{"damage":0.0,"enemies":"Cultist","floor":3.0,"turns":5.0},{"damage":0.0,"enemies":"Small Slimes","floor":5.0,"turns":6.0},{"damage":0.0,"enemies":"Red Slaver","floor":7.0,"turns":8.0},{"damage":0.0,"enemies":"Exordium Wildlife","floor":10.0,"turns":3.0},{"damage":0.0,"enemies":"Large Slime","floor":11.0,"turns":7.0},{"damage":15.0,"enemies":"Gremlin Nob","floor":12.0,"turns":4.0},{"damage":0.0,"enemies":"Red Slaver","floor":14.0,"turns":4.0},{"damage":24.0,"enemies":"The Guardian","floor":16.0,"turns":19.0},{"damage":12.0,"enemies":"Chosen","floor":18.0,"turns":7.0},{"damage":0.0,"enemies":"3 Byrds","floor":21.0,"turns":2.0},{"damage":1.0,"enemies":"Book of Stabbing","floor":23.0,"turns":6.0},{"damage":11.0,"enemies":"Slavers","floor":25.0,"turns":7.0},{"damage":0.0,"enemies":"Centurion and Healer","floor":27.0,"turns":7.0},{"damage":4.0,"enemies":"Book of Stabbing","floor":30.0,"turns":7.0},{"damage":7.0,"enemies":"Sentry and Sphere","floor":31.0,"turns":4.0},{"damage":11.0,"enemies":"Automaton","floor":33.0,"turns":18.0},{"damage":0.0,"enemies":"3 Shapes","floor":35.0,"turns":4.0},{"damage":13.0,"enemies":"Orb Walker","floor":36.0,"turns":4.0},{"damage":0.0,"enemies":"Spire Growth","floor":39.0,"turns":2.0},{"damage":0.0,"enemies":"Nemesis","floor":41.0,"turns":7.0},{"damage":19.0,"enemies":"Reptomancer","floor":45.0,"turns":10.0},{"damage":13,"enemies":"3 Darklings","floor":46,"turns":4},{"damage":0,"enemies":"Nemesis","floor":47,"turns":17},{"damage":8,"enemies":"Jaw Worm Horde","floor":48,"turns":2}],"seed_played":"6741277652480940636","potions_obtained":[{"floor":1.0,"key":"Energy Potion"},{"floor":5.0,"key":"EssenceOfSteel"},{"floor":8.0,"key":"GhostInAJar"},{"floor":10.0,"key":"Fire Potion"},{"floor":16.0,"key":"GamblersBrew"},{"floor":18.0,"key":"Swift Potion"},{"floor":27.0,"key":"Poison Potion"},{"floor":30.0,"key":"SmokeBomb"},{"floor":33.0,"key":"Ancient Potion"},{"floor":45,"key":"GamblersBrew"},{"floor":47,"key":"Swift Potion"}],"is_trial":false,"path_per_floor":["M","?","M","$","M","R","M","?","T","M","M","E","R","M","R","B",null,"M","?","$","M","?","E","R","E","T","M","R","?","E","M","R","B",null,"M","M","$","T","M","R","E","R","T","R","E","M","E","M"],"character_chosen":"THE_SILENT","items_purchased":["Kunai","Fire Potion","Deep Breath"],"campfire_rested":1,"item_purchase_floors":[20,20,37],"current_hp_per_floor":[59,59,59,59,59,59,59,59,59,59,59,44,44,44,44,20,55,43,43,43,43,22,21,21,10,10,10,29,29,25,18,18,7,51,51,38,38,38,38,38,38,38,38,38,19,6,6,0],"gold":281,"neow_bonus":"RANDOM_COMMON_RELIC","is_prod":false,"is_daily":false,"chose_seed":false,"campfire_upgraded":8,"win_rate":0,"timestamp":1563073055,"path_taken":["M","?","?","?","M","R","?","?","T","?","M","E","R","M","R","BOSS","M","?","$","M","?","E","R","E","T","M","R","?","E","M","R","BOSS","M","M","$","?","M","R","E","R","T","R","E","M","E","M"],"build_version":"2019-07-05","purchased_purges":2,"victory":false,"max_hp_per_floor":[66,66,66,66,66,66,66,66,66,66,66,66,66,66,66,66,66,66,66,66,66,66,66,66,66,66,66,66,66,66,66,66,66,66,66,66,66,66,66,66,66,66,66,66,66,66,66,66],"card_choices":[{"not_picked":["Deflect","Prepared"],"picked":"Footwork","floor":1.0},{"not_picked":["Sucker Punch","Leg Sweep"],"picked":"Cloak And Dagger","floor":3.0},{"not_picked":["Dash","Blade Dance","Cloak And Dagger"],"picked":"SKIP","floor":5.0},{"not_picked":["Dash","Blade Dance","Cloak And Dagger"],"picked":"SKIP","floor":5.0},{"not_picked":["Blade Dance","Cloak And Dagger"],"picked":"Dash","floor":5.0},{"not_picked":["Bane","Bullet Time"],"picked":"Cloak And Dagger","floor":7.0},{"not_picked":["Terror","Flying Knee"],"picked":"All Out Attack","floor":10.0},{"not_picked":["Finisher","Flying Knee"],"picked":"Acrobatics","floor":11.0},{"not_picked":["Flechettes","Outmaneuver"],"picked":"Reflex","floor":12.0},{"not_picked":["Caltrops","Prepared"],"picked":"Deflect","floor":14.0},{"not_picked":["Doppelganger","After Image"],"picked":"Grand Finale","floor":16.0},{"not_picked":["Dodge and Roll","Flying Knee","Poisoned Stab"],"picked":"SKIP","floor":18.0},{"not_picked":["Skewer","Bane"],"picked":"PiercingWail","floor":21.0},{"not_picked":["PiercingWail","Blade Dance+1"],"picked":"Backflip","floor":23.0},{"not_picked":["Riddle With Holes","Dagger Spray"],"picked":"Corpse Explosion","floor":25.0},{"not_picked":["Backstab","Bouncing Flask"],"picked":"Underhanded Strike","floor":27.0},{"not_picked":["Deflect","Concentrate"],"picked":"Acrobatics","floor":30.0},{"not_picked":["Flechettes","Riddle With Holes+1","Cloak And Dagger"],"picked":"SKIP","floor":31.0},{"not_picked":["Wraith Form v2","Phantasmal Killer"],"picked":"Envenom","floor":33.0},{"not_picked":["Heel Hook+1","Endless Agony"],"picked":"Caltrops","floor":35.0},{"not_picked":["Quick Slash","Setup+1"],"picked":"Blur","floor":36.0},{"not_picked":["Backstab","Terror"],"picked":"Blur","floor":41.0},{"not_picked":["Expertise","Outmaneuver"],"picked":"Footwork","floor":45},{"not_picked":["Deadly Poison","Bane+1"],"picked":"Acrobatics","floor":46},{"not_picked":["Outmaneuver+1","Dagger Throw+1"],"picked":"Infinite Blades+1","floor":47}],"player_experience":1017725,"relics_obtained":[{"floor":9.0,"key":"Mercury Hourglass"},{"floor":12.0,"key":"Sundial"},{"floor":22.0,"key":"Enchiridion"},{"floor":25.0,"key":"Anchor"},{"floor":26.0,"key":"War Paint"},{"floor":30.0,"key":"Ornamental Fan"},{"floor":38.0,"key":"Vajra"},{"floor":41.0,"key":"Molten Egg 2"},{"floor":45,"key":"Snake Skull"},{"floor":47,"key":"Frozen Egg 2"}],"event_choices":[{"cards_removed":["Strike_G"],"damage_healed":0.0,"max_hp_gain":0.0,"max_hp_loss":0.0,"gold_gain":0.0,"event_name":"Bonfire Elementals","player_choice":"Offered Basic","floor":2.0,"gold_loss":0.0,"damage_taken":0.0},{"damage_healed":0.0,"max_hp_gain":0.0,"max_hp_loss":0.0,"gold_gain":0.0,"event_name":"Lab","player_choice":"Got Potions","floor":8.0,"gold_loss":0.0,"damage_taken":0.0},{"damage_healed":0.0,"max_hp_gain":0.0,"max_hp_loss":0.0,"gold_gain":50.0,"event_name":"Nest","player_choice":"Stole From Cult","floor":19.0,"gold_loss":0.0,"damage_taken":0.0},{"damage_healed":0.0,"max_hp_gain":0.0,"max_hp_loss":0.0,"gold_gain":0.0,"event_name":"Cursed Tome","player_choice":"Obtained Book","floor":22.0,"gold_loss":0.0,"damage_taken":21.0},{"cards_removed":["Strike_G"],"damage_healed":0.0,"max_hp_gain":0.0,"max_hp_loss":0.0,"gold_gain":0.0,"event_name":"Wheel of Change","player_choice":"Card Removal","floor":29.0,"gold_loss":0.0,"damage_taken":0.0}],"is_beta":false,"boss_relics":[{"not_picked":["Orrery","Busted Crown"],"picked":"HoveringKite"},{"not_picked":["White Beast Statue","Lizard Tail"],"picked":"Empty Cage"}],"items_purged_floors":[4,37],"is_endless":false,"potions_floor_spawned":[1,5,10,16,18,27,30,33,35,39,45,47],"killed_by":"Jaw Worm Horde","ascension_level":20}