{"gold_per_floor":[217,232,247,164,181,181,191,219,274,289,289,564,86,139,139,233,233,263,280,330,33,33,33,66,66,66,111,127,127],"floor_reached":29,"playtime":2732,"items_purged":["Regret"],"score":530,"play_id":"bb28c5ad-2cdc-4d05-97ad-39a2a748e031","local_time":"20190525145607","is_ascension_mode":true,"campfire_choices":[{"data":"Neutralize","floor":6.0,"key":"SMITH"},{"data":"Noxious Fumes","floor":11,"key":"SMITH"},{"data":"Predator","floor":15,"key":"SMITH"},{"data":"Wraith Form v2","floor":23,"key":"SMITH"},{"data":"HandOfGreed","floor":25,"key":"SMITH"}],"neow_cost":"NONE","seed_source_timestamp":240922945377490,"circlet_count":0,"master_deck":["AscendersBane","Defend_G","Defend_G","Defend_G","Defend_G","Defend_G","Strike_G","Strike_G","Strike_G","Strike_G","Strike_G","Survivor","Neutralize+1","Flying Knee","Underhanded Strike","Sucker Punch","Noxious Fumes+1","Prepared","Dagger Spray","Cloak And Dagger","Blur","HandOfGreed+1","Predator+1","Wraith Form v2+1","Crippling Poison","Acrobatics","Acrobatics+1"],"special_seed":0,"relics":["Ring of the Snake","Mango","Anchor","Sling","Velvet Choker","Red Mask","PreservedInsect","Blue Candle","Blood Vial"],"potions_floor_usage":[8,8,8,16,18,19,27,28],"damage_taken":[{"damage":0.0,"enemies":"Small Slimes","floor":1.0,"turns":5.0},{"damage":4.0,"enemies":"Cultist","floor":2.0,"turns":5.0},{"damage":1.0,"enemies":"2 Louse","floor":3.0,"turns":3.0},{"damage":4.0,"enemies":"Looter","floor":5.0,"turns":4.0},{"damage":3.0,"enemies":"Red Slaver","floor":7.0,"turns":3.0},{"damage":14,"enemies":"3 Sentries","floor":8,"turns":6},{"damage":0,"enemies":"2 Fungi Beasts","floor":10,"turns":3},{"damage":4,"enemies":"Gremlin Gang","floor":14,"turns":6},{"damage":20,"enemies":"Slime Boss","floor":16,"turns":6},{"damage":15,"enemies":"Shell Parasite","floor":18,"turns":7},{"damage":7,"enemies":"Chosen","floor":19,"turns":5},{"damage":29,"enemies":"Masked Bandits","floor":20,"turns":6},{"damage":0,"enemies":"Gremlin Leader","floor":24,"turns":6},{"damage":8,"enemies":"Centurion and Healer","floor":27,"turns":6},{"damage":24,"enemies":"Cultist and Chosen","floor":28,"turns":9},{"damage":5,"enemies":"Book of Stabbing","floor":29,"turns":5}],"seed_played":"9101492539770257107","potions_obtained":[{"floor":1.0,"key":"EntropicBrew"},{"floor":2.0,"key":"GamblersBrew"},{"floor":7.0,"key":"Poison Potion"},{"floor":8,"key":"SkillPotion"},{"floor":14,"key":"Energy Potion"},{"floor":16,"key":"AttackPotion"},{"floor":19,"key":"Weak Potion"}],"is_trial":false,"path_per_floor":["M","M","M","$","M","R","M","E","T","M","R","?","$","M","R","B",null,"M","M","?","$","?","R","E","R","T","M","M","E"],"character_chosen":"THE_SILENT","items_purchased":["Noxious Fumes","HandOfGreed","Sling","Crippling Poison","PreservedInsect","PowerPotion"],"campfire_rested":0,"item_purchase_floors":[4,13,13,21,21,21],"current_hp_per_floor":[59,55,54,54,50,50,47,47,47,47,47,47,47,43,43,23,66,51,44,15,15,31,31,31,31,31,25,3,0],"gold":127,"neow_bonus":"HUNDRED_GOLD","is_prod":false,"is_daily":false,"chose_seed":false,"campfire_upgraded":5,"win_rate":0,"timestamp":1558788967,"path_taken":["M","M","M","$","M","R","M","E","T","M","R","?","$","?","R","BOSS","M","M","?","$","?","R","E","R","T","M","M","E"],"build_version":"2019-01-23","purchased_purges":1,"victory":false,"max_hp_per_floor":[66,66,66,66,66,66,66,80,80,80,80,80,80,80,80,80,80,80,80,80,80,80,80,80,80,80,80,80,80],"card_choices":[{"not_picked":["Terror","Sucker Punch"],"picked":"Flying Knee","floor":1.0},{"not_picked":["Cloak And Dagger","Blur"],"picked":"Underhanded Strike","floor":2.0},{"not_picked":["Underhanded Strike","Dodge and Roll"],"picked":"Sucker Punch","floor":3.0},{"not_picked":["Concentrate","Expertise"],"picked":"Prepared","floor":5.0},{"not_picked":["Tactician","Deflect"],"picked":"Dagger Spray","floor":7.0},{"not_picked":["Acrobatics","Doppelganger"],"picked":"Cloak And Dagger","floor":8},{"not_picked":["Bouncing Flask","Cloak And Dagger"],"picked":"Blur","floor":10},{"not_picked":["Quick Slash","Finisher"],"picked":"Predator","floor":14},{"not_picked":["Adrenaline","Venomology"],"picked":"Wraith Form v2","floor":16},{"not_picked":["Dodge and Roll","Blade Dance"],"picked":"Acrobatics","floor":24},{"not_picked":["Flying Knee","Poisoned Stab"],"picked":"Acrobatics+1","floor":27},{"not_picked":["Outmaneuver","Deadly Poison","Flying Knee"],"picked":"SKIP","floor":28}],"player_experience":952509,"relics_obtained":[{"floor":8,"key":"Mango"},{"floor":9,"key":"Anchor"},{"floor":20,"key":"Red Mask"},{"floor":24,"key":"Blue Candle"},{"floor":26,"key":"Blood Vial"}],"event_choices":[{"damage_healed":0,"gold_gain":275,"player_choice":"Desecrate","damage_taken":0,"max_hp_gain":0,"max_hp_loss":0,"event_name":"Golden Shrine","floor":12,"gold_loss":0,"cards_obtained":["Regret"]},{"damage_healed":0,"gold_gain":0,"player_choice":"Fought Bandits","damage_taken":0,"max_hp_gain":0,"max_hp_loss":0,"event_name":"Masked Bandits","floor":20,"gold_loss":0},{"damage_healed":16,"gold_gain":0,"player_choice":"Heal","damage_taken":0,"max_hp_gain":0,"max_hp_loss":0,"event_name":"The Library","floor":22,"gold_loss":0}],"is_beta":false,"boss_relics":[{"not_picked":["Black Star","Orrery"],"picked":"Velvet Choker"}],"items_purged_floors":[13],"is_endless":false,"potions_floor_spawned":[1,2,7,8,14,16,19],"killed_by":"Book of Stabbing","ascension_level":19}