{"gold_per_floor":[113,123,143,160,2,2,13,13,84,112,128,128,144,144,144,218,218,234,250,250,250],"floor_reached":21,"playtime":962,"items_purged":[],"score":348,"play_id":"2cec84f7-75b3-4952-ade2-18c21fab377c","local_time":"20190726151326","is_ascension_mode":true,"campfire_choices":[{"data":"Noxious Fumes","floor":6,"key":"SMITH"},{"floor":8,"key":"REST"},{"floor":12,"key":"REST"},{"floor":15,"key":"REST"}],"neow_cost":"NONE","seed_source_timestamp":593783174146808,"circlet_count":0,"master_deck":["AscendersBane","Strike_G","Strike_G","Strike_G","Strike_G","Strike_G","Defend_G","Defend_G","Defend_G","Defend_G","Defend_G","Survivor","Neutralize","Noxious Fumes+1","Underhanded Strike","Acrobatics","Flying Knee","Calculated Gamble","Acrobatics","Bane+1","Dagger Throw+1","Corpse Explosion","Acrobatics","Prepared"],"relics":["Ring of the Snake","NeowsBlessing","Snake Skull","Molten Egg 2","Torii","Black Star"],"potions_floor_usage":[4,11,16,21],"damage_taken":[{"damage":0,"enemies":"Jaw Worm","floor":1,"turns":1},{"damage":0,"enemies":"2 Louse","floor":2,"turns":1},{"damage":0,"enemies":"Cultist","floor":3,"turns":1},{"damage":1,"enemies":"3 Louse","floor":4,"turns":5},{"damage":9,"enemies":"Red Slaver","floor":7,"turns":4},{"damage":7,"enemies":"3 Sentries","floor":10,"turns":6},{"damage":23,"enemies":"Exordium Thugs","floor":11,"turns":5},{"damage":15,"enemies":"Gremlin Gang","floor":13,"turns":4},{"damage":8,"enemies":"The Guardian","floor":16,"turns":9},{"damage":41,"enemies":"2 Thieves","floor":18,"turns":4},{"damage":8,"enemies":"Chosen","floor":19,"turns":5},{"damage":28,"enemies":"Snake Plant","floor":21,"turns":3}],"seed_played":"1370370147531624148","potions_obtained":[{"floor":2,"key":"Swift Potion"},{"floor":10,"key":"Regen Potion"},{"floor":11,"key":"GamblersBrew"},{"floor":13,"key":"LiquidBronze"}],"is_trial":false,"path_per_floor":["M","M","M","M","$","R","M","R","T","E","M","R","M","?","R","B",null,"M","M","?","M"],"character_chosen":"THE_SILENT","items_purchased":["Snake Skull"],"campfire_rested":3,"item_purchase_floors":[5],"current_hp_per_floor":[59,59,59,58,58,58,49,66,66,59,48,66,51,51,66,58,64,23,15,28,0],"gold":250,"neow_bonus":"THREE_ENEMY_KILL","is_prod":false,"is_daily":false,"chose_seed":false,"campfire_upgraded":1,"win_rate":0,"timestamp":1564143206,"path_taken":["M","M","M","M","$","R","M","R","T","E","M","R","M","?","R","BOSS","M","M","?","M"],"build_version":"2019-07-17","purchased_purges":0,"victory":false,"max_hp_per_floor":[66,66,66,66,66,66,66,66,66,66,66,66,66,66,66,66,66,66,66,66,66],"card_choices":[{"not_picked":["Slice","Sucker Punch"],"picked":"Noxious Fumes","floor":1},{"not_picked":["Backflip","Sucker Punch"],"picked":"Underhanded Strike","floor":2},{"not_picked":["Backflip","Poisoned Stab"],"picked":"Acrobatics","floor":3},{"not_picked":["Infinite Blades","Quick Slash"],"picked":"Flying Knee","floor":4},{"not_picked":["Reflex","Escape Plan"],"picked":"Calculated Gamble","floor":7},{"not_picked":["Accuracy","Riddle With Holes+1"],"picked":"Acrobatics","floor":10},{"not_picked":["Deflect","Dodge and Roll"],"picked":"Bane+1","floor":11},{"not_picked":["Endless Agony+1","Backflip"],"picked":"Dagger Throw+1","floor":13},{"not_picked":["Malaise","Grand Finale+1"],"picked":"Corpse Explosion","floor":16},{"not_picked":["PiercingWail","Terror"],"picked":"Acrobatics","floor":18},{"not_picked":["Flechettes+1","Well Laid Plans"],"picked":"Prepared","floor":19}],"player_experience":1661186,"relics_obtained":[{"floor":9,"key":"Molten Egg 2"},{"floor":10,"key":"Torii"}],"event_choices":[{"damage_healed":0,"gold_gain":0,"player_choice":"Ignored","damage_taken":0,"max_hp_gain":0,"max_hp_loss":0,"event_name":"Shining Light","floor":14,"gold_loss":0},{"damage_healed":13,"gold_gain":0,"player_choice":"Heal","damage_taken":0,"max_hp_gain":0,"max_hp_loss":0,"event_name":"The Library","floor":20,"gold_loss":0}],"is_beta":false,"boss_relics":[{"not_picked":["Ectoplasm","Snecko Eye"],"picked":"Black Star"}],"items_purged_floors":[],"is_endless":false,"potions_floor_spawned":[2,10,11,13],"killed_by":"Snake Plant","ascension_level":18}