{"gold_per_floor":[111,121,121,141,141,169,184,359,441,460,460,13,13,28,28,133,183,194,45,45,61,61,61,91,107,107,107,135,145,105,119,119,220,220,238,238,30,43,3,3,22,22,48,78,103,115,115,115,115,115],"floor_reached":51,"playtime":3159,"items_purged":["Doubt"],"score":1064,"play_id":"1ba129a5-c141-4dcb-be0b-f8cf62196879","local_time":"20190622130000","is_ascension_mode":true,"campfire_choices":[{"floor":13.0,"key":"REST"},{"floor":15.0,"key":"REST"},{"data":"Envenom","floor":23.0,"key":"SMITH"},{"floor":27.0,"key":"REST"},{"floor":32.0,"key":"REST"},{"floor":40.0,"key":"REST"},{"data":"Adrenaline","floor":42.0,"key":"SMITH"},{"floor":49.0,"key":"REST"}],"neow_cost":"NONE","seed_source_timestamp":753661374888848,"circlet_count":0,"master_deck":["Survivor","Neutralize","Slice","Blade Dance","Infinite Blades","Calculated Gamble+1","PiercingWail","Escape Plan","Metamorphosis+1","Infinite Blades","Backstab","Cloak And Dagger","Predator","Envenom+1","Deflect","Slice","Dagger Spray","Envenom","Finisher+1","Slice","Well Laid Plans","Leg Sweep","Slice+1","Adrenaline+1","Phantasmal Killer","Masterful Stab","Tools of the Trade","Blade Dance","Dagger Throw","Backflip","Blade Dance","Wraith Form v2","Bane","Eviscerate","Flying Knee+1","Mind Blast","Sadistic Nature","Slice+1","Caltrops","Catalyst","Dagger Throw+1","Bane+1","Writhe"],"special_seed":0,"relics":["Ring of the Snake","NeowsBlessing","Sundial","Bottled Tornado","Mummified Hand","Tiny House","Snake Skull","Strawberry","Anchor","Turnip","Pandora\u0027s Box","ClockworkSouvenir","Bronze Scales","Potion Belt","Bag of Marbles"],"potions_floor_usage":[50,50,50,50],"damage_taken":[{"damage":0.0,"enemies":"Cultist","floor":1.0,"turns":1.0},{"damage":0.0,"enemies":"2 Louse","floor":2.0,"turns":1.0},{"damage":0.0,"enemies":"Jaw Worm","floor":4.0,"turns":1.0},{"damage":22.0,"enemies":"3 Sentries","floor":6.0,"turns":7.0},{"damage":6.0,"enemies":"3 Louse","floor":7.0,"turns":5.0},{"damage":15.0,"enemies":"Gremlin Gang","floor":10.0,"turns":3.0},{"damage":0.0,"enemies":"2 Fungi Beasts","floor":14.0,"turns":3.0},{"damage":38.0,"enemies":"Hexaghost","floor":16.0,"turns":11.0},{"damage":1.0,"enemies":"3 Byrds","floor":18.0,"turns":5.0},{"damage":5.0,"enemies":"Shell Parasite","floor":21.0,"turns":5.0},{"damage":18.0,"enemies":"Book of Stabbing","floor":24.0,"turns":5.0},{"damage":2.0,"enemies":"Snecko","floor":25.0,"turns":4.0},{"damage":17.0,"enemies":"Slavers","floor":28.0,"turns":5.0},{"damage":2.0,"enemies":"Cultist and Chosen","floor":29.0,"turns":4.0},{"damage":12.0,"enemies":"3 Cultists","floor":31.0,"turns":4.0},{"damage":57.0,"enemies":"Automaton","floor":33.0,"turns":9.0},{"damage":0.0,"enemies":"Orb Walker","floor":35.0,"turns":3.0},{"damage":4.0,"enemies":"3 Shapes","floor":38.0,"turns":6.0},{"damage":10.0,"enemies":"Writhing Mass","floor":41.0,"turns":5.0},{"damage":33.0,"enemies":"Reptomancer","floor":44.0,"turns":4.0},{"damage":4.0,"enemies":"3 Darklings","floor":46.0,"turns":5.0},{"damage":64,"enemies":"Awakened One","floor":50,"turns":7}],"seed_played":"-7640162200107685652","potions_obtained":[{"floor":1.0,"key":"Explosive Potion"},{"floor":7.0,"key":"EntropicBrew"},{"floor":14.0,"key":"Explosive Potion"},{"floor":16.0,"key":"GhostInAJar"},{"floor":24.0,"key":"FearPotion"},{"floor":28.0,"key":"Dexterity Potion"},{"floor":33.0,"key":"Energy Potion"},{"floor":46.0,"key":"PowerPotion"},{"floor":48.0,"key":"SkillPotion"},{"floor":48.0,"key":"Dexterity Potion"},{"floor":48.0,"key":"Block Potion"}],"is_trial":false,"path_per_floor":["M","M","T","M","?","E","M","?","T","M","?","$","R","M","R","B",null,"M","$","?","M","?","R","E","M","T","R","E","M","?","M","R","B",null,"M","?","$","M","$","R","M","R","T","E","T","M","?","?","R","B",null],"character_chosen":"THE_SILENT","items_purchased":["Metamorphosis","Infinite Blades","Backstab","Cloak And Dagger","Snake Skull","ClockworkSouvenir","Caltrops"],"campfire_rested":6,"item_purchase_floors":[12,12,12,12,19,37,39],"current_hp_per_floor":[63,63,63,63,68,46,40,40,40,25,25,25,47,47,69,31,69,68,68,68,63,63,63,52,50,50,76,59,57,57,45,71,14,69,69,64,64,60,60,86,76,76,76,43,43,39,61,61,87,23],"gold":115,"neow_bonus":"THREE_ENEMY_KILL","is_prod":false,"is_daily":false,"chose_seed":false,"campfire_upgraded":2,"win_rate":0,"timestamp":1561197600,"path_taken":["M","?","?","M","?","E","M","?","T","M","?","?","R","M","R","BOSS","M","$","?","M","?","R","E","M","T","R","E","?","?","M","R","BOSS","M","?","$","M","$","R","M","R","T","E","?","M","?","?","R","BOSS"],"build_version":"2019-01-23","purchased_purges":1,"victory":true,"max_hp_per_floor":[70,70,70,70,75,75,75,75,75,75,75,75,75,75,75,75,80,80,80,80,80,80,80,87,87,87,87,87,87,87,87,87,87,87,87,87,87,87,87,87,87,87,87,87,87,87,87,87,87,87],"card_choices":[{"not_picked":["Flying Knee","Quick Slash"],"picked":"Slice","floor":1.0},{"not_picked":["Calculated Gamble","Quick Slash"],"picked":"Blade Dance","floor":2.0},{"not_picked":["Crippling Poison","Blade Dance"],"picked":"Infinite Blades","floor":4.0},{"not_picked":["Expertise","Sucker Punch"],"picked":"Calculated Gamble","floor":6.0},{"not_picked":["Eviscerate","Tools of the Trade"],"picked":"PiercingWail","floor":7.0},{"not_picked":["Quick Slash","All Out Attack"],"picked":"Escape Plan","floor":10.0},{"not_picked":["Riddle With Holes","Deadly Poison"],"picked":"Predator","floor":14.0},{"not_picked":["Adrenaline","Storm of Steel"],"picked":"Envenom","floor":16.0},{"not_picked":["Crippling Poison","Quick Slash"],"picked":"Deflect","floor":17.0},{"not_picked":["Prepared","Dagger Throw"],"picked":"Slice","floor":18.0},{"not_picked":["Deflect","Acrobatics"],"picked":"Dagger Spray","floor":21.0},{"not_picked":["Heel Hook+1","Bane"],"picked":"Finisher+1","floor":24.0},{"not_picked":["Deadly Poison+1","Leg Sweep"],"picked":"Slice","floor":25.0},{"not_picked":["Corpse Explosion","Poisoned Stab"],"picked":"Well Laid Plans","floor":28.0},{"not_picked":["Sucker Punch","Prepared"],"picked":"Leg Sweep","floor":29.0},{"not_picked":["Calculated Gamble","Distraction+1"],"picked":"Slice+1","floor":31.0},{"not_picked":["Bullet Time","Unload"],"picked":"Adrenaline","floor":33.0},{"not_picked":["Prepared","Deadly Poison"],"picked":"Flying Knee+1","floor":35.0},{"not_picked":["Good Instincts","Swift Strike"],"picked":"Mind Blast","floor":36.0},{"not_picked":["Discovery","Apotheosis"],"picked":"Sadistic Nature","floor":36.0},{"not_picked":["Outmaneuver+1","Flying Knee+1"],"picked":"Slice+1","floor":38.0},{"not_picked":["Slice","Blur"],"picked":"Catalyst","floor":41.0},{"not_picked":["Heel Hook+1","Deadly Poison+1"],"picked":"Dagger Throw+1","floor":44.0},{"not_picked":["Deadly Poison","Quick Slash"],"picked":"Bane+1","floor":46.0}],"player_experience":1559490,"relics_obtained":[{"floor":3.0,"key":"Sundial"},{"floor":6.0,"key":"Bottled Tornado"},{"floor":9.0,"key":"Mummified Hand"},{"floor":24.0,"key":"Strawberry"},{"floor":26.0,"key":"Anchor"},{"floor":28.0,"key":"Turnip"},{"floor":43.0,"key":"Bronze Scales"},{"floor":44.0,"key":"Potion Belt"},{"floor":45.0,"key":"Bag of Marbles"}],"event_choices":[{"damage_healed":0.0,"max_hp_gain":5.0,"max_hp_loss":0.0,"gold_gain":0.0,"event_name":"Big Fish","player_choice":"Donut","floor":5.0,"gold_loss":0.0,"damage_taken":0.0},{"damage_healed":0.0,"max_hp_gain":0.0,"max_hp_loss":0.0,"gold_gain":175.0,"event_name":"Liars Game","player_choice":"AGREE","floor":8.0,"gold_loss":0.0,"damage_taken":0.0,"cards_obtained":["Doubt"]},{"damage_healed":0.0,"max_hp_gain":0.0,"max_hp_loss":0.0,"gold_gain":0.0,"event_name":"Golden Wing","player_choice":"Ignored","floor":11.0,"gold_loss":0.0,"damage_taken":0.0},{"damage_healed":0.0,"max_hp_gain":0.0,"max_hp_loss":0.0,"gold_gain":0.0,"event_name":"Beggar","player_choice":"Ignored","floor":20.0,"gold_loss":0.0,"damage_taken":0.0},{"damage_healed":0.0,"max_hp_gain":0.0,"max_hp_loss":0.0,"gold_gain":0.0,"event_name":"Duplicator","player_choice":"Copied","floor":22.0,"gold_loss":0.0,"damage_taken":0.0,"cards_obtained":["Envenom"]},{"damage_healed":0.0,"max_hp_gain":0.0,"max_hp_loss":0.0,"gold_gain":0.0,"event_name":"Designer","player_choice":"Upgrade","floor":30.0,"gold_loss":40.0,"damage_taken":0.0,"cards_upgraded":["Metamorphosis"]},{"damage_healed":0.0,"max_hp_gain":0.0,"max_hp_loss":0.0,"gold_gain":0.0,"event_name":"SensoryStone","player_choice":"Memory 2","floor":36.0,"gold_loss":0.0,"damage_taken":5.0},{"damage_healed":22.0,"max_hp_gain":0.0,"max_hp_loss":0.0,"gold_gain":0.0,"event_name":"Winding Halls","player_choice":"Writhe","floor":47.0,"gold_loss":0.0,"damage_taken":0.0,"cards_obtained":["Writhe"]},{"damage_healed":0.0,"max_hp_gain":0.0,"max_hp_loss":0.0,"gold_gain":0.0,"event_name":"Lab","player_choice":"Got Potions","floor":48.0,"gold_loss":0.0,"damage_taken":0.0}],"is_beta":false,"boss_relics":[{"not_picked":["Empty Cage","White Beast Statue"],"picked":"Tiny House"},{"not_picked":["Runic Dome","Coffee Dripper"],"picked":"Pandora\u0027s Box"}],"items_purged_floors":[12],"is_endless":false,"potions_floor_spawned":[1,7,14,16,21,24,28,33,46],"ascension_level":9}