{"gold_per_floor":[115,115,290,320,332,358,415,415,415,1,12,42,42,57,57,155,155,169,186,101,101,1,1,19,19,44,55,66,66],"floor_reached":29,"playtime":964,"items_purged":["Regret","Doubt"],"score":425,"play_id":"d3958b9d-4924-4fa0-b103-c7eed46ddcf4","local_time":"20190627130559","is_ascension_mode":true,"campfire_choices":[{"data":"Bane","floor":8.0,"key":"SMITH"},{"floor":15.0,"key":"REST"},{"floor":23.0,"key":"REST"}],"neow_cost":"NONE","seed_source_timestamp":1188631592783149,"circlet_count":0,"master_deck":["AscendersBane","Defend_G","Defend_G","Defend_G","Defend_G","Defend_G","Strike_G","Strike_G","Strike_G","Strike_G","Strike_G","Survivor","Neutralize","Poisoned Stab+1","Bane+1","All Out Attack","Deadly Poison","Deadly Poison","Poisoned Stab","Corpse Explosion","Deadly Poison","Bane","All Out Attack","Deadly Poison"],"special_seed":0,"relics":["Ring of the Snake","NeowsBlessing","Tiny Chest","Bottled Flame","Letter Opener","Gremlin Horn","Potion Belt","Ancient Tea Set","White Beast Statue","Pear","Pen Nib"],"potions_floor_usage":[29],"damage_taken":[{"damage":0.0,"enemies":"Cultist","floor":1.0,"turns":1.0},{"damage":0.0,"enemies":"2 Louse","floor":5.0,"turns":1.0},{"damage":0.0,"enemies":"Lagavulin","floor":6.0,"turns":1.0},{"damage":4.0,"enemies":"Jaw Worm","floor":11.0,"turns":2.0},{"damage":6.0,"enemies":"Gremlin Nob","floor":12.0,"turns":4.0},{"damage":0.0,"enemies":"Large Slime","floor":14.0,"turns":4.0},{"damage":21.0,"enemies":"Slime Boss","floor":16.0,"turns":11.0},{"damage":26.0,"enemies":"Shell Parasite","floor":18.0,"turns":5.0},{"damage":0.0,"enemies":"Chosen","floor":19.0,"turns":4.0},{"damage":22.0,"enemies":"Sentry and Sphere","floor":24.0,"turns":4.0},{"damage":18.0,"enemies":"Cultist and Chosen","floor":27.0,"turns":4.0},{"damage":0.0,"enemies":"Centurion and Healer","floor":28.0,"turns":3.0},{"damage":46,"enemies":"Sentry and Sphere","floor":29,"turns":5}],"seed_played":"-7246958213582904339","potions_obtained":[{"floor":1.0,"key":"LiquidBronze"},{"floor":12.0,"key":"Energy Potion"},{"floor":18.0,"key":"Block Potion"},{"floor":19.0,"key":"Block Potion"},{"floor":24.0,"key":"EssenceOfSteel"},{"floor":27.0,"key":"Poison Potion"},{"floor":28.0,"key":"Regen Potion"}],"is_trial":false,"path_per_floor":["M","?","?","?","M","E","?","R","T","$","M","E","?","M","R","B",null,"M","M","?","?","$","R","M","?","T","M","M","M"],"character_chosen":"THE_SILENT","items_purchased":["Gremlin Horn","GhostInAJar"],"campfire_rested":2,"item_purchase_floors":[10,10],"current_hp_per_floor":[63,63,63,63,63,63,63,63,63,63,59,53,53,53,70,49,65,39,39,49,41,41,65,43,43,43,25,25,0],"gold":66,"neow_bonus":"THREE_ENEMY_KILL","is_prod":false,"is_daily":false,"chose_seed":false,"campfire_upgraded":1,"win_rate":0,"timestamp":1561629959,"path_taken":["M","?","?","?","?","E","?","R","T","$","M","E","?","?","R","BOSS","M","M","?","?","$","R","?","?","T","M","M","M"],"build_version":"2019-01-23","purchased_purges":2,"victory":false,"max_hp_per_floor":[70,70,70,70,70,70,70,70,70,70,70,70,70,70,70,70,70,70,70,80,80,80,80,80,80,80,80,80,80],"card_choices":[{"not_picked":["Bouncing Flask","Blade Dance"],"picked":"Poisoned Stab","floor":1.0},{"not_picked":["Flying Knee","Blade Dance"],"picked":"Bane","floor":5.0},{"not_picked":["Quick Slash","Acrobatics"],"picked":"All Out Attack","floor":6.0},{"not_picked":["Outmaneuver","Doppelganger"],"picked":"Deadly Poison","floor":11.0},{"not_picked":["Expertise","Quick Slash"],"picked":"Deadly Poison","floor":12.0},{"not_picked":["Terror","Quick Slash"],"picked":"Poisoned Stab","floor":14.0},{"not_picked":["Doppelganger","Malaise"],"picked":"Corpse Explosion","floor":16.0},{"not_picked":["Skewer","Deflect","Underhanded Strike"],"picked":"SKIP","floor":18.0},{"not_picked":["Endless Agony+1","Slice"],"picked":"Deadly Poison","floor":19.0},{"not_picked":["Sucker Punch+1","Underhanded Strike"],"picked":"Bane","floor":24.0},{"not_picked":["Eviscerate","Expertise+1"],"picked":"All Out Attack","floor":27.0},{"not_picked":["Die Die Die","Sucker Punch"],"picked":"Deadly Poison","floor":28.0}],"player_experience":1592563,"relics_obtained":[{"floor":6.0,"key":"Bottled Flame"},{"floor":9.0,"key":"Letter Opener"},{"floor":12.0,"key":"Potion Belt"},{"floor":26.0,"key":"Pen Nib"}],"event_choices":[{"damage_healed":0.0,"max_hp_gain":0.0,"max_hp_loss":0.0,"gold_gain":0.0,"event_name":"Living Wall","player_choice":"Grow","floor":2.0,"gold_loss":0.0,"damage_taken":0.0,"cards_upgraded":["Poisoned Stab"]},{"damage_healed":0.0,"max_hp_gain":0.0,"max_hp_loss":0.0,"gold_gain":175.0,"event_name":"Liars Game","player_choice":"AGREE","floor":3.0,"gold_loss":0.0,"damage_taken":0.0,"cards_obtained":["Doubt"]},{"damage_healed":0.0,"max_hp_gain":0.0,"max_hp_loss":0.0,"gold_gain":0.0,"event_name":"Big Fish","player_choice":"Box","floor":4.0,"gold_loss":0.0,"damage_taken":0.0,"relics_obtained":["Tiny Chest"],"cards_obtained":["Regret"]},{"damage_healed":0.0,"max_hp_gain":0.0,"max_hp_loss":0.0,"gold_gain":57.0,"event_name":"Golden Wing","player_choice":"Gained Gold","floor":7.0,"gold_loss":0.0,"damage_taken":0.0},{"damage_healed":0.0,"max_hp_gain":0.0,"max_hp_loss":0.0,"gold_gain":0.0,"event_name":"WeMeetAgain","player_choice":"Gave Potion","floor":13.0,"gold_loss":0.0,"damage_taken":0.0,"relics_obtained":["Ancient Tea Set"]},{"damage_healed":0.0,"max_hp_gain":0.0,"max_hp_loss":0.0,"gold_gain":0.0,"event_name":"Addict","player_choice":"Obtained Relic","floor":20.0,"gold_loss":85.0,"damage_taken":0.0,"relics_obtained":["Pear"]},{"damage_healed":0.0,"max_hp_gain":0.0,"max_hp_loss":0.0,"gold_gain":0.0,"event_name":"Knowing Skull","player_choice":"","floor":21.0,"potions_obtained":[],"gold_loss":0.0,"damage_taken":8.0,"cards_obtained":[]},{"damage_healed":0.0,"max_hp_gain":0.0,"max_hp_loss":0.0,"gold_gain":0.0,"event_name":"Cursed Tome","player_choice":"Ignored","floor":25.0,"gold_loss":0.0,"damage_taken":0.0}],"is_beta":false,"boss_relics":[{"not_picked":["Runic Pyramid","Calling Bell"],"picked":"White Beast Statue"}],"items_purged_floors":[10,22],"is_endless":false,"potions_floor_spawned":[1,11,12,18,19,24,27,28],"killed_by":"Sentry and Sphere","ascension_level":11}