{"gold_per_floor":[109,125,125,125,144,170,188,188,268,301,301,318,335,363,363,439,439,456,473,60,77,77,77,91,91,144,187,210,222,184,216,228,316,328,355,367,398,510,534,546,587,647,659,682,72,0,35,52,52,52,52,52,52,52,84,84],"floor_reached":57,"playtime":2982,"items_purged":["Brutality","Rampage+1"],"score":2758,"play_id":"bb893152-a2d6-4359-bb2a-95616f080e13","local_time":"20190627220149","is_ascension_mode":true,"campfire_choices":[{"floor":8.0,"key":"REST"},{"data":"Rampage","floor":11.0,"key":"SMITH"},{"data":"Shrug It Off","floor":15.0,"key":"SMITH"},{"data":"Fiend Fire","floor":23.0,"key":"SMITH"},{"data":"True Grit","floor":25.0,"key":"SMITH"},{"data":"Limit Break","floor":29.0,"key":"SMITH"},{"data":"Armaments","floor":32.0,"key":"SMITH"},{"data":"Inflame","floor":40,"key":"SMITH"},{"floor":49,"key":"RECALL"},{"data":"True Grit","floor":53,"key":"SMITH"}],"neow_cost":"TEN_PERCENT_HP_LOSS","seed_source_timestamp":69311477233300,"circlet_count":0,"master_deck":["AscendersBane","Bash","Carnage+1","Feed","Shrug It Off+1","Inflame+1","Offering","Impervious","True Grit+1","Fiend Fire+1","Pommel Strike","True Grit+1","Reaper","Shrug It Off","Feel No Pain+1","Warcry","Warcry+1","Limit Break+1","Sentinel","Armaments+1","Reaper","Armaments+1","Sword Boomerang","Second Wind","Shockwave","Evolve+1","Disarm","Barricade+1","Inflame+1"],"special_seed":0,"relics":["Burning Blood","Pocketwatch","Unceasing Top","Art of War","Strawberry","Pandora\u0027s Box","Frozen Egg 2","MawBank","Darkstone Periapt","Mark of Pain","Du-Vu Doll","Pantograph","Calipers","Shuriken","Vajra","Strange Spoon","Red Mask","Question Card","Ornamental Fan"],"potions_floor_usage":[33,56,56],"damage_taken":[{"damage":6.0,"enemies":"Small Slimes","floor":1.0,"turns":3.0},{"damage":12.0,"enemies":"Jaw Worm","floor":2.0,"turns":3.0},{"damage":0.0,"enemies":"Cultist","floor":5.0,"turns":2.0},{"damage":35.0,"enemies":"Lagavulin","floor":6.0,"turns":6.0},{"damage":8.0,"enemies":"Blue Slaver","floor":7.0,"turns":4.0},{"damage":14.0,"enemies":"3 Sentries","floor":10.0,"turns":6.0},{"damage":13.0,"enemies":"Lots of Slimes","floor":12.0,"turns":4.0},{"damage":11.0,"enemies":"3 Louse","floor":13.0,"turns":5.0},{"damage":17.0,"enemies":"Lagavulin","floor":14.0,"turns":6.0},{"damage":7.0,"enemies":"The Guardian","floor":16.0,"turns":12.0},{"damage":6.0,"enemies":"Chosen","floor":18.0,"turns":2.0},{"damage":6.0,"enemies":"Spheric Guardian","floor":19.0,"turns":2.0},{"damage":34.0,"enemies":"3 Cultists","floor":21.0,"turns":5.0},{"damage":9.0,"enemies":"Snecko","floor":24.0,"turns":3.0},{"damage":25.0,"enemies":"Book of Stabbing","floor":27.0,"turns":3.0},{"damage":11.0,"enemies":"Snake Plant","floor":28.0,"turns":5.0},{"damage":25.0,"enemies":"Shelled Parasite and Fungi","floor":31.0,"turns":3.0},{"damage":46,"enemies":"Automaton","floor":33,"turns":8},{"damage":25,"enemies":"3 Shapes","floor":35,"turns":7},{"damage":6,"enemies":"Orb Walker","floor":37,"turns":2},{"damage":46,"enemies":"Mind Bloom Boss Battle","floor":38,"turns":6},{"damage":18,"enemies":"Maw","floor":39,"turns":7},{"damage":98,"enemies":"Reptomancer","floor":41,"turns":6},{"damage":13,"enemies":"2 Orb Walkers","floor":42,"turns":4},{"damage":42,"enemies":"3 Darklings","floor":44,"turns":5},{"damage":18,"enemies":"Nemesis","floor":47,"turns":7},{"damage":14,"enemies":"4 Shapes","floor":48,"turns":5},{"damage":16,"enemies":"Time Eater","floor":50,"turns":9},{"damage":47,"enemies":"Donu and Deca","floor":51,"turns":10},{"damage":115,"enemies":"Shield and Spear","floor":55,"turns":7},{"damage":83,"enemies":"The Heart","floor":56,"turns":8}],"seed_played":"-4771794427922481934","potions_obtained":[{"floor":1.0,"key":"Swift Potion"},{"floor":2.0,"key":"EssenceOfSteel"},{"floor":24.0,"key":"Swift Potion"},{"floor":27.0,"key":"Strength Potion"},{"floor":33,"key":"Poison Potion"},{"floor":35,"key":"Block Potion"}],"is_trial":false,"path_per_floor":["M","M","?","?","M","E","M","R","T","E","R","M","M","E","R","B",null,"M","M","$","M","?","R","M","R","T","E","M","R","?","M","R","B",null,"M","?","M","?","M","R","E","?","T","M","$","?","E","M","R","B","B",null,"R","$","E","B",null],"character_chosen":"IRONCLAD","items_purchased":["Frozen Egg 2","PowerPotion","Evolve+1","Vajra","Strange Spoon","Dexterity Potion"],"campfire_rested":1,"item_purchase_floors":[20,20,45,45,45,45],"current_hp_per_floor":[68,62,62,55,61,35,36,58,58,53,53,49,47,46,46,45,81,81,81,81,74,74,74,75,75,75,65,66,66,66,56,56,99,99,102,102,102,76,109,109,108,108,108,111,111,111,113,116,116,120,128,128,128,128,128,132],"gold":84,"neow_bonus":"ONE_RARE_RELIC","is_prod":false,"is_daily":false,"chose_seed":false,"campfire_upgraded":8,"win_rate":0,"timestamp":1561640509,"path_taken":["M","M","?","?","?","E","M","R","T","E","R","M","M","E","R","BOSS","M","M","$","?","?","R","?","R","T","E","?","R","?","M","R","BOSS","M","?","M","?","M","R","E","?","T","M","$","?","E","M","R","BOSS","BOSS","R","$","E","BOSS"],"build_version":"2019-01-23","purchased_purges":2,"victory":true,"max_hp_per_floor":[68,68,68,68,68,71,74,74,74,77,77,80,83,93,93,93,93,93,93,93,96,96,96,96,96,96,96,96,96,96,99,99,99,99,102,102,102,105,109,109,109,109,109,113,113,113,113,116,116,120,128,128,128,128,128,132],"card_choices":[{"not_picked":["Second Wind","Sword Boomerang"],"picked":"Carnage","floor":1.0},{"not_picked":["Clothesline","Iron Wave","Sword Boomerang"],"picked":"SKIP","floor":2.0},{"not_picked":["Twin Strike","Battle Trance"],"picked":"Feed","floor":5.0},{"not_picked":["Cleave","Burning Pact"],"picked":"Shrug It Off","floor":6.0},{"not_picked":["Body Slam","Battle Trance","Heavy Blade"],"picked":"SKIP","floor":7.0},{"not_picked":["Warcry","Shrug It Off"],"picked":"Rampage","floor":10.0},{"not_picked":["Corruption","Warcry","Dropkick"],"picked":"SKIP","floor":12.0},{"not_picked":["Anger","Iron Wave","Body Slam"],"picked":"SKIP","floor":13.0},{"not_picked":["Clothesline","Rampage"],"picked":"Inflame","floor":14.0},{"not_picked":["Bludgeon","Dark Embrace"],"picked":"Offering","floor":16.0},{"not_picked":["Wild Strike","Thunderclap"],"picked":"Shrug It Off","floor":18.0},{"not_picked":["Clothesline","Searing Blow+1","Cleave"],"picked":"SKIP","floor":19.0},{"not_picked":["Thunderclap","Rampage"],"picked":"Feel No Pain+1","floor":21.0},{"not_picked":["Headbutt","Warcry+1","Body Slam"],"picked":"SKIP","floor":24.0},{"not_picked":["Headbutt","Body Slam"],"picked":"Warcry+1","floor":24.0},{"not_picked":["Dropkick","Heavy Blade"],"picked":"Limit Break","floor":27.0},{"not_picked":["Pommel Strike","Perfected Strike"],"picked":"Sentinel","floor":28.0},{"not_picked":["Clash","Sword Boomerang"],"picked":"Armaments","floor":31.0},{"not_picked":["Feed","Berserk+1"],"picked":"Reaper","floor":33},{"not_picked":["Metallicize+1","Clash+1"],"picked":"Armaments+1","floor":35},{"not_picked":["Armaments","Flame Barrier"],"picked":"Sword Boomerang","floor":37},{"not_picked":["True Grit+1","Rage"],"picked":"Second Wind","floor":39},{"not_picked":["True Grit+1","Headbutt","Body Slam"],"picked":"SKIP","floor":41},{"not_picked":["Seeing Red+1","Perfected Strike+1"],"picked":"Shockwave","floor":44},{"not_picked":["Shockwave+1","True Grit"],"picked":"Disarm","floor":47},{"not_picked":["Sword Boomerang","Pummel+1","Battle Trance"],"picked":"Barricade+1","floor":48},{"not_picked":["Heavy Blade+1","Warcry","Whirlwind"],"picked":"Inflame+1","floor":55}],"player_experience":841962,"relics_obtained":[{"floor":6.0,"key":"Unceasing Top"},{"floor":10.0,"key":"Art of War"},{"floor":14.0,"key":"Strawberry"},{"floor":26.0,"key":"MawBank"},{"floor":27.0,"key":"Darkstone Periapt"},{"floor":38,"key":"Du-Vu Doll"},{"floor":41,"key":"Pantograph"},{"floor":42,"key":"Calipers"},{"floor":43,"key":"Shuriken"},{"floor":47,"key":"Question Card"},{"floor":55,"key":"Ornamental Fan"}],"event_choices":[{"damage_healed":0.0,"max_hp_gain":0.0,"max_hp_loss":0.0,"gold_gain":0.0,"event_name":"Living Wall","player_choice":"Grow","floor":3.0,"gold_loss":0.0,"damage_taken":0.0,"cards_upgraded":["Carnage"]},{"cards_removed":["Strike_R"],"damage_healed":0.0,"max_hp_gain":0.0,"max_hp_loss":0.0,"gold_gain":0.0,"event_name":"Golden Wing","player_choice":"Card Removal","floor":4.0,"gold_loss":0.0,"damage_taken":7.0},{"damage_healed":0.0,"max_hp_gain":0.0,"max_hp_loss":0.0,"gold_gain":0.0,"event_name":"Match and Keep!","player_choice":"1 cards matched","floor":22.0,"gold_loss":0.0,"damage_taken":0.0,"cards_obtained":["Warcry"]},{"damage_healed":0.0,"max_hp_gain":0.0,"max_hp_loss":0.0,"gold_gain":0.0,"event_name":"The Joust","player_choice":"Bet on Murderer","floor":30.0,"gold_loss":50.0,"damage_taken":0.0},{"cards_removed":["Warcry"],"damage_healed":0,"gold_gain":0,"player_choice":"Removed Skill","damage_taken":0,"max_hp_gain":0,"max_hp_loss":0,"event_name":"Falling","floor":36,"gold_loss":0},{"damage_healed":0,"gold_gain":0,"player_choice":"Fight","damage_taken":0,"max_hp_gain":0,"max_hp_loss":0,"event_name":"MindBloom","floor":38,"gold_loss":0},{"damage_healed":0,"gold_gain":0,"player_choice":"Fight","damage_taken":0,"max_hp_gain":0,"max_hp_loss":0,"event_name":"Mysterious Sphere","floor":42,"gold_loss":0},{"damage_healed":0,"gold_gain":0,"player_choice":"Paid","damage_taken":0,"relics_obtained":["Red Mask"],"max_hp_gain":0,"max_hp_loss":0,"event_name":"Tomb of Lord Red Mask","floor":46,"gold_loss":72}],"is_beta":false,"boss_relics":[{"not_picked":["Black Blood","Cursed Key"],"picked":"Pandora\u0027s Box"},{"not_picked":["Eternal Feather","Black Star"],"picked":"Mark of Pain"}],"items_purged_floors":[20,45],"is_endless":false,"potions_floor_spawned":[1,2,5,10,13,24,27,33,35,42,44,47,48],"ascension_level":20}