{"gold_per_floor":[110,35,62,73,92,92,119,139,139,174,174,65,65,65,65,136,136,150,150],"floor_reached":19,"playtime":554,"items_purged":[],"score":450,"play_id":"b4aff3c3-23e4-43ba-b309-ae638739916c","local_time":"20190622172154","is_ascension_mode":true,"campfire_choices":[{"data":"Carnage","floor":6,"key":"SMITH"},{"floor":13,"key":"REST"},{"data":"Bash","floor":15,"key":"SMITH"}],"neow_cost":"CURSE","seed_source_timestamp":13609604315600,"circlet_count":0,"master_deck":["AscendersBane","Strike_R","Strike_R","Strike_R","Strike_R","Defend_R","Defend_R","Defend_R","Defend_R","Bash+1","Carnage+1","True Grit","Evolve","Limit Break","Shrug It Off","Pain","Barricade","True Grit+1"],"relics":["Burning Blood","Mango","Art of War","Regal Pillow","Vajra","WarpedTongs","Snecko Eye"],"potions_floor_usage":[7,7,8,16,16,19,19],"damage_taken":[{"damage":9,"enemies":"2 Louse","floor":1,"turns":3},{"damage":19,"enemies":"Jaw Worm","floor":4,"turns":4},{"damage":8,"enemies":"Small Slimes","floor":5,"turns":3},{"damage":8,"enemies":"Gremlin Nob","floor":7,"turns":3},{"damage":6,"enemies":"3 Louse","floor":8,"turns":3},{"damage":60,"enemies":"Lagavulin","floor":10,"turns":7},{"damage":4,"enemies":"Slime Boss","floor":16,"turns":6},{"damage":16,"enemies":"Chosen","floor":18,"turns":5},{"damage":62,"enemies":"Masked Bandits","floor":19,"turns":5}],"seed_played":"3433822855280735711","potions_obtained":[{"floor":1,"key":"FearPotion"},{"floor":5,"key":"SteroidPotion"},{"floor":7,"key":"Fire Potion"},{"floor":16,"key":"Block Potion"},{"floor":18,"key":"EssenceOfSteel"}],"is_trial":false,"path_per_floor":["M","?","T","M","M","R","E","M","T","E","?","$","R","?","R","B",null,"M","?"],"character_chosen":"IRONCLAD","items_purchased":["PowerPotion","AttackPotion"],"campfire_rested":1,"item_purchase_floors":[12,12],"current_hp_per_floor":[79,79,79,66,64,64,62,62,62,8,8,8,49,49,49,51,80,70,8],"gold":150,"neow_bonus":"ONE_RARE_RELIC","is_prod":false,"is_daily":false,"chose_seed":false,"campfire_upgraded":2,"win_rate":0,"timestamp":1561191714,"path_taken":["M","?","?","M","M","R","E","?","T","E","?","$","R","?","R","BOSS","M","?"],"build_version":"2019-01-23","purchased_purges":0,"victory":false,"max_hp_per_floor":[89,89,89,89,89,89,89,89,89,89,89,89,89,89,89,89,89,89,89],"card_choices":[{"not_picked":["Pummel","Iron Wave"],"picked":"Carnage","floor":1},{"not_picked":["Headbutt","Flex"],"picked":"True Grit","floor":4},{"not_picked":["Corruption","Iron Wave"],"picked":"Evolve","floor":5},{"not_picked":["Wild Strike","Cleave"],"picked":"Limit Break","floor":7},{"not_picked":["Bloodletting","Reckless Charge","Clothesline"],"picked":"SKIP","floor":8},{"not_picked":["Armaments","Thunderclap"],"picked":"Shrug It Off","floor":10},{"not_picked":["Bludgeon","Berserk"],"picked":"Barricade","floor":16},{"not_picked":["Havoc","Heavy Blade"],"picked":"True Grit+1","floor":18}],"player_experience":748095,"relics_obtained":[{"floor":3,"key":"Art of War"},{"floor":7,"key":"Regal Pillow"},{"floor":10,"key":"Vajra"}],"event_choices":[{"cards_removed":["Injury"],"damage_healed":0,"gold_gain":0,"player_choice":"Card Removal","damage_taken":0,"max_hp_gain":0,"max_hp_loss":0,"event_name":"The Cleric","floor":2,"gold_loss":75},{"cards_removed":["Strike_R"],"damage_healed":0,"gold_gain":0,"player_choice":"Forget","damage_taken":0,"max_hp_gain":0,"max_hp_loss":0,"event_name":"Living Wall","floor":11,"gold_loss":0},{"damage_healed":0,"gold_gain":0,"player_choice":"Rummage","damage_taken":0,"relics_obtained":["WarpedTongs"],"max_hp_gain":0,"max_hp_loss":0,"event_name":"Accursed Blacksmith","floor":14,"gold_loss":0,"cards_obtained":["Pain"]},{"damage_healed":0,"gold_gain":0,"player_choice":"Fought Bandits","damage_taken":0,"max_hp_gain":0,"max_hp_loss":0,"event_name":"Masked Bandits","floor":19,"gold_loss":0}],"is_beta":false,"boss_relics":[{"not_picked":["Velvet Choker","Philosopher\u0027s Stone"],"picked":"Snecko Eye"}],"items_purged_floors":[],"is_endless":false,"potions_floor_spawned":[1,5,7,16,18],"killed_by":"Masked Bandits","ascension_level":20}