{"gold_per_floor":[112,132,132,10,10,35,35,64,64,64,77,77,77,90,90,187,187,201,201,201,39,55,81,81,109,147,179,215,245,257,289,301,313],"floor_reached":33,"playtime":1791,"items_purged":[],"score":477,"play_id":"18a37cea-6396-4352-8366-ef8ff1306613","local_time":"20190623191037","is_ascension_mode":true,"campfire_choices":[{"data":"Underhanded Strike","floor":7.0,"key":"SMITH"},{"floor":10.0,"key":"REST"},{"data":"Neutralize","floor":13.0,"key":"SMITH"},{"data":"Heel Hook","floor":15.0,"key":"SMITH"},{"floor":24.0,"key":"REST"},{"floor":30.0,"key":"REST"},{"floor":32,"key":"REST"}],"neow_cost":"NONE","seed_source_timestamp":864076942340453,"circlet_count":0,"master_deck":["AscendersBane","Defend_G","Defend_G","Defend_G","Defend_G","Defend_G","Strike_G","Strike_G","Strike_G","Strike_G","Strike_G","Survivor","Neutralize+1","Underhanded Strike+1","Calculated Gamble+1","Escape Plan+1","Flying Knee","Acrobatics","Heel Hook+1","Cloak And Dagger+1","Adrenaline+1","Underhanded Strike","Writhe","Apotheosis+1","Masterful Stab","Storm of Steel+1","Underhanded Strike","Expertise+1","Acrobatics+1","Cloak And Dagger+1"],"special_seed":0,"relics":["Ring of the Snake","NeowsBlessing","Bottled Flame","Ninja Scroll","Toxic Egg 2","WristBlade","Question Card","Shovel","MawBank","Anchor","Regal Pillow"],"potions_floor_usage":[],"damage_taken":[{"damage":0.0,"enemies":"Small Slimes","floor":1.0,"turns":1.0},{"damage":0.0,"enemies":"Cultist","floor":2.0,"turns":1.0},{"damage":0.0,"enemies":"Gremlin Nob","floor":6.0,"turns":1.0},{"damage":18.0,"enemies":"Lagavulin","floor":8.0,"turns":8.0},{"damage":0.0,"enemies":"Jaw Worm","floor":11.0,"turns":2.0},{"damage":0.0,"enemies":"Blue Slaver","floor":14.0,"turns":3.0},{"damage":23.0,"enemies":"Hexaghost","floor":16.0,"turns":11.0},{"damage":0.0,"enemies":"Chosen","floor":18.0,"turns":4.0},{"damage":0.0,"enemies":"Spheric Guardian","floor":22.0,"turns":3.0},{"damage":8.0,"enemies":"Book of Stabbing","floor":23.0,"turns":5.0},{"damage":14.0,"enemies":"Slavers","floor":25.0,"turns":6.0},{"damage":10.0,"enemies":"Shelled Parasite and Fungi","floor":27.0,"turns":4.0},{"damage":0.0,"enemies":"3 Cultists","floor":29.0,"turns":4.0},{"damage":14,"enemies":"Snake Plant","floor":31,"turns":5},{"damage":72,"enemies":"Champ","floor":33,"turns":10}],"seed_played":"2891027408804389657","potions_obtained":[{"floor":1.0,"key":"Explosive Potion"},{"floor":6.0,"key":"Weak Potion"},{"floor":8.0,"key":"Energy Potion"},{"floor":11.0,"key":"LiquidBronze"},{"floor":18.0,"key":"EssenceOfSteel"},{"floor":20.0,"key":"Fire Potion"},{"floor":20.0,"key":"Fire Potion"},{"floor":27.0,"key":"AttackPotion"}],"is_trial":false,"path_per_floor":["M","M","?","$","?","E","R","E","T","R","M","?","R","M","R","B",null,"M","?","?","$","M","E","R","E","T","M","T","M","R","M","R","B"],"character_chosen":"THE_SILENT","items_purchased":["Escape Plan","PowerPotion","Apotheosis+1"],"campfire_rested":4,"item_purchase_floors":[4,4,21],"current_hp_per_floor":[63,63,63,63,63,63,63,45,45,66,66,66,66,66,66,43,63,63,63,63,63,63,55,70,56,56,46,46,46,70,56,70,0],"gold":313,"neow_bonus":"THREE_ENEMY_KILL","is_prod":false,"is_daily":false,"chose_seed":false,"campfire_upgraded":3,"win_rate":0,"timestamp":1561306237,"path_taken":["M","M","?","$","?","E","R","E","T","R","?","?","R","M","R","BOSS","M","?","?","$","?","E","R","E","T","M","?","M","R","M","R","BOSS"],"build_version":"2019-01-23","purchased_purges":0,"victory":false,"max_hp_per_floor":[70,70,70,70,70,70,70,70,70,70,70,70,70,70,70,70,70,70,70,70,70,70,70,70,70,70,70,70,70,70,70,70,70],"card_choices":[{"not_picked":["Predator","Expertise"],"picked":"Underhanded Strike","floor":1.0},{"not_picked":["Leg Sweep","Blade Dance"],"picked":"Calculated Gamble","floor":2.0},{"not_picked":["Finisher","Noxious Fumes"],"picked":"Flying Knee","floor":6.0},{"not_picked":["Predator","After Image"],"picked":"Acrobatics","floor":8.0},{"not_picked":["Endless Agony","Deflect+1"],"picked":"Heel Hook","floor":11.0},{"not_picked":["Deflect+1","Blur+1"],"picked":"Cloak And Dagger+1","floor":14.0},{"not_picked":["Glass Knife","A Thousand Cuts"],"picked":"Adrenaline+1","floor":16.0},{"not_picked":["Poisoned Stab","Predator"],"picked":"Underhanded Strike","floor":18.0},{"not_picked":["Flying Knee+1","Caltrops","Endless Agony"],"picked":"Masterful Stab","floor":22.0},{"not_picked":["Flying Knee","Poisoned Stab","Bane"],"picked":"Storm of Steel+1","floor":23.0},{"not_picked":["Endless Agony","Leg Sweep+1","Setup+1"],"picked":"Underhanded Strike","floor":25.0},{"not_picked":["Quick Slash","Sucker Punch","PiercingWail+1"],"picked":"Expertise+1","floor":27.0},{"not_picked":["Expertise+1","Predator","After Image"],"picked":"Acrobatics+1","floor":29.0},{"not_picked":["Sucker Punch","Slice","Noxious Fumes"],"picked":"Cloak And Dagger+1","floor":31}],"player_experience":1569702,"relics_obtained":[{"floor":6.0,"key":"Bottled Flame"},{"floor":8.0,"key":"Ninja Scroll"},{"floor":9.0,"key":"Toxic Egg 2"},{"floor":23.0,"key":"Shovel"},{"floor":25.0,"key":"MawBank"},{"floor":26.0,"key":"Anchor"},{"floor":28.0,"key":"Regal Pillow"}],"event_choices":[{"damage_healed":0.0,"max_hp_gain":0.0,"max_hp_loss":0.0,"gold_gain":0.0,"event_name":"Living Wall","player_choice":"Grow","floor":3.0,"gold_loss":0.0,"damage_taken":0.0,"cards_upgraded":["Calculated Gamble"]},{"damage_healed":0.0,"max_hp_gain":0.0,"max_hp_loss":0.0,"gold_gain":0.0,"event_name":"Upgrade Shrine","player_choice":"Upgraded","floor":5.0,"gold_loss":0.0,"damage_taken":0.0,"cards_upgraded":["Escape Plan"]},{"damage_healed":0.0,"max_hp_gain":0.0,"max_hp_loss":0.0,"gold_gain":0.0,"event_name":"The Cleric","player_choice":"Leave","floor":12.0,"gold_loss":0.0,"damage_taken":0.0},{"damage_healed":0.0,"max_hp_gain":0.0,"max_hp_loss":0.0,"gold_gain":0.0,"event_name":"The Mausoleum","player_choice":"Opened","floor":19.0,"gold_loss":0.0,"damage_taken":0.0,"relics_obtained":["Question Card"],"cards_obtained":["Writhe"]},{"damage_healed":0.0,"max_hp_gain":0.0,"max_hp_loss":0.0,"gold_gain":0.0,"event_name":"Lab","player_choice":"Got Potions","floor":20.0,"gold_loss":0.0,"damage_taken":0.0}],"is_beta":false,"boss_relics":[{"not_picked":["Snecko Eye","Velvet Choker"],"picked":"WristBlade"}],"items_purged_floors":[],"is_endless":false,"potions_floor_spawned":[1,6,8,11,18,22,27],"killed_by":"Champ","ascension_level":10}