{"gold_per_floor":[109,136,61,61,75,109,109,125,125,145,172,172,206,206,206,280,280,292,207,42,52,72,72,97,97,121,121,42,54,85,65,65,139,139,153,72,122,122,122,155,155,184,238,251,251,299,104,131,131,131,131,131,131,47,73,73],"floor_reached":57,"playtime":2285,"items_purged":["Strike_R"],"score":3180,"play_id":"0bfc81d7-7188-4545-a6be-9eb828027d9e","local_time":"20190630143810","is_ascension_mode":true,"campfire_choices":[{"data":"Bash","floor":7,"key":"SMITH"},{"data":"Shockwave","floor":15,"key":"SMITH"},{"data":"Corruption","floor":23,"key":"SMITH"},{"data":"Offering","floor":25,"key":"SMITH"},{"floor":27,"key":"REST"},{"data":"Inflame","floor":32,"key":"SMITH"},{"data":"Juggernaut","floor":41,"key":"SMITH"},{"floor":49,"key":"RECALL"},{"data":"Evolve","floor":53,"key":"SMITH"}],"neow_cost":"NONE","seed_source_timestamp":106763742208500,"circlet_count":0,"master_deck":["AscendersBane","Defend_R","Defend_R","Defend_R","Defend_R","Pommel Strike","Shockwave+1","Evolve+1","Warcry","Warcry","Offering+1","Dual Wield+1","Limit Break+1","Havoc+1","Anger+1","Corruption+1","Inflame+1","Shrug It Off","Pommel Strike+1","Entrench","Juggernaut+1","Flame Barrier","Fiend Fire","Armaments","Second Wind","Battle Trance+1","Shrug It Off+1","Entrench+1","Spot Weakness+1","Shrug It Off","Sword Boomerang+1","Feel No Pain","Flame Barrier"],"relics":["Burning Blood","NeowsBlessing","Orichalcum","Blood Vial","Art of War","Dead Branch","Pear","Astrolabe","Juzu Bracelet","Mummified Hand","Dream Catcher","Darkstone Periapt","Philosopher\u0027s Stone","Happy Flower","Question Card","PreservedInsect","Pocketwatch","Centennial Puzzle","Potion Belt","Boot"],"potions_floor_usage":[11,16,16,50,56,56,56,56],"damage_taken":[{"damage":0,"enemies":"Cultist","floor":1,"turns":1},{"damage":0,"enemies":"Jaw Worm","floor":5,"turns":1},{"damage":0,"enemies":"Lagavulin","floor":6,"turns":1},{"damage":6,"enemies":"Small Slimes","floor":8,"turns":3},{"damage":6,"enemies":"2 Fungi Beasts","floor":10,"turns":3},{"damage":36,"enemies":"Gremlin Nob","floor":11,"turns":5},{"damage":34,"enemies":"Lagavulin","floor":13,"turns":6},{"damage":15,"enemies":"Hexaghost","floor":16,"turns":9},{"damage":9,"enemies":"Chosen","floor":18,"turns":3},{"damage":6,"enemies":"2 Thieves","floor":21,"turns":1},{"damage":20,"enemies":"Centurion and Healer","floor":22,"turns":4},{"damage":18,"enemies":"Slavers","floor":24,"turns":5},{"damage":11,"enemies":"Snake Plant","floor":29,"turns":3},{"damage":10,"enemies":"Book of Stabbing","floor":30,"turns":1},{"damage":15,"enemies":"Collector","floor":33,"turns":6},{"damage":6,"enemies":"3 Darklings","floor":35,"turns":2},{"damage":6,"enemies":"Giant Head","floor":40,"turns":4},{"damage":55,"enemies":"Reptomancer","floor":42,"turns":4},{"damage":0,"enemies":"3 Shapes","floor":44,"turns":2},{"damage":0,"enemies":"2 Orb Walkers","floor":46,"turns":3},{"damage":13,"enemies":"Nemesis","floor":48,"turns":5},{"damage":29,"enemies":"Awakened One","floor":50,"turns":6},{"damage":3,"enemies":"Donu and Deca","floor":51,"turns":3},{"damage":54,"enemies":"Shield and Spear","floor":55,"turns":4},{"damage":24,"enemies":"The Heart","floor":56,"turns":5}],"seed_played":"6073136783427513359","potions_obtained":[{"floor":5,"key":"FearPotion"},{"floor":6,"key":"EssenceOfSteel"},{"floor":10,"key":"Energy Potion"},{"floor":13,"key":"Swift Potion"},{"floor":18,"key":"Fire Potion"},{"floor":24,"key":"SpeedPotion"},{"floor":31,"key":"EntropicBrew"},{"floor":42,"key":"Dexterity Potion"},{"floor":48,"key":"AttackPotion"},{"floor":55,"key":"Explosive Potion"}],"is_trial":false,"path_per_floor":["M","T","?","?","M","E","R","M","T","M","E","?","E","?","R","B",null,"M","?","$","M","M","R","E","R","T","R","$","M","E","?","R","B",null,"M","$","?","?","?","E","R","E","T","M","$","?","$","E","R","B","B",null,"R","$","E","B",null],"character_chosen":"IRONCLAD","items_purchased":["Corruption","Juggernaut","Second Wind","Centennial Puzzle","Shrug It Off","Feel No Pain"],"campfire_rested":1,"item_purchase_floors":[20,28,36,47,47,54],"current_hp_per_floor":[74,74,74,56,64,72,72,74,74,75,45,38,22,22,22,15,68,67,67,67,69,57,57,47,47,47,72,72,69,67,67,67,60,79,81,81,73,73,73,75,75,28,28,36,36,44,44,39,39,18,23,70,70,70,24,8],"gold":73,"neow_bonus":"THREE_ENEMY_KILL","is_prod":false,"is_daily":false,"chose_seed":false,"campfire_upgraded":7,"win_rate":0,"timestamp":1561873090,"path_taken":["M","?","?","?","M","E","R","M","T","M","E","?","E","?","R","BOSS","M","?","$","M","M","R","E","R","T","R","?","M","E","?","R","BOSS","M","$","?","?","?","E","R","E","T","M","?","?","$","E","R","BOSS","BOSS","R","$","E","BOSS"],"build_version":"2019-01-23","purchased_purges":1,"victory":true,"max_hp_per_floor":[75,75,75,75,75,75,75,75,75,75,75,75,85,85,85,85,85,85,85,85,85,85,85,85,85,85,85,85,85,85,85,85,85,85,85,85,85,85,85,85,85,85,85,85,85,85,85,85,85,85,85,85,85,85,85,85],"card_choices":[{"not_picked":["Headbutt","Pummel"],"picked":"Pommel Strike","floor":1},{"not_picked":["Bloodletting","Perfected Strike","Flex"],"picked":"SKIP","floor":5},{"not_picked":["Infernal Blade","Seeing Red"],"picked":"Shockwave","floor":6},{"not_picked":["Flex","Clothesline"],"picked":"Berserk","floor":8},{"not_picked":["Cleave","Pommel Strike"],"picked":"Evolve","floor":10},{"not_picked":["Perfected Strike","Ghostly Armor"],"picked":"Warcry","floor":11},{"not_picked":["Headbutt","Perfected Strike"],"picked":"Warcry","floor":13},{"not_picked":["Limit Break","Barricade"],"picked":"Offering","floor":16},{"not_picked":["Clash","Heavy Blade+1"],"picked":"Anger+1","floor":18},{"not_picked":["Clothesline","Wild Strike+1"],"picked":"Inflame","floor":21},{"not_picked":["Clash","Flex+1"],"picked":"Shrug It Off","floor":22},{"not_picked":["Thunderclap","Reckless Charge"],"picked":"Pommel Strike+1","floor":24},{"not_picked":["True Grit","Havoc"],"picked":"Entrench","floor":27},{"not_picked":["Thunderclap","Armaments"],"picked":"Flame Barrier","floor":29},{"not_picked":["Perfected Strike","Infernal Blade","Clothesline"],"picked":"SKIP","floor":30},{"not_picked":["Feed","Double Tap"],"picked":"Fiend Fire","floor":33},{"not_picked":["Intimidate","Flex+1"],"picked":"Armaments","floor":35},{"not_picked":["Shockwave","Clothesline"],"picked":"Battle Trance+1","floor":40},{"not_picked":["Brutality","Infernal Blade+1"],"picked":"Shrug It Off+1","floor":42},{"not_picked":["Dropkick","Headbutt","Searing Blow"],"picked":"Entrench+1","floor":44},{"not_picked":["Whirlwind+1","Perfected Strike+1","Sever Soul+1"],"picked":"Spot Weakness+1","floor":46},{"not_picked":["Carnage","Headbutt","Pommel Strike"],"picked":"Sword Boomerang+1","floor":48},{"not_picked":["Heavy Blade+1","Cleave+1","Uppercut"],"picked":"Flame Barrier","floor":55}],"player_experience":872260,"relics_obtained":[{"floor":2,"key":"Orichalcum"},{"floor":6,"key":"Art of War"},{"floor":11,"key":"Dead Branch"},{"floor":13,"key":"Pear"},{"floor":24,"key":"Mummified Hand"},{"floor":26,"key":"Dream Catcher"},{"floor":30,"key":"Darkstone Periapt"},{"floor":40,"key":"Happy Flower"},{"floor":42,"key":"Question Card"},{"floor":43,"key":"PreservedInsect"},{"floor":46,"key":"Pocketwatch"},{"floor":48,"key":"Potion Belt"},{"floor":55,"key":"Boot"}],"event_choices":[{"cards_removed":["Strike_R"],"damage_healed":0,"gold_gain":0,"player_choice":"Card Removal","damage_taken":0,"max_hp_gain":0,"max_hp_loss":0,"event_name":"The Cleric","floor":3,"gold_loss":75},{"damage_healed":0,"gold_gain":0,"player_choice":"Success","damage_taken":18,"relics_obtained":["Blood Vial"],"max_hp_gain":0,"max_hp_loss":0,"event_name":"Scrap Ooze","floor":4,"gold_loss":0},{"cards_removed":["Strike_R"],"damage_healed":0,"gold_gain":0,"player_choice":"Card Removal","damage_taken":7,"max_hp_gain":0,"max_hp_loss":0,"event_name":"Golden Wing","floor":12,"gold_loss":0},{"damage_healed":0,"gold_gain":0,"player_choice":"Ignored","damage_taken":0,"max_hp_gain":0,"max_hp_loss":0,"event_name":"Shining Light","floor":14,"gold_loss":0},{"damage_healed":0,"gold_gain":0,"player_choice":"Obtained Relic","damage_taken":0,"relics_obtained":["Juzu Bracelet"],"max_hp_gain":0,"max_hp_loss":0,"event_name":"Addict","floor":19,"gold_loss":85},{"damage_healed":0,"gold_gain":0,"player_choice":"Bought 1 Potion","damage_taken":0,"max_hp_gain":0,"max_hp_loss":0,"event_name":"The Woman in Blue","floor":31,"gold_loss":0},{"damage_healed":0,"gold_gain":50,"player_choice":"Touch","damage_taken":8,"max_hp_gain":0,"max_hp_loss":0,"event_name":"FaceTrader","floor":37,"gold_loss":0},{"damage_healed":0,"gold_gain":0,"player_choice":"Ignored","damage_taken":0,"max_hp_gain":0,"max_hp_loss":0,"event_name":"Tomb of Lord Red Mask","floor":38,"gold_loss":0},{"cards_removed":["Bash"],"damage_healed":0,"gold_gain":0,"player_choice":"Offered Basic","damage_taken":0,"max_hp_gain":0,"max_hp_loss":0,"event_name":"Bonfire Elementals","floor":39,"gold_loss":0},{"damage_healed":0,"gold_gain":0,"player_choice":"Fight","damage_taken":0,"max_hp_gain":0,"max_hp_loss":0,"event_name":"Mysterious Sphere","floor":46,"gold_loss":0}],"is_beta":false,"boss_relics":[{"not_picked":["Tiny House","Eternal Feather"],"picked":"Astrolabe"},{"not_picked":["Cursed Key","Velvet Choker"],"picked":"Philosopher\u0027s Stone"}],"items_purged_floors":[20],"is_endless":false,"potions_floor_spawned":[5,6,10,13,18,24,29,33,35,42,48,55],"ascension_level":20}