{"gold_per_floor":[115,26,26,46,46,81,81,156,182,201,226,297,332,32,32,126,126,147,161,161,173,123,123,123],"floor_reached":24,"playtime":2304,"items_purged":["Strike_G"],"score":454,"play_id":"56c9c910-9a0f-4f72-b1d9-d887a055d7f1","local_time":"20190712155822","is_ascension_mode":true,"campfire_choices":[{"data":"Neutralize","floor":7,"key":"SMITH"},{"floor":15,"key":"REST"},{"data":"Die Die Die","floor":23,"key":"SMITH"}],"neow_cost":"NONE","seed_source_timestamp":137305772229347,"circlet_count":0,"master_deck":["AscendersBane","Strike_G","Strike_G","Strike_G","Strike_G","Defend_G","Defend_G","Defend_G","Defend_G","Defend_G","Survivor","Neutralize+1","Leg Sweep","Bouncing Flask","Dagger Throw","Dash","All Out Attack","Underhanded Strike","Die Die Die+1","Footwork","Corpse Explosion","Well Laid Plans"],"relics":["Ring of the Snake","NeowsBlessing","Bloody Idol","Bag of Marbles","Happy Flower","Odd Mushroom","Regal Pillow","Smiling Mask","Anchor","Busted Crown"],"potions_floor_usage":[12,16,19,21],"damage_taken":[{"damage":0,"enemies":"Jaw Worm","floor":1,"turns":1},{"damage":0,"enemies":"2 Louse","floor":4,"turns":1},{"damage":0,"enemies":"Gremlin Nob","floor":6,"turns":1},{"damage":3,"enemies":"Small Slimes","floor":10,"turns":4},{"damage":13,"enemies":"The Mushroom Lair","floor":11,"turns":4},{"damage":11,"enemies":"3 Sentries","floor":12,"turns":7},{"damage":12,"enemies":"3 Sentries","floor":13,"turns":6},{"damage":25,"enemies":"Slime Boss","floor":16,"turns":11},{"damage":6,"enemies":"Shell Parasite","floor":18,"turns":5},{"damage":7,"enemies":"3 Byrds","floor":19,"turns":3},{"damage":15,"enemies":"Snake Plant","floor":21,"turns":4},{"damage":35,"enemies":"Gremlin Leader","floor":24,"turns":7}],"seed_played":"-8672885192045920325","potions_obtained":[{"floor":1,"key":"PowerPotion"},{"floor":6,"key":"SpeedPotion"},{"floor":19,"key":"GamblersBrew"}],"is_trial":false,"path_per_floor":["M","$","?","M","?","E","R","?","T","M","?","?","E","$","R","B",null,"M","M","?","M","$","R","E"],"character_chosen":"THE_SILENT","items_purchased":["Leg Sweep","Footwork","Anchor","Fire Potion"],"campfire_rested":1,"item_purchase_floors":[2,14,14,14],"current_hp_per_floor":[59,59,64,64,64,64,64,53,53,50,37,26,14,14,48,23,54,48,41,41,31,31,31,0],"gold":123,"neow_bonus":"THREE_ENEMY_KILL","is_prod":false,"is_daily":false,"chose_seed":false,"campfire_upgraded":2,"win_rate":0,"timestamp":1562939902,"path_taken":["M","$","?","M","?","E","R","?","T","M","?","?","E","?","R","BOSS","M","M","?","M","$","R","E"],"build_version":"2019-07-05","purchased_purges":1,"victory":false,"max_hp_per_floor":[66,66,71,71,64,64,64,64,64,64,64,64,64,64,64,64,64,64,64,64,64,64,64,64],"card_choices":[{"not_picked":["Prepared","Acrobatics"],"picked":"Bouncing Flask","floor":4},{"not_picked":["Caltrops","Heel Hook"],"picked":"Dagger Throw","floor":6},{"not_picked":["Prepared","Cloak And Dagger"],"picked":"Dash","floor":10},{"not_picked":["Outmaneuver","Terror"],"picked":"All Out Attack","floor":11},{"not_picked":["Outmaneuver","Dagger Throw"],"picked":"Underhanded Strike","floor":12},{"not_picked":["PiercingWail","Dodge and Roll"],"picked":"Die Die Die","floor":13},{"not_picked":["Envenom","Venomology"],"picked":"Corpse Explosion","floor":16},{"not_picked":[],"picked":"Well Laid Plans","floor":19}],"player_experience":1222537,"relics_obtained":[{"floor":6,"key":"Bag of Marbles"},{"floor":9,"key":"Happy Flower"},{"floor":11,"key":"Odd Mushroom"},{"floor":13,"key":"Smiling Mask"}],"event_choices":[{"damage_healed":0,"gold_gain":0,"player_choice":"Donut","damage_taken":0,"max_hp_gain":5,"max_hp_loss":0,"event_name":"Big Fish","floor":3,"gold_loss":0},{"damage_healed":0,"gold_gain":0,"player_choice":"Lose Max HP","damage_taken":0,"relics_obtained":["Golden Idol"],"max_hp_gain":0,"max_hp_loss":7,"event_name":"Golden Idol","floor":5,"gold_loss":0},{"damage_healed":0,"gold_gain":75,"player_choice":"Gather Gold","damage_taken":11,"max_hp_gain":0,"max_hp_loss":0,"event_name":"World of Goop","floor":8,"gold_loss":0},{"damage_healed":0,"gold_gain":0,"player_choice":"Fought Mushrooms","damage_taken":0,"max_hp_gain":0,"max_hp_loss":0,"event_name":"Mushrooms","floor":11,"gold_loss":0},{"damage_healed":0,"gold_gain":0,"player_choice":"Searched \u00272\u0027 times","damage_taken":0,"relics_obtained":["Regal Pillow"],"max_hp_gain":0,"max_hp_loss":0,"event_name":"Dead Adventurer","floor":12,"gold_loss":0},{"damage_healed":0,"gold_gain":0,"player_choice":"Gave Idol","damage_taken":0,"relics_obtained":["Bloody Idol"],"max_hp_gain":0,"max_hp_loss":0,"event_name":"Forgotten Altar","floor":20,"relics_lost":["Golden Idol"],"gold_loss":0}],"is_beta":false,"boss_relics":[{"not_picked":["Orrery","Pandora\u0027s Box"],"picked":"Busted Crown"}],"items_purged_floors":[22],"is_endless":false,"potions_floor_spawned":[1,6,19],"killed_by":"Gremlin Leader","ascension_level":20}