{"gold_per_floor":[111,111,125,105,124,124,155,155,178,243,262,289,315,332,332,405,405,425,445,645,658,671,671,698,698,698,698,482,482,515,540,540,613,613,624,676,218,237,237,237,270,270,270,288,300,300,325,325,325,325,325,325,325,148,182,182],"floor_reached":57,"playtime":2922,"items_purged":["Clash","Bash+1"],"score":2837,"play_id":"31468626-d966-4c43-80c5-c49edb291b36","local_time":"20190616183629","is_ascension_mode":true,"campfire_choices":[{"data":"Bash","floor":6,"key":"SMITH"},{"data":"Spot Weakness","floor":8,"key":"SMITH"},{"data":"Whirlwind","floor":15,"key":"SMITH"},{"data":"Inflame","floor":23,"key":"SMITH"},{"data":"Dual Wield","floor":25,"key":"SMITH"},{"data":"True Grit","floor":29,"key":"SMITH"},{"data":"Feel No Pain","floor":32,"key":"SMITH"},{"floor":42,"key":"RECALL"},{"data":"Juggernaut","floor":46,"key":"SMITH"},{"data":"Dark Embrace","floor":49,"key":"SMITH"},{"data":"Feel No Pain","floor":53,"key":"SMITH"}],"neow_cost":"NONE","seed_source_timestamp":184915545825900,"circlet_count":0,"master_deck":["AscendersBane","Reaper","Shrug It Off","Pommel Strike+1","Spot Weakness+1","Feel No Pain+1","Double Tap","Whirlwind+1","Offering","Warcry","Power Through","Inflame+1","Feel No Pain+1","Seeing Red","Seeing Red","Seeing Red","Dual Wield+1","Seeing Red","Battle Trance","Spot Weakness+1","True Grit+1","Exhume","Warcry+1","Dark Embrace+1","Sword Boomerang+1","Juggernaut+1","Disarm","Shockwave","Exhume","Purity","Dark Shackles","Evolve"],"relics":["Burning Blood","Happy Flower","Whetstone","Bag of Preparation","Red Skull","Odd Mushroom","Pandora\u0027s Box","Bottled Lightning","Turnip","Juzu Bracelet","Red Mask","Pen Nib","Sozu","Gambling Chip","Centennial Puzzle","ClockworkSouvenir","Omamori","Regal Pillow","Art of War"],"potions_floor_usage":[7,10,16,16,18,22,24,41,56],"damage_taken":[{"damage":10,"enemies":"2 Louse","floor":1,"turns":3},{"damage":16,"enemies":"Jaw Worm","floor":3,"turns":5},{"damage":6,"enemies":"Cultist","floor":5,"turns":4},{"damage":54,"enemies":"3 Sentries","floor":7,"turns":13},{"damage":19,"enemies":"3 Sentries","floor":10,"turns":5},{"damage":7,"enemies":"Exordium Wildlife","floor":11,"turns":2},{"damage":32,"enemies":"Lagavulin","floor":12,"turns":7},{"damage":51,"enemies":"The Mushroom Lair","floor":13,"turns":4},{"damage":3,"enemies":"Looter","floor":14,"turns":2},{"damage":32,"enemies":"Hexaghost","floor":16,"turns":8},{"damage":10,"enemies":"3 Byrds","floor":18,"turns":3},{"damage":6,"enemies":"Chosen","floor":19,"turns":3},{"damage":6,"enemies":"Centurion and Healer","floor":21,"turns":2},{"damage":6,"enemies":"Shelled Parasite and Fungi","floor":22,"turns":1},{"damage":43,"enemies":"Book of Stabbing","floor":24,"turns":4},{"damage":6,"enemies":"Masked Bandits","floor":30,"turns":1},{"damage":18,"enemies":"Slavers","floor":31,"turns":2},{"damage":82,"enemies":"Automaton","floor":33,"turns":8},{"damage":6,"enemies":"3 Darklings","floor":35,"turns":2},{"damage":12,"enemies":"2 Orb Walkers","floor":36,"turns":3},{"damage":8,"enemies":"3 Shapes","floor":38,"turns":5},{"damage":12,"enemies":"Nemesis","floor":41,"turns":3},{"damage":6,"enemies":"Spire Growth","floor":44,"turns":4},{"damage":6,"enemies":"Writhing Mass","floor":45,"turns":4},{"damage":20,"enemies":"Reptomancer","floor":47,"turns":4},{"damage":39,"enemies":"Donu and Deca","floor":50,"turns":7},{"damage":80,"enemies":"Time Eater","floor":51,"turns":12},{"damage":53,"enemies":"Shield and Spear","floor":55,"turns":7},{"damage":110,"enemies":"The Heart","floor":56,"turns":8}],"seed_played":"-2331212100486630579","potions_obtained":[{"floor":1,"key":"GamblersBrew"},{"floor":3,"key":"SkillPotion"},{"floor":10,"key":"FearPotion"},{"floor":14,"key":"Poison Potion"},{"floor":16,"key":"LiquidBronze"},{"floor":18,"key":"Poison Potion"},{"floor":21,"key":"Fire Potion"},{"floor":22,"key":"EssenceOfSteel"},{"floor":30,"key":"LiquidBronze"},{"floor":33,"key":"SkillPotion"}],"is_trial":false,"path_per_floor":["M","?","M","?","M","R","E","R","T","?","M","E","?","M","R","B",null,"M","M","?","M","M","R","E","R","T","?","$","R","?","E","R","B",null,"M","?","$","M","?","?","E","R","T","M","M","R","E","?","R","B","B",null,"R","$","E","B",null],"character_chosen":"IRONCLAD","items_purchased":["Juzu Bracelet","True Grit","Centennial Puzzle","ClockworkSouvenir","Evolve"],"campfire_rested":0,"item_purchase_floors":[28,28,37,37,54],"current_hp_per_floor":[72,77,73,73,77,77,41,41,41,51,66,53,32,35,35,17,64,74,80,80,80,80,80,49,49,49,49,49,49,61,80,80,46,72,80,80,80,80,80,80,80,80,80,80,80,80,80,70,70,69,80,80,80,80,80,80],"gold":182,"neow_bonus":"ONE_RANDOM_RARE_CARD","is_prod":false,"is_daily":false,"chose_seed":false,"campfire_upgraded":10,"win_rate":0,"timestamp":1560677789,"path_taken":["M","?","M","?","?","R","E","R","T","?","M","E","?","M","R","BOSS","M","M","?","M","?","R","E","R","T","?","$","R","?","E","R","BOSS","M","?","$","M","?","?","E","R","T","M","M","R","E","?","R","BOSS","BOSS","R","$","E","BOSS"],"build_version":"2019-01-23","purchased_purges":2,"victory":true,"max_hp_per_floor":[75,80,80,80,80,80,80,80,80,80,80,80,80,80,80,80,80,80,80,80,80,80,80,80,80,80,80,80,80,80,80,80,80,80,80,80,80,80,80,80,80,80,80,80,80,80,80,80,80,80,80,80,80,80,80,80],"card_choices":[{"not_picked":["Pummel","Twin Strike"],"picked":"Shrug It Off","floor":1},{"not_picked":["Searing Blow","Power Through"],"picked":"Pommel Strike","floor":3},{"not_picked":["Perfected Strike","Rage","Flex"],"picked":"SKIP","floor":5},{"not_picked":["Feed","True Grit"],"picked":"Spot Weakness","floor":7},{"not_picked":["Clash","Heavy Blade"],"picked":"Feel No Pain","floor":10},{"not_picked":["True Grit","Entrench"],"picked":"Sword Boomerang","floor":11},{"not_picked":["Sever Soul","Seeing Red"],"picked":"Double Tap","floor":12},{"not_picked":["Clash","Power Through"],"picked":"Whirlwind","floor":14},{"not_picked":["Immolate","Reaper"],"picked":"Offering","floor":16},{"not_picked":["Inflame","Havoc"],"picked":"Dual Wield","floor":18},{"not_picked":["Twin Strike","Uppercut"],"picked":"Seeing Red","floor":19},{"not_picked":["Dropkick","Flame Barrier"],"picked":"Battle Trance","floor":21},{"not_picked":["Warcry","Sword Boomerang","Rupture"],"picked":"SKIP","floor":22},{"not_picked":["Warcry","Searing Blow","Iron Wave"],"picked":"SKIP","floor":24},{"not_picked":["Thunderclap","Shrug It Off"],"picked":"Exhume","floor":30},{"not_picked":["Intimidate","Carnage"],"picked":"Warcry+1","floor":31},{"not_picked":["Exhume","Bludgeon"],"picked":"Dark Embrace","floor":33},{"not_picked":["Pommel Strike","Warcry","Hemokinesis"],"picked":"SKIP","floor":35},{"not_picked":["Searing Blow","Headbutt"],"picked":"Sword Boomerang+1","floor":36},{"not_picked":["Shrug It Off","Pommel Strike","Clothesline"],"picked":"SKIP","floor":38},{"not_picked":["Corruption","Perfected Strike"],"picked":"Juggernaut","floor":41},{"not_picked":["Anger","Havoc+1"],"picked":"Disarm","floor":44},{"not_picked":["Warcry+1","Sword Boomerang"],"picked":"Shockwave","floor":45},{"not_picked":["Combust","Seeing Red"],"picked":"Exhume","floor":47},{"not_picked":["Secret Technique","Good Instincts"],"picked":"Purity","floor":48},{"not_picked":["Mayhem","Secret Weapon"],"picked":"Dark Shackles","floor":48},{"not_picked":["Body Slam","Pommel Strike","Combust"],"picked":"SKIP","floor":55}],"player_experience":690756,"relics_obtained":[{"floor":7,"key":"Happy Flower"},{"floor":9,"key":"Whetstone"},{"floor":10,"key":"Bag of Preparation"},{"floor":12,"key":"Red Skull"},{"floor":13,"key":"Odd Mushroom"},{"floor":24,"key":"Bottled Lightning"},{"floor":26,"key":"Turnip"},{"floor":30,"key":"Red Mask"},{"floor":31,"key":"Pen Nib"},{"floor":36,"key":"Gambling Chip"},{"floor":41,"key":"Omamori"},{"floor":47,"key":"Regal Pillow"},{"floor":55,"key":"Art of War"}],"event_choices":[{"damage_healed":0,"gold_gain":0,"player_choice":"Donut","damage_taken":0,"max_hp_gain":5,"max_hp_loss":0,"event_name":"Big Fish","floor":2,"gold_loss":0},{"damage_healed":0,"gold_gain":0,"player_choice":"Bought 1 Potion","damage_taken":0,"max_hp_gain":0,"max_hp_loss":0,"event_name":"The Woman in Blue","floor":4,"gold_loss":0},{"damage_healed":0,"gold_gain":0,"player_choice":"Searched \u00271\u0027 times","damage_taken":0,"max_hp_gain":0,"max_hp_loss":0,"event_name":"Dead Adventurer","floor":10,"gold_loss":0},{"damage_healed":0,"gold_gain":0,"player_choice":"Fought Mushrooms","damage_taken":0,"max_hp_gain":0,"max_hp_loss":0,"event_name":"Mushrooms","floor":13,"gold_loss":0},{"damage_healed":0,"gold_gain":250,"player_choice":"Bet on Owner","damage_taken":0,"max_hp_gain":0,"max_hp_loss":0,"event_name":"The Joust","floor":20,"gold_loss":50},{"damage_healed":0,"gold_gain":0,"cards_transformed":["Power Through","Flex"],"player_choice":"Became Test Subject","damage_taken":0,"max_hp_gain":0,"max_hp_loss":0,"event_name":"Drug Dealer","floor":27,"gold_loss":0,"cards_obtained":["Spot Weakness","Clash"]},{"damage_healed":0,"gold_gain":0,"player_choice":"Fought Bandits","damage_taken":0,"max_hp_gain":0,"max_hp_loss":0,"event_name":"Masked Bandits","floor":30,"gold_loss":0},{"damage_healed":0,"gold_gain":0,"player_choice":"Fight","damage_taken":0,"max_hp_gain":0,"max_hp_loss":0,"event_name":"Mysterious Sphere","floor":36,"gold_loss":0},{"cards_removed":["Sword Boomerang"],"damage_healed":0,"gold_gain":0,"player_choice":"Removed Attack","damage_taken":0,"max_hp_gain":0,"max_hp_loss":0,"event_name":"Falling","floor":39,"gold_loss":0},{"damage_healed":0,"gold_gain":0,"player_choice":"Forge","damage_taken":0,"max_hp_gain":0,"max_hp_loss":0,"event_name":"Accursed Blacksmith","floor":40,"gold_loss":0,"cards_upgraded":["Spot Weakness"]},{"damage_healed":0,"gold_gain":0,"player_choice":"Memory 3","damage_taken":10,"max_hp_gain":0,"max_hp_loss":0,"event_name":"SensoryStone","floor":48,"gold_loss":0}],"is_beta":false,"boss_relics":[{"not_picked":["Orrery","Eternal Feather"],"picked":"Pandora\u0027s Box"},{"not_picked":["Mark of Pain","Black Blood"],"picked":"Sozu"}],"items_purged_floors":[37,54],"is_endless":false,"potions_floor_spawned":[1,3,10,14,16,18,21,22,30,33,35,36,47,55],"ascension_level":20}