{"gold_per_floor":[115,126,51,51,70,70,99,111,111,111,174,174],"floor_reached":12,"playtime":422,"items_purged":[],"score":156,"play_id":"26b995a6-66c6-4df7-9b71-d5c3f619231c","local_time":"20190708202908","is_ascension_mode":true,"campfire_choices":[{"data":"Defragment","floor":6,"key":"SMITH"},{"data":"Self Repair","floor":10,"key":"SMITH"}],"neow_cost":"CURSE","seed_source_timestamp":57227036347400,"circlet_count":0,"master_deck":["AscendersBane","Strike_B","Strike_B","Strike_B","Strike_B","Defend_B","Defend_B","Defend_B","Defend_B","Zap+1","Dualcast","Seek+1","Defragment+1","Self Repair+1","Coolheaded","Ball Lightning","Hologram"],"relics":["Cracked Core","Oddly Smooth Stone","Meat on the Bone"],"potions_floor_usage":[12],"damage_taken":[{"damage":4,"enemies":"2 Louse","floor":1,"turns":3},{"damage":7,"enemies":"Small Slimes","floor":2,"turns":4},{"damage":1,"enemies":"Cultist","floor":5,"turns":3},{"damage":12,"enemies":"Lagavulin","floor":7,"turns":8},{"damage":0,"enemies":"Blue Slaver","floor":8,"turns":5},{"damage":13,"enemies":"Gremlin Nob","floor":11,"turns":3},{"damage":7,"enemies":"Gremlin Nob","floor":12,"turns":3}],"seed_played":"1626950099976955943","potions_obtained":[{"floor":2,"key":"Explosive Potion"},{"floor":11,"key":"FearPotion"}],"is_trial":false,"path_per_floor":["M","M","?","?","M","R","E","M","T","R","?","E"],"character_chosen":"DEFECT","items_purchased":[],"campfire_rested":0,"item_purchase_floors":[],"current_hp_per_floor":[60,53,53,33,39,39,34,41,41,41,28,21],"gold":174,"neow_bonus":"THREE_RARE_CARDS","is_prod":false,"is_daily":false,"chose_seed":false,"campfire_upgraded":2,"win_rate":0,"timestamp":1562585348,"path_taken":["M","M","?","?","M","R","E","M","T","R","?","E"],"build_version":"2019-07-05","purchased_purges":0,"victory":false,"max_hp_per_floor":[71,71,68,68,68,68,68,68,68,68,68,68],"card_choices":[{"not_picked":["Machine Learning","All For One"],"picked":"Seek","floor":0},{"not_picked":["Chaos","Turbo"],"picked":"Defragment","floor":1},{"not_picked":["Chill","Sweeping Beam"],"picked":"Self Repair","floor":2},{"not_picked":["Go for the Eyes","BootSequence"],"picked":"Coolheaded","floor":5},{"not_picked":["Auto Shields","Static Discharge","Stack"],"picked":"SKIP","floor":7},{"not_picked":["Redo","Streamline"],"picked":"Ball Lightning","floor":8},{"not_picked":["Melter","Storm"],"picked":"Hologram","floor":11}],"player_experience":953391,"relics_obtained":[{"floor":7,"key":"Oddly Smooth Stone"},{"floor":11,"key":"Meat on the Bone"}],"event_choices":[{"cards_removed":["Parasite"],"damage_healed":0,"gold_gain":0,"player_choice":"Card Removal","damage_taken":0,"max_hp_gain":0,"max_hp_loss":0,"event_name":"The Cleric","floor":3,"gold_loss":75},{"damage_healed":0,"gold_gain":0,"player_choice":"Entered Light","damage_taken":20,"max_hp_gain":0,"max_hp_loss":0,"event_name":"Shining Light","floor":4,"gold_loss":0,"cards_upgraded":["Zap","Seek"]},{"damage_healed":0,"gold_gain":0,"player_choice":"Searched \u00271\u0027 times","damage_taken":0,"max_hp_gain":0,"max_hp_loss":0,"event_name":"Dead Adventurer","floor":11,"gold_loss":0}],"is_beta":false,"boss_relics":[],"items_purged_floors":[],"is_endless":false,"potions_floor_spawned":[2,11],"killed_by":"Gremlin Nob","ascension_level":20}