{"gold_per_floor":[116,128,128,278,553,553,478,510,510,525,525,579,592,610,610,689,689,709,709,709,116,166,166,200,200,200,200,200],"floor_reached":28,"playtime":728,"items_purged":["Regret","Doubt"],"score":474,"play_id":"9a22ad83-5fd9-48c8-b29a-7c9fdf5d2014","local_time":"20190728210420","is_ascension_mode":true,"campfire_choices":[{"data":"Dagger Spray","floor":6,"key":"SMITH"},{"data":"Deadly Poison","floor":11,"key":"SMITH"},{"data":"Neutralize","floor":15,"key":"SMITH"},{"data":"A Thousand Cuts","floor":23,"key":"SMITH"},{"floor":25,"key":"REST"},{"data":"Reflex","floor":27,"key":"SMITH"}],"neow_cost":"NONE","seed_source_timestamp":797598106145000,"circlet_count":0,"master_deck":["AscendersBane","Strike_G","Strike_G","Strike_G","Strike_G","Defend_G","Defend_G","Defend_G","Defend_G","Defend_G","Survivor","Neutralize+1","Deadly Poison+1","Dagger Spray+1","Tools of the Trade","PiercingWail","Caltrops","A Thousand Cuts+1","Reflex+1"],"relics":["Ring of the Snake","NeowsBlessing","Dodecahedron","Mango","Boot","Snecko Eye","Happy Flower","WingedGreaves","Red Mask","Smiling Mask"],"potions_floor_usage":[16,18,18],"damage_taken":[{"damage":0,"enemies":"Cultist","floor":1,"turns":1},{"damage":0,"enemies":"Small Slimes","floor":2,"turns":1},{"damage":0,"enemies":"3 Sentries","floor":8,"turns":2},{"damage":0,"enemies":"2 Louse","floor":10,"turns":3},{"damage":4,"enemies":"Lots of Slimes","floor":13,"turns":3},{"damage":0,"enemies":"Exordium Wildlife","floor":14,"turns":4},{"damage":25,"enemies":"The Guardian","floor":16,"turns":12},{"damage":12,"enemies":"Spheric Guardian","floor":18,"turns":6},{"damage":50,"enemies":"Masked Bandits","floor":24,"turns":4},{"damage":11,"enemies":"Shell Parasite","floor":28,"turns":4}],"seed_played":"-1429300683004354512","potions_obtained":[{"floor":2,"key":"SteroidPotion"},{"floor":10,"key":"GhostInAJar"},{"floor":16,"key":"SkillPotion"},{"floor":18,"key":"LiquidBronze"}],"is_trial":false,"path_per_floor":["M","M","?","?","?","R","$","E","T","M","R","T","M","M","R","B",null,"M","?","?","$","?","R","?","R","T","R","M"],"character_chosen":"THE_SILENT","items_purchased":["Happy Flower","WingedGreaves"],"campfire_rested":1,"item_purchase_floors":[21,21],"current_hp_per_floor":[59,59,52,52,52,52,52,52,66,66,66,66,62,62,62,37,69,57,57,57,57,57,57,7,31,31,31,20],"gold":200,"neow_bonus":"THREE_ENEMY_KILL","is_prod":false,"is_daily":false,"chose_seed":false,"campfire_upgraded":5,"win_rate":0,"timestamp":1564315460,"path_taken":["M","M","?","?","?","R","$","E","T","?","R","?","M","M","R","BOSS","M","?","?","$","?","R","?","R","T","R","?"],"build_version":"2019-07-17","purchased_purges":2,"victory":false,"max_hp_per_floor":[66,66,66,66,66,66,66,66,80,80,80,80,80,80,80,80,80,80,80,80,80,80,80,80,80,80,80,80],"card_choices":[{"not_picked":["Prepared","Acrobatics"],"picked":"Deadly Poison","floor":1},{"not_picked":["Deadly Poison","Flying Knee"],"picked":"Dagger Spray","floor":2},{"not_picked":["Slice","Terror"],"picked":"Tools of the Trade","floor":8},{"not_picked":["Deflect","Deadly Poison"],"picked":"PiercingWail","floor":10},{"not_picked":["Dagger Spray","Endless Agony"],"picked":"Caltrops","floor":13},{"not_picked":["Outmaneuver","Bane","Dagger Throw"],"picked":"SKIP","floor":14},{"not_picked":["Grand Finale","Storm of Steel"],"picked":"A Thousand Cuts","floor":16},{"not_picked":["Blade Dance","Prepared","Caltrops"],"picked":"SKIP","floor":18}],"player_experience":1265298,"relics_obtained":[{"floor":8,"key":"Dodecahedron"},{"floor":9,"key":"Mango"},{"floor":12,"key":"Boot"},{"floor":24,"key":"Red Mask"},{"floor":26,"key":"Smiling Mask"}],"event_choices":[{"cards_removed":["Strike_G"],"damage_healed":0,"gold_gain":0,"player_choice":"Card Removal","damage_taken":7,"max_hp_gain":0,"max_hp_loss":0,"event_name":"Golden Wing","floor":3,"gold_loss":0},{"damage_healed":0,"gold_gain":150,"player_choice":"AGREE","damage_taken":0,"max_hp_gain":0,"max_hp_loss":0,"event_name":"Liars Game","floor":4,"gold_loss":0,"cards_obtained":["Doubt"]},{"damage_healed":0,"gold_gain":275,"player_choice":"Desecrate","damage_taken":0,"max_hp_gain":0,"max_hp_loss":0,"event_name":"Golden Shrine","floor":5,"gold_loss":0,"cards_obtained":["Regret"]},{"damage_healed":0,"gold_gain":0,"player_choice":"Ignored","damage_taken":0,"max_hp_gain":0,"max_hp_loss":0,"event_name":"The Mausoleum","floor":19,"gold_loss":0},{"damage_healed":0,"gold_gain":0,"player_choice":"Read","damage_taken":0,"max_hp_gain":0,"max_hp_loss":0,"event_name":"The Library","floor":20,"gold_loss":0,"cards_obtained":["Reflex"]},{"damage_healed":0,"gold_gain":50,"player_choice":"Stole From Cult","damage_taken":0,"max_hp_gain":0,"max_hp_loss":0,"event_name":"Nest","floor":22,"gold_loss":0},{"damage_healed":0,"gold_gain":0,"player_choice":"Fought Bandits","damage_taken":0,"max_hp_gain":0,"max_hp_loss":0,"event_name":"Masked Bandits","floor":24,"gold_loss":0}],"is_beta":false,"boss_relics":[{"not_picked":["Fusion Hammer","Orrery"],"picked":"Snecko Eye"}],"items_purged_floors":[7,21],"is_endless":false,"potions_floor_spawned":[2,10,13,16,18],"killed_by":"Shell Parasite","ascension_level":20}