{"gold_per_floor":[113,130,130,16,67,102,102,121,146,166,166,166,184,214,214,214],"floor_reached":16,"playtime":478,"items_purged":["Strike_R"],"score":220,"play_id":"0c123e4e-d102-458c-8481-3a7541a5a285","local_time":"20190622144353","is_ascension_mode":true,"campfire_choices":[{"data":"Anger","floor":7.0,"key":"SMITH"},{"data":"Rampage","floor":12.0,"key":"SMITH"},{"data":"Bash","floor":15.0,"key":"SMITH"}],"neow_cost":"PERCENT_DAMAGE","seed_source_timestamp":4134249361700,"circlet_count":0,"master_deck":["AscendersBane","Strike_R","Strike_R","Strike_R","Defend_R","Defend_R","Defend_R","Defend_R","Bash+1","Anger+1","Shrug It Off","Rampage+1","Battle Trance","Corruption","Reaper","Exhume"],"special_seed":0,"relics":["Burning Blood","Bird Faced Urn","Bag of Preparation","Oddly Smooth Stone","Blood Vial","Calipers","Lantern"],"potions_floor_usage":[16],"damage_taken":[{"damage":9.0,"enemies":"Jaw Worm","floor":1.0,"turns":4.0},{"damage":1.0,"enemies":"Cultist","floor":2.0,"turns":3.0},{"damage":37.0,"enemies":"3 Sentries","floor":6.0,"turns":9.0},{"damage":0.0,"enemies":"2 Louse","floor":8.0,"turns":2.0},{"damage":0.0,"enemies":"Gremlin Gang","floor":10.0,"turns":4.0},{"damage":5.0,"enemies":"Looter","floor":13.0,"turns":3.0},{"damage":8.0,"enemies":"Gremlin Nob","floor":14.0,"turns":3.0},{"damage":53,"enemies":"Slime Boss","floor":16,"turns":11}],"seed_played":"-2141553523811503275","potions_obtained":[{"floor":6.0,"key":"GamblersBrew"},{"floor":10.0,"key":"PowerPotion"},{"floor":14.0,"key":"GamblersBrew"}],"is_trial":false,"path_per_floor":["M","M","?","$","T","E","R","M","T","M","?","R","M","E","R","B"],"character_chosen":"IRONCLAD","items_purchased":["Rampage"],"campfire_rested":0,"item_purchase_floors":[4],"current_hp_per_floor":[47,52,52,52,52,21,21,27,27,35,35,35,40,40,40,0],"gold":214,"neow_bonus":"ONE_RARE_RELIC","is_prod":false,"is_daily":false,"chose_seed":false,"campfire_upgraded":3,"win_rate":0,"timestamp":1561182233,"path_taken":["M","M","?","$","?","E","R","M","T","M","?","R","M","E","R","BOSS"],"build_version":"2019-01-23","purchased_purges":1,"victory":false,"max_hp_per_floor":[75,75,75,75,75,75,75,75,75,75,75,75,75,75,75,75],"card_choices":[{"not_picked":["Clothesline","Disarm"],"picked":"Anger","floor":1.0},{"not_picked":["Second Wind","Perfected Strike"],"picked":"Shrug It Off","floor":2.0},{"not_picked":["Havoc","Warcry","Clash"],"picked":"SKIP","floor":6.0},{"not_picked":["Clothesline","Burning Pact"],"picked":"Battle Trance","floor":8.0},{"not_picked":["Searing Blow","Perfected Strike"],"picked":"Corruption","floor":10.0},{"not_picked":["Ghostly Armor","Pommel Strike"],"picked":"Reaper","floor":13.0},{"not_picked":["Double Tap","Entrench"],"picked":"Exhume","floor":14.0}],"player_experience":739399,"relics_obtained":[{"floor":5.0,"key":"Bag of Preparation"},{"floor":6.0,"key":"Oddly Smooth Stone"},{"floor":9.0,"key":"Blood Vial"},{"floor":14.0,"key":"Lantern"}],"event_choices":[{"cards_removed":["Strike_R"],"damage_healed":0.0,"max_hp_gain":0.0,"max_hp_loss":0.0,"gold_gain":0.0,"event_name":"Bonfire Elementals","player_choice":"Offered Basic","floor":3.0,"gold_loss":0.0,"damage_taken":0.0},{"damage_healed":0.0,"max_hp_gain":0.0,"max_hp_loss":0.0,"gold_gain":0.0,"event_name":"WeMeetAgain","player_choice":"Gave Potion","floor":11.0,"gold_loss":0.0,"damage_taken":0.0,"relics_obtained":["Calipers"]}],"is_beta":false,"boss_relics":[],"items_purged_floors":[4],"is_endless":false,"potions_floor_spawned":[6,10,14],"killed_by":"Slime Boss","ascension_level":20}