{"gold_per_floor":[119,89,104,124,143,143,174,174,201,201,228,228,58,69,69,141,141,158,158,158,158,178,207,219,119,119,152,152,171,171,188,188,262,262,279,306,306,306,317,350,93,106,153,201,230,230,258,60,60,60,60],"floor_reached":52,"playtime":2171,"items_purged":["Pain","Strike_R"],"score":2072,"play_id":"261ecf48-d0b6-44ad-ad19-32ae0f83af91","local_time":"20190620170834","is_ascension_mode":true,"campfire_choices":[{"data":"Bash","floor":6,"key":"SMITH"},{"data":"Dark Embrace","floor":8,"key":"SMITH"},{"data":"Pommel Strike","floor":12,"key":"SMITH"},{"data":"True Grit","floor":15,"key":"SMITH"},{"data":"Inflame","floor":28,"key":"SMITH"},{"data":"Shockwave","floor":30,"key":"SMITH"},{"data":"Metallicize","floor":32,"key":"SMITH"},{"data":"Armaments","floor":49,"key":"SMITH"}],"neow_cost":"NONE","seed_source_timestamp":69507061395200,"circlet_count":0,"master_deck":["AscendersBane","Strike_R","Strike_R","Defend_R","Defend_R","Defend_R","Defend_R","Bash+1","Pommel Strike+1","Shrug It Off","Dark Embrace+1","Metallicize+1","True Grit+1","Infernal Blade","Reaper","Battle Trance","Inflame+1","True Grit+1","Disarm","Reaper","Shockwave+1","Anger+1","Immolate","Evolve+1","Entrench","Corruption","Limit Break","Ghostly Armor","Power Through","Body Slam","Disarm","Rage","Armaments+1"],"relics":["Burning Blood","NeowsBlessing","Vajra","Lantern","WarpedTongs","Red Skull","Sozu","Calipers","Pocketwatch","The Courier","Coffee Dripper","Bag of Preparation","Oddly Smooth Stone","FossilizedHelix","Ginger","Molten Egg 2","Medical Kit"],"potions_floor_usage":[7,7,11,16],"damage_taken":[{"damage":0,"enemies":"2 Louse","floor":1,"turns":1},{"damage":0,"enemies":"Cultist","floor":3,"turns":1},{"damage":0,"enemies":"Jaw Worm","floor":4,"turns":1},{"damage":17,"enemies":"Exordium Thugs","floor":5,"turns":4},{"damage":40,"enemies":"Lagavulin","floor":7,"turns":7},{"damage":25,"enemies":"3 Sentries","floor":11,"turns":9},{"damage":2,"enemies":"Large Slime","floor":14,"turns":5},{"damage":16,"enemies":"Hexaghost","floor":16,"turns":8},{"damage":15,"enemies":"Chosen","floor":18,"turns":5},{"damage":17,"enemies":"3 Byrds","floor":22,"turns":6},{"damage":34,"enemies":"Slavers","floor":23,"turns":4},{"damage":16,"enemies":"Sentry and Sphere","floor":24,"turns":5},{"damage":16,"enemies":"Book of Stabbing","floor":27,"turns":5},{"damage":9,"enemies":"Centurion and Healer","floor":29,"turns":9},{"damage":8,"enemies":"Cultist and Chosen","floor":31,"turns":6},{"damage":50,"enemies":"Champ","floor":33,"turns":13},{"damage":6,"enemies":"Orb Walker","floor":35,"turns":3},{"damage":46,"enemies":"3 Darklings","floor":39,"turns":3},{"damage":51,"enemies":"Giant Head","floor":40,"turns":9},{"damage":4,"enemies":"Spire Growth","floor":42,"turns":4},{"damage":59,"enemies":"2 Orb Walkers","floor":44,"turns":5},{"damage":0,"enemies":"Nemesis","floor":45,"turns":1},{"damage":0,"enemies":"Giant Head","floor":47,"turns":3},{"damage":20,"enemies":"Time Eater","floor":50,"turns":8},{"damage":48,"enemies":"Donu and Deca","floor":51,"turns":8}],"seed_played":"4523289078369741980","potions_obtained":[{"floor":1,"key":"Explosive Potion"},{"floor":2,"key":"SpeedPotion"},{"floor":2,"key":"Regen Potion"},{"floor":7,"key":"SkillPotion"},{"floor":11,"key":"Block Potion"},{"floor":14,"key":"FairyPotion"}],"is_trial":false,"path_per_floor":["M","?","M","M","M","R","E","R","T","?","E","R","$","M","R","B",null,"M","?","?","?","M","E","M","$","T","E","R","M","R","M","R","B",null,"M","T","?","?","M","E","$","M","T","?","E","?","E","$","R","B","B",null],"character_chosen":"IRONCLAD","items_purchased":["Metallicize","True Grit","Corruption","Limit Break","Ghostly Armor","Medical Kit","Armaments"],"campfire_rested":0,"item_purchase_floors":[13,13,41,41,41,48,48],"current_hp_per_floor":[74,74,75,75,64,64,44,44,44,44,25,25,25,29,29,19,61,57,57,36,36,35,40,30,30,30,20,20,55,55,74,74,30,68,80,80,80,80,80,60,60,80,80,80,80,80,80,80,80,80,53],"gold":60,"neow_bonus":"THREE_ENEMY_KILL","is_prod":false,"is_daily":false,"chose_seed":false,"campfire_upgraded":8,"win_rate":0,"timestamp":1561018114,"path_taken":["M","?","M","?","M","R","E","R","T","?","E","R","$","M","R","BOSS","M","?","?","?","M","E","M","$","T","E","R","M","R","M","R","BOSS","M","?","?","?","M","E","$","?","T","?","E","?","E","$","R","BOSS","BOSS"],"build_version":"2019-01-23","purchased_purges":2,"victory":true,"max_hp_per_floor":[75,75,75,75,75,75,75,75,75,75,75,75,75,75,75,75,75,75,75,80,80,80,80,80,80,80,80,80,80,80,80,80,80,80,80,80,80,80,80,80,80,80,80,80,80,80,80,80,80,80,80],"card_choices":[{"not_picked":["Entrench","Twin Strike"],"picked":"Pommel Strike","floor":1},{"not_picked":["Metallicize","Clothesline","Burning Pact"],"picked":"SKIP","floor":3},{"not_picked":["Rampage","Power Through","Twin Strike"],"picked":"SKIP","floor":4},{"not_picked":["Rage","Headbutt"],"picked":"Shrug It Off","floor":5},{"not_picked":["Pummel","Berserk"],"picked":"Dark Embrace","floor":7},{"not_picked":["Rupture","Sever Soul","Heavy Blade"],"picked":"SKIP","floor":11},{"not_picked":["Reckless Charge","Rupture"],"picked":"Infernal Blade","floor":14},{"not_picked":["Demon Form","Dark Embrace"],"picked":"Reaper","floor":16},{"not_picked":["Entrench+1","Searing Blow"],"picked":"Battle Trance","floor":18},{"not_picked":["Warcry","Thunderclap","Entrench"],"picked":"SKIP","floor":22},{"not_picked":["Body Slam","Inflame"],"picked":"True Grit+1","floor":23},{"not_picked":["Uppercut","Pummel"],"picked":"Disarm","floor":24},{"not_picked":["Warcry","Seeing Red"],"picked":"Reaper","floor":27},{"not_picked":["Second Wind","Clash"],"picked":"Shockwave","floor":29},{"not_picked":["Pommel Strike","Second Wind"],"picked":"Anger+1","floor":31},{"not_picked":["Exhume","Berserk"],"picked":"Immolate","floor":33},{"not_picked":["Thunderclap","Clothesline+1"],"picked":"Evolve+1","floor":35},{"not_picked":["True Grit+1","Perfected Strike+1"],"picked":"Entrench","floor":39},{"not_picked":["Combust","Wild Strike","Havoc"],"picked":"SKIP","floor":40},{"not_picked":["Cleave","Twin Strike+1"],"picked":"Power Through","floor":42},{"not_picked":["Cleave+1","Armaments"],"picked":"Body Slam","floor":44},{"not_picked":["Immolate","Cleave"],"picked":"Disarm","floor":45},{"not_picked":["Cleave","Hemokinesis"],"picked":"Rage","floor":47}],"player_experience":707768,"relics_obtained":[{"floor":7,"key":"Vajra"},{"floor":9,"key":"Lantern"},{"floor":11,"key":"Red Skull"},{"floor":23,"key":"Calipers"},{"floor":26,"key":"Pocketwatch"},{"floor":27,"key":"The Courier"},{"floor":40,"key":"Bag of Preparation"},{"floor":43,"key":"Oddly Smooth Stone"},{"floor":44,"key":"FossilizedHelix"},{"floor":45,"key":"Ginger"},{"floor":47,"key":"Molten Egg 2"}],"event_choices":[{"damage_healed":0,"gold_gain":0,"player_choice":"Bought 2 Potions","damage_taken":0,"max_hp_gain":0,"max_hp_loss":0,"event_name":"The Woman in Blue","floor":2,"gold_loss":0},{"damage_healed":0,"gold_gain":0,"player_choice":"Rummage","damage_taken":0,"relics_obtained":["WarpedTongs"],"max_hp_gain":0,"max_hp_loss":0,"event_name":"Accursed Blacksmith","floor":10,"gold_loss":0,"cards_obtained":["Pain"]},{"damage_healed":0,"gold_gain":0,"player_choice":"Read","damage_taken":0,"max_hp_gain":0,"max_hp_loss":0,"event_name":"The Library","floor":19,"gold_loss":0,"cards_obtained":["Inflame"]},{"damage_healed":0,"gold_gain":0,"player_choice":"Shed Blood","damage_taken":26,"max_hp_gain":5,"max_hp_loss":0,"event_name":"Forgotten Altar","floor":20,"gold_loss":0},{"cards_removed":["Strike_R"],"damage_healed":0,"gold_gain":0,"player_choice":"Purged","damage_taken":0,"max_hp_gain":0,"max_hp_loss":0,"event_name":"Purifier","floor":21,"gold_loss":0},{"damage_healed":0,"gold_gain":0,"player_choice":"Ignored","damage_taken":0,"max_hp_gain":0,"max_hp_loss":0,"event_name":"Tomb of Lord Red Mask","floor":37,"gold_loss":0},{"damage_healed":0,"gold_gain":0,"player_choice":"Full Heal","damage_taken":0,"max_hp_gain":0,"max_hp_loss":0,"event_name":"Wheel of Change","floor":38,"gold_loss":0},{"damage_healed":0,"gold_gain":0,"player_choice":"Fight","damage_taken":0,"max_hp_gain":0,"max_hp_loss":0,"event_name":"Mysterious Sphere","floor":44,"gold_loss":0},{"cards_removed":["Strike_R"],"damage_healed":0,"gold_gain":0,"player_choice":"Removed Attack","damage_taken":0,"max_hp_gain":0,"max_hp_loss":0,"event_name":"Falling","floor":46,"gold_loss":0}],"is_beta":false,"boss_relics":[{"not_picked":["Empty Cage","Tiny House"],"picked":"Sozu"},{"not_picked":["Fusion Hammer","Velvet Choker"],"picked":"Coffee Dripper"}],"items_purged_floors":[13,25],"is_endless":false,"potions_floor_spawned":[1,7,11,14,23,27,31,42,44,45],"ascension_level":20}