{"gold_per_floor":[110,124,136,136,136,170,170,180,233,233,233,272,272,35,35,128,128,153,153,166,166],"floor_reached":21,"playtime":424,"items_purged":["Regret"],"score":374,"play_id":"16501ad5-f97b-4e95-85d7-53c27a81cda0","local_time":"20190612132353","is_ascension_mode":true,"campfire_choices":[{"floor":7,"key":"REST"},{"floor":10,"key":"REST"},{"data":"Static Discharge","floor":15,"key":"SMITH"}],"neow_cost":"NONE","seed_source_timestamp":344034028225000,"circlet_count":0,"master_deck":["AscendersBane","Strike_B+1","Strike_B","Strike_B","Strike_B+1","Defend_B","Defend_B","Defend_B","Defend_B","Zap","Dualcast","Biased Cognition","Turbo+1","Static Discharge+1","Ball Lightning+1","Tempest","Defragment","Creative AI","White Noise","Creative AI","Glacier"],"relics":["Cracked Core","Mummified Hand","Vajra","Golden Idol","Whetstone","Centennial Puzzle","Happy Flower","Runic Dome"],"potions_floor_usage":[16,20,21],"damage_taken":[{"damage":0,"enemies":"2 Louse","floor":1,"turns":2},{"damage":5,"enemies":"Small Slimes","floor":2,"turns":3},{"damage":1,"enemies":"Cultist","floor":3,"turns":3},{"damage":30,"enemies":"3 Sentries","floor":6,"turns":5},{"damage":2,"enemies":"2 Fungi Beasts","floor":8,"turns":3},{"damage":8,"enemies":"Gremlin Nob","floor":12,"turns":3},{"damage":20,"enemies":"Hexaghost","floor":16,"turns":4},{"damage":38,"enemies":"Chosen","floor":18,"turns":4},{"damage":6,"enemies":"Spheric Guardian","floor":20,"turns":3},{"damage":18,"enemies":"Snecko","floor":21,"turns":2}],"seed_played":"4661296367820231046","potions_obtained":[{"floor":6,"key":"Explosive Potion"},{"floor":8,"key":"Fire Potion"},{"floor":12,"key":"LiquidBronze"},{"floor":20,"key":"AttackPotion"}],"is_trial":false,"path_per_floor":["M","M","M","?","?","E","R","M","T","R","?","E","?","$","R","B",null,"M","?","M","M"],"character_chosen":"DEFECT","items_purchased":["Happy Flower"],"campfire_rested":2,"item_purchase_floors":[14],"current_hp_per_floor":[64,59,58,37,37,7,28,26,26,47,47,39,39,39,39,19,53,15,15,9,0],"gold":166,"neow_bonus":"ONE_RANDOM_RARE_CARD","is_prod":false,"is_daily":false,"chose_seed":false,"campfire_upgraded":1,"win_rate":0,"timestamp":1560313433,"path_taken":["M","M","M","?","?","E","R","M","T","R","?","E","?","$","R","BOSS","M","?","?","M"],"build_version":"2019-01-23","purchased_purges":1,"victory":false,"max_hp_per_floor":[71,71,71,71,71,71,71,71,71,71,64,64,64,64,64,64,64,64,64,64,64],"card_choices":[{"not_picked":["Steam","Lockon"],"picked":"Turbo","floor":1},{"not_picked":["Rebound","Sweeping Beam"],"picked":"Static Discharge","floor":2},{"not_picked":["Recycle","Force Field"],"picked":"Ball Lightning","floor":3},{"not_picked":["Streamline","Double Energy","Leap"],"picked":"SKIP","floor":6},{"not_picked":["Stack","Hologram"],"picked":"Tempest","floor":8},{"not_picked":["Rebound","Stack"],"picked":"Defragment","floor":12},{"not_picked":["Meteor Strike","Multi-Cast"],"picked":"Creative AI","floor":16},{"not_picked":["Conserve Battery+1","Sweeping Beam"],"picked":"White Noise","floor":18},{"not_picked":["Turbo","Gash"],"picked":"Glacier","floor":20}],"player_experience":602558,"relics_obtained":[{"floor":6,"key":"Mummified Hand"},{"floor":9,"key":"Vajra"},{"floor":12,"key":"Whetstone"}],"event_choices":[{"damage_healed":0,"gold_gain":0,"player_choice":"Entered Light","damage_taken":21,"max_hp_gain":0,"max_hp_loss":0,"event_name":"Shining Light","floor":4,"gold_loss":0,"cards_upgraded":["Turbo","Strike_B"]},{"damage_healed":0,"gold_gain":0,"player_choice":"Ignored","damage_taken":0,"max_hp_gain":0,"max_hp_loss":0,"event_name":"Liars Game","floor":5,"gold_loss":0},{"damage_healed":0,"gold_gain":0,"player_choice":"Lose Max HP","damage_taken":0,"relics_obtained":["Golden Idol"],"max_hp_gain":0,"max_hp_loss":7,"event_name":"Golden Idol","floor":11,"gold_loss":0},{"damage_healed":0,"gold_gain":0,"player_choice":"Box","damage_taken":0,"relics_obtained":["Centennial Puzzle"],"max_hp_gain":0,"max_hp_loss":0,"event_name":"Big Fish","floor":13,"gold_loss":0,"cards_obtained":["Regret"]},{"damage_healed":0,"gold_gain":0,"player_choice":"Copied","damage_taken":0,"max_hp_gain":0,"max_hp_loss":0,"event_name":"Duplicator","floor":19,"gold_loss":0,"cards_obtained":["Creative AI"]}],"is_beta":false,"boss_relics":[{"not_picked":["FrozenCore","Velvet Choker"],"picked":"Runic Dome"}],"items_purged_floors":[14],"is_endless":false,"potions_floor_spawned":[6,8,12,20],"killed_by":"Snecko","ascension_level":20}