{"gold_per_floor":[111,111,23,23,23,23,80,121,159,220,250,262,274,311,323,414,426,410,437,449,511,523,535,547],"floor_reached":24,"playtime":569,"items_purged":[],"score":500,"play_id":"9d24ff23-474d-4046-a14d-876ca6e6f45e","local_time":"20190615003413","is_ascension_mode":true,"campfire_choices":[{"data":"Doom and Gloom","floor":6,"key":"SMITH"},{"data":"Creative AI","floor":13,"key":"SMITH"},{"floor":15,"key":"REST"},{"data":"Self Repair","floor":23,"key":"SMITH"}],"neow_cost":"PERCENT_DAMAGE","seed_source_timestamp":35941790121900,"circlet_count":0,"master_deck":["AscendersBane","Strike_B","Strike_B","Defend_B","Defend_B","Defend_B","Zap","Dualcast","Auto Shields","Doom and Gloom+1","Ball Lightning","Self Repair+1","Creative AI+1","Genetic Algorithm","Turbo","Amplify","Tempest","Cold Snap"],"relics":["Cracked Core","Question Card","MawBank","Pocketwatch","DataDisk","Singing Bowl","Coffee Dripper"],"potions_floor_usage":[8,16,22,24],"damage_taken":[{"damage":2,"enemies":"Cultist","floor":1,"turns":4},{"damage":8,"enemies":"Gremlin Nob","floor":7,"turns":3},{"damage":15,"enemies":"3 Sentries","floor":8,"turns":5},{"damage":3,"enemies":"2 Louse","floor":11,"turns":2},{"damage":13,"enemies":"Lagavulin","floor":14,"turns":6},{"damage":0,"enemies":"Slime Boss","floor":16,"turns":5},{"damage":18,"enemies":"2 Thieves","floor":18,"turns":4},{"damage":7,"enemies":"3 Byrds","floor":19,"turns":5},{"damage":0,"enemies":"Snake Plant","floor":22,"turns":1},{"damage":72,"enemies":"Slavers","floor":24,"turns":3}],"seed_played":"-8270893528370059839","potions_obtained":[{"floor":7,"key":"PowerPotion"},{"floor":14,"key":"Poison Potion"},{"floor":16,"key":"GamblersBrew"},{"floor":18,"key":"SmokeBomb"}],"is_trial":false,"path_per_floor":["M","$","$","?","?","R","?","E","T","T","M","?","R","E","R","B",null,"M","M","?","?","M","R","E"],"character_chosen":"DEFECT","items_purchased":["Self Repair"],"campfire_rested":1,"item_purchase_floors":[3],"current_hp_per_floor":[44,44,44,67,49,49,41,33,33,33,37,30,30,24,45,52,66,55,55,55,55,55,55,0],"gold":547,"neow_bonus":"TRANSFORM_TWO_CARDS","is_prod":false,"is_daily":false,"chose_seed":false,"campfire_upgraded":3,"win_rate":0,"timestamp":1560526453,"path_taken":["M","?","$","?","?","R","?","E","T","?","M","?","R","E","R","BOSS","M","M","?","?","?","R","E"],"build_version":"2019-01-23","purchased_purges":0,"victory":false,"max_hp_per_floor":[71,71,71,71,71,71,71,71,71,71,71,71,71,71,71,71,71,71,71,71,71,71,71,71],"card_choices":[{"not_picked":["Streamline","Blizzard"],"picked":"Ball Lightning","floor":1},{"not_picked":["Meteor Strike","Rip and Tear","Doom and Gloom"],"picked":"Creative AI","floor":8},{"not_picked":["Melter","Steam","Ball Lightning"],"picked":"Genetic Algorithm","floor":11},{"not_picked":["Stack","Leap","Tempest"],"picked":"Turbo","floor":14},{"not_picked":["Buffer","All For One","Thunder Strike"],"picked":"Amplify","floor":16},{"not_picked":["Melter+1","Ball Lightning","Compile Driver"],"picked":"Tempest","floor":18},{"not_picked":["Beam Cell+1","Storm","Leap"],"picked":"Cold Snap","floor":19}],"player_experience":662585,"relics_obtained":[{"floor":7,"key":"MawBank"},{"floor":8,"key":"Pocketwatch"},{"floor":9,"key":"DataDisk"},{"floor":14,"key":"Singing Bowl"}],"event_choices":[{"damage_healed":23,"gold_gain":0,"player_choice":"Banana","damage_taken":0,"max_hp_gain":0,"max_hp_loss":0,"event_name":"Big Fish","floor":4,"gold_loss":0},{"damage_healed":0,"gold_gain":0,"player_choice":"Success","damage_taken":18,"relics_obtained":["Question Card"],"max_hp_gain":0,"max_hp_loss":0,"event_name":"Scrap Ooze","floor":5,"gold_loss":0},{"damage_healed":0,"gold_gain":30,"player_choice":"Searched \u00272\u0027 times","damage_taken":0,"max_hp_gain":0,"max_hp_loss":0,"event_name":"Dead Adventurer","floor":7,"gold_loss":0},{"cards_removed":["Strike_B"],"damage_healed":0,"gold_gain":0,"player_choice":"Card Removal","damage_taken":7,"max_hp_gain":0,"max_hp_loss":0,"event_name":"Golden Wing","floor":12,"gold_loss":0},{"damage_healed":0,"gold_gain":0,"player_choice":"Ignored","damage_taken":0,"max_hp_gain":0,"max_hp_loss":0,"event_name":"Vampires","floor":20,"gold_loss":0},{"damage_healed":0,"gold_gain":50,"player_choice":"Pray","damage_taken":0,"max_hp_gain":0,"max_hp_loss":0,"event_name":"Golden Shrine","floor":21,"gold_loss":0}],"is_beta":false,"boss_relics":[{"not_picked":["Runic Dome","White Beast Statue"],"picked":"Coffee Dripper"}],"items_purged_floors":[],"is_endless":false,"potions_floor_spawned":[7,14,16,18],"killed_by":"Slavers","ascension_level":20}