{"gold_per_floor":[113,113,113,113,124,150,150,166,166,166,182,198,198,198,198,270,270,289,289,289,289,289,289,302,325,325,325],"floor_reached":27,"playtime":693,"items_purged":[],"score":418,"play_id":"4a936962-a15c-4440-a6f4-16031cb3e503","local_time":"20190724172559","is_ascension_mode":true,"campfire_choices":[{"floor":7,"key":"REST"},{"data":"Magnetism","floor":10,"key":"SMITH"},{"data":"Darkness","floor":15,"key":"SMITH"},{"floor":23,"key":"REST"}],"neow_cost":"TEN_PERCENT_HP_LOSS","seed_source_timestamp":438928208621400,"circlet_count":0,"master_deck":["AscendersBane","Strike_B","Defend_B","Defend_B+1","Defend_B","Defend_B","Zap","Dualcast+1","Magnetism+1","Turbo","Cold Snap","Rip and Tear","Darkness+1","Fusion","Echo Form","Chaos","Defragment","BootSequence+1"],"relics":["Cracked Core","Calipers","Pocketwatch","Inserter","Enchiridion","Unceasing Top","Oddly Smooth Stone","Ancient Tea Set"],"potions_floor_usage":[6,12,16,27],"damage_taken":[{"damage":9,"enemies":"Jaw Worm","floor":1,"turns":4},{"damage":0,"enemies":"Cultist","floor":5,"turns":3},{"damage":32,"enemies":"Gremlin Nob","floor":6,"turns":4},{"damage":0,"enemies":"2 Louse","floor":8,"turns":2},{"damage":0,"enemies":"Looter","floor":11,"turns":3},{"damage":5,"enemies":"3 Louse","floor":12,"turns":2},{"damage":14,"enemies":"Hexaghost","floor":16,"turns":11},{"damage":12,"enemies":"3 Byrds","floor":18,"turns":4},{"damage":2,"enemies":"Spheric Guardian","floor":24,"turns":6},{"damage":21,"enemies":"Shelled Parasite and Fungi","floor":27,"turns":3}],"seed_played":"-1180355579147430451","potions_obtained":[{"floor":1,"key":"FearPotion"},{"floor":4,"key":"PowerPotion"},{"floor":4,"key":"AttackPotion"},{"floor":11,"key":"PowerPotion"},{"floor":24,"key":"FocusPotion"}],"is_trial":false,"path_per_floor":["M","$","?","?","M","E","R","M","T","R","M","M","?","?","R","B",null,"M","?","?","?","?","R","M","T","T","M"],"character_chosen":"DEFECT","items_purchased":[],"campfire_rested":2,"item_purchase_floors":[],"current_hp_per_floor":[55,55,36,36,36,4,23,23,23,23,23,18,23,23,23,9,54,42,42,21,2,2,24,22,22,22,1],"gold":325,"neow_bonus":"RANDOM_COLORLESS_2","is_prod":false,"is_daily":false,"chose_seed":false,"campfire_upgraded":2,"win_rate":0,"timestamp":1563956759,"path_taken":["M","$","?","?","M","E","R","M","T","R","?","?","?","?","R","BOSS","M","?","?","?","?","R","?","?","T","?"],"build_version":"2019-07-17","purchased_purges":0,"victory":false,"max_hp_per_floor":[64,64,64,64,64,64,64,64,64,64,64,64,69,69,69,69,69,69,69,69,74,74,74,74,74,74,74],"card_choices":[{"not_picked":["Go for the Eyes","Stack","Leap"],"picked":"SKIP","floor":1},{"not_picked":["Go for the Eyes","Undo"],"picked":"Turbo","floor":5},{"not_picked":["Conserve Battery","Skim"],"picked":"Cold Snap","floor":6},{"not_picked":["Steam","Amplify"],"picked":"Rip and Tear","floor":8},{"not_picked":["Beam Cell","Tempest","Compile Driver"],"picked":"SKIP","floor":11},{"not_picked":["Fusion","Scrape"],"picked":"Darkness","floor":12},{"not_picked":["Machine Learning","Buffer"],"picked":"Echo Form","floor":16},{"not_picked":["FTL","Tempest","Darkness"],"picked":"SKIP","floor":18},{"not_picked":["Steam","Redo"],"picked":"BootSequence+1","floor":24}],"player_experience":1175974,"relics_obtained":[{"floor":6,"key":"Calipers"},{"floor":9,"key":"Pocketwatch"},{"floor":20,"key":"Enchiridion"},{"floor":25,"key":"Oddly Smooth Stone"},{"floor":26,"key":"Ancient Tea Set"}],"event_choices":[{"damage_healed":0,"gold_gain":0,"player_choice":"Entered Light","damage_taken":19,"max_hp_gain":0,"max_hp_loss":0,"event_name":"Shining Light","floor":3,"gold_loss":0,"cards_upgraded":["Dualcast","Defend_B"]},{"damage_healed":0,"gold_gain":0,"player_choice":"Got Potions","damage_taken":0,"max_hp_gain":0,"max_hp_loss":0,"event_name":"Lab","floor":4,"gold_loss":0},{"damage_healed":0,"gold_gain":0,"player_choice":"Donut","damage_taken":0,"max_hp_gain":5,"max_hp_loss":0,"event_name":"Big Fish","floor":13,"gold_loss":0},{"damage_healed":0,"gold_gain":0,"cards_transformed":["Strike_B"],"player_choice":"Change","damage_taken":0,"max_hp_gain":0,"max_hp_loss":0,"event_name":"Living Wall","floor":14,"gold_loss":0,"cards_obtained":["Fusion"]},{"damage_healed":0,"gold_gain":0,"cards_transformed":["Strike_B","Strike_B"],"player_choice":"Became Test Subject","damage_taken":0,"max_hp_gain":0,"max_hp_loss":0,"event_name":"Drug Dealer","floor":19,"gold_loss":0,"cards_obtained":["Chaos","Defragment"]},{"damage_healed":0,"gold_gain":0,"player_choice":"Obtained Book","damage_taken":21,"max_hp_gain":0,"max_hp_loss":0,"event_name":"Cursed Tome","floor":20,"gold_loss":0},{"damage_healed":0,"gold_gain":0,"player_choice":"Shed Blood","damage_taken":24,"max_hp_gain":5,"max_hp_loss":0,"event_name":"Forgotten Altar","floor":21,"gold_loss":0},{"cards_removed":["Swift Strike"],"damage_healed":0,"gold_gain":0,"player_choice":"Gave Card","damage_taken":0,"relics_obtained":["Unceasing Top"],"max_hp_gain":0,"max_hp_loss":0,"event_name":"WeMeetAgain","floor":22,"gold_loss":0}],"is_beta":false,"boss_relics":[{"not_picked":["Runic Pyramid","Calling Bell"],"picked":"Inserter"}],"items_purged_floors":[],"is_endless":false,"potions_floor_spawned":[1,11,24],"killed_by":"Shelled Parasite and Fungi","ascension_level":20}