{"gold_per_floor":[368,381,125,140,140,140,140,140,140,173,185,219,234,245,245,319,319,336,50,100,100,115,115,147,147,173,207,220,47,63,93,93,171,171,190,205,224,194,214,231,231,259,259,259,259,287,306,306],"floor_reached":48,"playtime":2059,"items_purged":["Regret","Strike_R"],"score":1274,"play_id":"01e16e22-d2dc-4aa8-9665-24b67772d403","local_time":"20190701222023","is_ascension_mode":true,"campfire_choices":[{"data":"Whirlwind","floor":6.0,"key":"SMITH"},{"data":"Discovery","floor":8.0,"key":"SMITH"},{"data":"Armaments","floor":15.0,"key":"SMITH"},{"data":"Armaments","floor":23.0,"key":"SMITH"},{"floor":25.0,"key":"REST"},{"data":"Barricade","floor":32.0,"key":"SMITH"},{"floor":41.0,"key":"RECALL"}],"neow_cost":"CURSE","seed_source_timestamp":220909692178400,"circlet_count":0,"master_deck":["AscendersBane","Strike_R","Strike_R","Strike_R+1","Defend_R","Defend_R+1","Defend_R","Defend_R","Bash+1","Whirlwind+1","Evolve","Inflame","Discovery+1","Anger","Shockwave","Bludgeon+1","Armaments+1","Sword Boomerang+1","Demon Form","Heavy Blade+1","Corruption","Seeing Red","Armaments+1","Spot Weakness","Second Wind+1","Barricade+1","True Grit","Reaper+1","Power Through","Reaper+1","Disarm","Evolve"],"special_seed":0,"relics":["Burning Blood","Matryoshka","Centennial Puzzle","Molten Egg 2","PreservedInsect","Pen Nib","Mark of Pain","Omamori","Vajra","Orichalcum","Meat on the Bone","Art of War","War Paint","Fusion Hammer","Whetstone","Anchor"],"potions_floor_usage":[48],"damage_taken":[{"damage":9.0,"enemies":"Cultist","floor":1.0,"turns":4.0},{"damage":0.0,"enemies":"2 Louse","floor":2.0,"turns":2.0},{"damage":0.0,"enemies":"Small Slimes","floor":4.0,"turns":2.0},{"damage":14.0,"enemies":"3 Sentries","floor":10.0,"turns":4.0},{"damage":3.0,"enemies":"Exordium Thugs","floor":11.0,"turns":4.0},{"damage":10.0,"enemies":"Gremlin Nob","floor":12.0,"turns":3.0},{"damage":0.0,"enemies":"Exordium Wildlife","floor":13.0,"turns":2.0},{"damage":18.0,"enemies":"Lots of Slimes","floor":14.0,"turns":4.0},{"damage":0.0,"enemies":"Slime Boss","floor":16.0,"turns":3.0},{"damage":25.0,"enemies":"Shell Parasite","floor":18.0,"turns":5.0},{"damage":13.0,"enemies":"Chosen","floor":22.0,"turns":4.0},{"damage":31.0,"enemies":"Gremlin Leader","floor":24.0,"turns":6.0},{"damage":16.0,"enemies":"Book of Stabbing","floor":27.0,"turns":3.0},{"damage":13.0,"enemies":"Sentry and Sphere","floor":28.0,"turns":4.0},{"damage":12.0,"enemies":"Centurion and Healer","floor":30.0,"turns":7.0},{"damage":16.0,"enemies":"Slavers","floor":31.0,"turns":4.0},{"damage":38.0,"enemies":"Champ","floor":33.0,"turns":11.0},{"damage":44.0,"enemies":"3 Shapes","floor":35.0,"turns":13.0},{"damage":34.0,"enemies":"3 Darklings","floor":36.0,"turns":10.0},{"damage":66.0,"enemies":"Sphere and 2 Shapes","floor":37.0,"turns":22.0},{"damage":35.0,"enemies":"4 Shapes","floor":39.0,"turns":9.0},{"damage":56.0,"enemies":"Spire Growth","floor":40.0,"turns":5.0},{"damage":29.0,"enemies":"Giant Head","floor":42.0,"turns":6.0},{"damage":39.0,"enemies":"Reptomancer","floor":46.0,"turns":4.0},{"damage":70.0,"enemies":"Maw","floor":47.0,"turns":9.0},{"damage":36,"enemies":"Giant Head","floor":48,"turns":5}],"seed_played":"-7203270640227036415","potions_obtained":[{"floor":2.0,"key":"PowerPotion"},{"floor":4.0,"key":"SkillPotion"},{"floor":10.0,"key":"SpeedPotion"},{"floor":18.0,"key":"AttackPotion"},{"floor":22.0,"key":"Fire Potion"},{"floor":31.0,"key":"Energy Potion"},{"floor":35.0,"key":"EssenceOfSteel"},{"floor":38.0,"key":"Ancient Potion"}],"is_trial":false,"path_per_floor":["M","M","$","M","?","R","?","R","T","E","M","E","M","M","R","B",null,"M","$","?","$","M","R","E","R","T","E","M","$","M","E","R","B",null,"M","M","M","?","M","M","R","E","T","?","?","E","M","E"],"character_chosen":"IRONCLAD","items_purchased":["Inflame","Discovery","Corruption","Seeing Red","Armaments","Art of War"],"campfire_rested":1,"item_purchase_floors":[3,3,19,19,19,29],"current_hp_per_floor":[65,71,71,75,57,57,75,75,75,67,70,66,72,60,60,66,73,54,54,54,54,47,47,22,44,44,34,39,39,45,47,47,27,63,57,75,71,71,75,53,53,48,48,63,63,75,23,0],"gold":306,"neow_bonus":"TWO_FIFTY_GOLD","is_prod":false,"is_daily":false,"chose_seed":false,"campfire_upgraded":5,"win_rate":0,"timestamp":1561987223,"path_taken":["M","?","?","M","?","R","?","R","T","E","M","E","M","M","R","BOSS","M","$","?","?","M","R","E","R","T","E","M","?","M","E","R","BOSS","M","?","M","?","M","?","R","E","T","?","?","E","M","E"],"build_version":"2019-01-23","purchased_purges":2,"victory":false,"max_hp_per_floor":[75,75,75,75,75,75,75,75,75,75,75,75,75,75,75,75,75,75,75,75,75,75,75,75,75,75,75,75,75,75,75,75,75,75,75,75,75,75,75,75,75,75,75,75,75,75,75,75],"card_choices":[{"not_picked":["Hemokinesis","Warcry"],"picked":"Whirlwind","floor":1.0},{"not_picked":["Cleave","Sever Soul"],"picked":"Evolve","floor":2.0},{"not_picked":["Metallicize","Flex"],"picked":"Anger","floor":4.0},{"not_picked":["Warcry","Iron Wave+1"],"picked":"Shockwave","floor":10.0},{"not_picked":["Iron Wave+1","Blood for Blood+1","Combust"],"picked":"SKIP","floor":11.0},{"not_picked":["Anger+1","Intimidate"],"picked":"Bludgeon+1","floor":12.0},{"not_picked":["Searing Blow+1","Flex"],"picked":"Armaments","floor":13.0},{"not_picked":["Burning Pact","Havoc"],"picked":"Sword Boomerang+1","floor":14.0},{"not_picked":["Reaper+1","Exhume"],"picked":"Demon Form","floor":16.0},{"not_picked":["Havoc","Fire Breathing"],"picked":"Heavy Blade+1","floor":18.0},{"not_picked":["Warcry","Clothesline+1","Heavy Blade+1"],"picked":"SKIP","floor":22.0},{"not_picked":["Clash+1","Flex"],"picked":"Spot Weakness","floor":24.0},{"not_picked":["Thunderclap+1","Perfected Strike+1"],"picked":"Second Wind","floor":27.0},{"not_picked":["Flex","Carnage+1"],"picked":"Barricade","floor":28.0},{"not_picked":["Sword Boomerang+1","Perfected Strike+1"],"picked":"True Grit","floor":30.0},{"not_picked":["Heavy Blade+1","Clothesline+1","Pummel+1"],"picked":"SKIP","floor":31.0},{"not_picked":["Fiend Fire+1","Demon Form"],"picked":"Reaper+1","floor":33.0},{"not_picked":["Perfected Strike+1","Wild Strike+1","Carnage+1"],"picked":"SKIP","floor":35.0},{"not_picked":["Body Slam+1","Anger+1"],"picked":"Power Through","floor":36.0},{"not_picked":["Flex+1","Sever Soul+1","Headbutt+1"],"picked":"SKIP","floor":37.0},{"not_picked":["Hemokinesis+1","True Grit","Spot Weakness"],"picked":"SKIP","floor":39.0},{"not_picked":["Cleave+1","Berserk","Perfected Strike+1"],"picked":"SKIP","floor":40.0},{"not_picked":["Headbutt+1","Disarm"],"picked":"Reaper+1","floor":42.0},{"not_picked":["Iron Wave+1","Pummel+1"],"picked":"Disarm","floor":46.0},{"not_picked":["Inflame+1","Ghostly Armor"],"picked":"Evolve","floor":47.0}],"player_experience":894015,"relics_obtained":[{"floor":9.0,"key":"Centennial Puzzle"},{"floor":9.0,"key":"Molten Egg 2"},{"floor":10.0,"key":"PreservedInsect"},{"floor":12.0,"key":"Pen Nib"},{"floor":24.0,"key":"Omamori"},{"floor":26.0,"key":"Vajra"},{"floor":26.0,"key":"Orichalcum"},{"floor":27.0,"key":"Meat on the Bone"},{"floor":31.0,"key":"War Paint"},{"floor":42.0,"key":"Whetstone"},{"floor":46.0,"key":"Anchor"}],"event_choices":[{"damage_healed":0.0,"max_hp_gain":0.0,"max_hp_loss":0.0,"gold_gain":0.0,"event_name":"Scrap Ooze","player_choice":"Success","floor":5.0,"gold_loss":0.0,"damage_taken":18.0,"relics_obtained":["Matryoshka"]},{"damage_healed":25.0,"max_hp_gain":0.0,"max_hp_loss":0.0,"gold_gain":0.0,"event_name":"Big Fish","player_choice":"Banana","floor":7.0,"gold_loss":0.0,"damage_taken":0.0},{"damage_healed":0.0,"max_hp_gain":0.0,"max_hp_loss":0.0,"gold_gain":50.0,"event_name":"Golden Shrine","player_choice":"Pray","floor":20.0,"gold_loss":0.0,"damage_taken":0.0},{"damage_healed":0.0,"max_hp_gain":0.0,"max_hp_loss":0.0,"gold_gain":0.0,"event_name":"The Woman in Blue","player_choice":"Bought 2 Potions","floor":38.0,"gold_loss":0.0,"damage_taken":0.0},{"damage_healed":15.0,"max_hp_gain":0.0,"max_hp_loss":0.0,"gold_gain":0.0,"event_name":"Winding Halls","player_choice":"Writhe","floor":44.0,"gold_loss":0.0,"damage_taken":0.0,"cards_obtained":["Writhe"]},{"cards_removed":["Strike_R"],"damage_healed":0.0,"max_hp_gain":0.0,"max_hp_loss":0.0,"gold_gain":0.0,"event_name":"Falling","player_choice":"Removed Attack","floor":45.0,"gold_loss":0.0,"damage_taken":0.0}],"is_beta":false,"boss_relics":[{"not_picked":["Black Star","Busted Crown"],"picked":"Mark of Pain"},{"not_picked":["Eternal Feather","Philosopher\u0027s Stone"],"picked":"Fusion Hammer"}],"items_purged_floors":[3,19],"is_endless":false,"potions_floor_spawned":[2,4,10,14,18,22,24,28,31,35,40,46,47],"killed_by":"Giant Head","ascension_level":20}