{"gold_per_floor":[13,13,28,28,43,43,74,74,99,143,54,54,54,67,67,163,163,184,184],"floor_reached":19,"playtime":672,"items_purged":[],"score":350,"play_id":"0670c175-e67e-4a8a-97ad-16b0af0384dc","local_time":"20190720160739","is_ascension_mode":true,"campfire_choices":[{"data":"Zap","floor":6,"key":"SMITH"},{"data":"Static Discharge","floor":8,"key":"SMITH"},{"data":"Loop","floor":12,"key":"SMITH"},{"data":"Go for the Eyes","floor":15,"key":"SMITH"}],"neow_cost":"NO_GOLD","seed_source_timestamp":88649933695500,"circlet_count":0,"master_deck":["AscendersBane","Strike_B","Strike_B+1","Defend_B","Defend_B","Defend_B","Defend_B","Zap+1","Dualcast","Reinforced Body","Skim","Lockon","Glacier","Ball Lightning+1","Static Discharge+1","Self Repair","Loop+1","Go for the Eyes+1","Echo Form","Gash","Coolheaded","Conserve Battery","Self Repair","Turbo"],"relics":["Cracked Core","Golden Idol","Bag of Marbles","Dream Catcher","Pen Nib","Whetstone","Orrery"],"potions_floor_usage":[10,18],"damage_taken":[{"damage":2,"enemies":"Jaw Worm","floor":1,"turns":5},{"damage":0,"enemies":"2 Louse","floor":3,"turns":3},{"damage":0,"enemies":"Small Slimes","floor":5,"turns":6},{"damage":10,"enemies":"Lagavulin","floor":7,"turns":6},{"damage":8,"enemies":"Gremlin Nob","floor":10,"turns":3},{"damage":4,"enemies":"Blue Slaver","floor":14,"turns":4},{"damage":24,"enemies":"Hexaghost","floor":16,"turns":6},{"damage":24,"enemies":"Shell Parasite","floor":18,"turns":4},{"damage":10,"enemies":"Spheric Guardian","floor":19,"turns":5}],"seed_played":"6929404100578463800","potions_obtained":[{"floor":1,"key":"EssenceOfSteel"},{"floor":7,"key":"AttackPotion"},{"floor":16,"key":"AttackPotion"}],"is_trial":false,"path_per_floor":["M","?","M","?","M","R","E","R","T","E","$","R","?","M","R","B",null,"M","M"],"character_chosen":"DEFECT","items_purchased":["Loop"],"campfire_rested":0,"item_purchase_floors":[11],"current_hp_per_floor":[62,62,62,51,51,51,41,41,41,33,33,33,33,36,36,19,53,29,19],"gold":184,"neow_bonus":"TRANSFORM_TWO_CARDS","is_prod":false,"is_daily":false,"chose_seed":false,"campfire_upgraded":4,"win_rate":0,"timestamp":1563606459,"path_taken":["M","?","M","?","M","R","E","R","T","E","$","R","?","M","R","BOSS","M","M"],"build_version":"2019-07-17","purchased_purges":0,"victory":false,"max_hp_per_floor":[71,64,64,64,64,64,64,64,64,64,64,64,64,64,64,64,64,64,64],"card_choices":[{"not_picked":["Steam","Turbo"],"picked":"Lockon","floor":1},{"not_picked":["Cold Snap","Static Discharge"],"picked":"Glacier","floor":3},{"not_picked":["Self Repair","Aggregate"],"picked":"Ball Lightning","floor":5},{"not_picked":["FTL","Darkness"],"picked":"Static Discharge","floor":7},{"not_picked":["Hello World","Aggregate"],"picked":"Self Repair","floor":10},{"not_picked":["Scrape","Leap"],"picked":"Go for the Eyes","floor":14},{"not_picked":["Multi-Cast","Machine Learning"],"picked":"Echo Form","floor":16},{"not_picked":["Reprogram","Stack"],"picked":"Gash","floor":17},{"not_picked":["Reprogram","Sweeping Beam"],"picked":"Coolheaded","floor":17},{"not_picked":["Hologram","Darkness"],"picked":"Conserve Battery","floor":17},{"not_picked":["Conserve Battery","Leap"],"picked":"Self Repair","floor":17},{"not_picked":["Stack","Compile Driver"],"picked":"Turbo","floor":18}],"player_experience":1102512,"relics_obtained":[{"floor":7,"key":"Dream Catcher"},{"floor":9,"key":"Pen Nib"},{"floor":10,"key":"Whetstone"}],"event_choices":[{"damage_healed":0,"gold_gain":0,"player_choice":"Lose Max HP","damage_taken":0,"relics_obtained":["Golden Idol"],"max_hp_gain":0,"max_hp_loss":7,"event_name":"Golden Idol","floor":2,"gold_loss":0},{"damage_healed":0,"gold_gain":0,"player_choice":"Success","damage_taken":11,"relics_obtained":["Bag of Marbles"],"max_hp_gain":0,"max_hp_loss":0,"event_name":"Scrap Ooze","floor":4,"gold_loss":0},{"damage_healed":0,"gold_gain":0,"player_choice":"Ignored","damage_taken":0,"max_hp_gain":0,"max_hp_loss":0,"event_name":"Liars Game","floor":13,"gold_loss":0}],"is_beta":false,"boss_relics":[{"not_picked":["FrozenCore","Calling Bell"],"picked":"Orrery"}],"items_purged_floors":[],"is_endless":false,"potions_floor_spawned":[1,7,16],"killed_by":"Spheric Guardian","ascension_level":20}