{"gold_per_floor":[110,110,110,110,110,140,140,172,172,203,203,215,215,225,225,304,304,314,327,252,265,284,284,284,284,352,352,352,352],"floor_reached":29,"playtime":634,"items_purged":["Strike_R"],"score":603,"play_id":"1d887be9-2861-4e36-8284-7376c01cbba9","local_time":"20190622142812","is_ascension_mode":true,"campfire_choices":[{"data":"True Grit","floor":7,"key":"SMITH"},{"data":"Twin Strike","floor":13,"key":"SMITH"},{"data":"Twin Strike","floor":15,"key":"SMITH"},{"data":"Armaments","floor":23,"key":"SMITH"},{"data":"Immolate","floor":27,"key":"SMITH"}],"neow_cost":"NONE","seed_source_timestamp":3108400134000,"circlet_count":0,"master_deck":["AscendersBane","Defend_R","Defend_R","Defend_R","Defend_R","Bash+1","True Grit+1","Seeing Red","Infernal Blade","Twin Strike+1","Twin Strike+1","Immolate+1","Battle Trance","Power Through","Armaments+1","Battle Trance","Bite","Bite","Bite","Bite","Bite","Ghostly","Ghostly","Ghostly"],"relics":["Burning Blood","NeowsBlessing","Regal Pillow","Mummified Hand","Red Skull","Bird Faced Urn","Incense Burner","Coffee Dripper","Meat on the Bone","SsserpentHead"],"potions_floor_usage":[16],"damage_taken":[{"damage":0,"enemies":"Jaw Worm","floor":1,"turns":1},{"damage":0,"enemies":"3 Sentries","floor":6,"turns":1},{"damage":0,"enemies":"Lagavulin","floor":8,"turns":1},{"damage":37,"enemies":"3 Sentries","floor":10,"turns":13},{"damage":0,"enemies":"2 Louse","floor":12,"turns":2},{"damage":2,"enemies":"Cultist","floor":14,"turns":5},{"damage":19,"enemies":"Hexaghost","floor":16,"turns":7},{"damage":26,"enemies":"Shell Parasite","floor":18,"turns":5},{"damage":11,"enemies":"2 Thieves","floor":19,"turns":3},{"damage":19,"enemies":"Snake Plant","floor":21,"turns":3},{"damage":26,"enemies":"Shelled Parasite and Fungi","floor":22,"turns":3},{"damage":1,"enemies":"Cultist and Chosen","floor":29,"turns":5}],"seed_played":"-4837224261245678908","potions_obtained":[{"floor":1,"key":"Fire Potion"},{"floor":14,"key":"FairyPotion"},{"floor":16,"key":"GamblersBrew"}],"is_trial":false,"path_per_floor":["M","?","$","?","?","E","R","E","T","E","T","M","R","M","R","B",null,"M","M","$","M","M","R","?","?","T","R","?","M"],"character_chosen":"IRONCLAD","items_purchased":[],"campfire_rested":0,"item_purchase_floors":[],"current_hp_per_floor":[74,74,74,51,44,50,50,56,56,25,25,31,31,35,35,22,62,42,37,37,24,13,13,13,13,13,13,13,23],"gold":352,"neow_bonus":"THREE_ENEMY_KILL","is_prod":false,"is_daily":false,"chose_seed":false,"campfire_upgraded":5,"win_rate":0,"timestamp":1561181292,"path_taken":["M","?","$","?","?","E","R","E","T","E","?","M","R","M","R","BOSS","M","?","?","?","M","R","?","?","T","R","?","M"],"build_version":"2019-01-23","purchased_purges":1,"victory":false,"max_hp_per_floor":[75,75,75,75,75,75,75,75,75,75,75,75,75,75,75,75,75,75,75,75,75,75,75,52,26,26,26,26,26],"card_choices":[{"not_picked":["Entrench","Twin Strike"],"picked":"True Grit","floor":1},{"not_picked":["Brutality","Sword Boomerang"],"picked":"Seeing Red","floor":6},{"not_picked":["Havoc","Blood for Blood"],"picked":"Infernal Blade","floor":8},{"not_picked":["Anger","Havoc"],"picked":"Twin Strike","floor":10},{"not_picked":["Havoc","Wild Strike","Hemokinesis"],"picked":"SKIP","floor":12},{"not_picked":["Flex","True Grit"],"picked":"Twin Strike","floor":14},{"not_picked":["Dark Embrace","Exhume"],"picked":"Immolate","floor":16},{"not_picked":["Thunderclap","Heavy Blade"],"picked":"Battle Trance","floor":18},{"not_picked":["Thunderclap","Searing Blow+1"],"picked":"Power Through","floor":19},{"not_picked":["Clash","Pommel Strike"],"picked":"Armaments","floor":21},{"not_picked":["Seeing Red","Iron Wave"],"picked":"Battle Trance","floor":22}],"player_experience":738397,"relics_obtained":[{"floor":6,"key":"Regal Pillow"},{"floor":8,"key":"Mummified Hand"},{"floor":9,"key":"Red Skull"},{"floor":10,"key":"Bird Faced Urn"},{"floor":11,"key":"Incense Burner"},{"floor":26,"key":"Meat on the Bone"}],"event_choices":[{"damage_healed":0,"gold_gain":0,"player_choice":"Leave","damage_taken":0,"max_hp_gain":0,"max_hp_loss":0,"event_name":"The Cleric","floor":2,"gold_loss":0},{"damage_healed":0,"gold_gain":0,"player_choice":"Entered Light","damage_taken":23,"max_hp_gain":0,"max_hp_loss":0,"event_name":"Shining Light","floor":4,"gold_loss":0,"cards_upgraded":["Strike_R","Bash"]},{"cards_removed":["Strike_R"],"damage_healed":0,"gold_gain":0,"player_choice":"Card Removal","damage_taken":7,"max_hp_gain":0,"max_hp_loss":0,"event_name":"Golden Wing","floor":5,"gold_loss":0},{"damage_healed":0,"gold_gain":0,"player_choice":"Became a vampire","damage_taken":0,"max_hp_gain":0,"max_hp_loss":23,"event_name":"Vampires","floor":24,"gold_loss":0,"cards_obtained":["Bite","Bite","Bite","Bite","Bite"]},{"damage_healed":0,"gold_gain":0,"player_choice":"Became a Ghost","damage_taken":0,"max_hp_gain":0,"max_hp_loss":26,"event_name":"Ghosts","floor":25,"gold_loss":0,"cards_obtained":["Ghostly","Ghostly","Ghostly"]},{"damage_healed":0,"gold_gain":0,"player_choice":"Trade","damage_taken":0,"relics_obtained":["SsserpentHead"],"max_hp_gain":0,"max_hp_loss":0,"event_name":"FaceTrader","floor":28,"gold_loss":0}],"is_beta":false,"boss_relics":[{"not_picked":["Runic Cube","Runic Pyramid"],"picked":"Coffee Dripper"}],"items_purged_floors":[20],"is_endless":false,"potions_floor_spawned":[1,14,16,18],"killed_by":"Cultist and Chosen","ascension_level":20}