{"gold_per_floor":[112,187,204,354,59,92,92,124,124,124],"floor_reached":10,"playtime":153,"items_purged":["Doubt"],"score":198,"play_id":"d210d89e-2bf0-405b-a138-57975d088f8b","local_time":"20190711181728","is_ascension_mode":true,"campfire_choices":[{"data":"Darkness","floor":7,"key":"SMITH"}],"neow_cost":"NONE","seed_source_timestamp":12062215416500,"circlet_count":0,"master_deck":["AscendersBane","Strike_B","Strike_B+1","Strike_B+1","Strike_B","Defend_B","Defend_B","Defend_B","Defend_B","Zap","Dualcast","Barrage","Darkness+1","Coolheaded"],"relics":["Cracked Core","NeowsBlessing","Tiny Chest","Ornamental Fan","Whetstone","Molten Egg 2"],"potions_floor_usage":[],"damage_taken":[{"damage":0,"enemies":"Small Slimes","floor":1,"turns":1},{"damage":0,"enemies":"2 Louse","floor":3,"turns":1},{"damage":0,"enemies":"Gremlin Nob","floor":6,"turns":1},{"damage":30,"enemies":"Lagavulin","floor":8,"turns":6},{"damage":21,"enemies":"3 Sentries","floor":10,"turns":6}],"seed_played":"3970145864724479538","potions_obtained":[{"floor":8,"key":"FearPotion"}],"is_trial":false,"path_per_floor":["M","?","M","?","$","E","R","E","T","E"],"character_chosen":"DEFECT","items_purchased":["Tiny Chest","Darkness"],"campfire_rested":0,"item_purchase_floors":[5,5],"current_hp_per_floor":[64,53,53,53,53,53,53,23,23,2],"gold":124,"neow_bonus":"THREE_ENEMY_KILL","is_prod":false,"is_daily":false,"chose_seed":false,"campfire_upgraded":1,"win_rate":0,"timestamp":1562836648,"path_taken":["M","?","M","?","$","E","R","E","T","E"],"build_version":"2019-07-05","purchased_purges":1,"victory":false,"max_hp_per_floor":[71,71,71,71,71,71,71,71,71,71],"card_choices":[{"not_picked":["Stack","Leap"],"picked":"Barrage","floor":1},{"not_picked":["Compile Driver","Streamline","Rebound"],"picked":"SKIP","floor":3},{"not_picked":["FTL","Stack","Go for the Eyes"],"picked":"SKIP","floor":6},{"not_picked":["Fusion","Tempest"],"picked":"Coolheaded","floor":8}],"player_experience":979596,"relics_obtained":[{"floor":6,"key":"Ornamental Fan"},{"floor":8,"key":"Whetstone"},{"floor":9,"key":"Molten Egg 2"}],"event_choices":[{"damage_healed":0,"gold_gain":75,"player_choice":"Gather Gold","damage_taken":11,"max_hp_gain":0,"max_hp_loss":0,"event_name":"World of Goop","floor":2,"gold_loss":0},{"damage_healed":0,"gold_gain":150,"player_choice":"AGREE","damage_taken":0,"max_hp_gain":0,"max_hp_loss":0,"event_name":"Liars Game","floor":4,"gold_loss":0,"cards_obtained":["Doubt"]}],"is_beta":false,"boss_relics":[],"items_purged_floors":[5],"is_endless":false,"potions_floor_spawned":[8],"killed_by":"3 Sentries","ascension_level":20}