{"gold_per_floor":[113,124,124,136,136,136,162,162,162,162,192,226,226,256,256,328,328,348,348,13,13,13],"floor_reached":22,"playtime":491,"items_purged":[],"score":396,"play_id":"a6d7d478-ab28-45c9-8874-395ae6998359","local_time":"20190723205451","is_ascension_mode":true,"campfire_choices":[{"data":"Inflame","floor":6,"key":"SMITH"},{"data":"Bash","floor":8,"key":"SMITH"},{"floor":10,"key":"REST"},{"data":"Berserk","floor":13,"key":"SMITH"},{"floor":15,"key":"REST"}],"neow_cost":"TEN_PERCENT_HP_LOSS","seed_source_timestamp":365260161861000,"circlet_count":0,"master_deck":["AscendersBane","Strike_R+1","Strike_R","Strike_R","Defend_R","Defend_R","Defend_R","Defend_R","Bash+1","Twin Strike+1","Inflame+1","Brutality","Evolve","Berserk+1","Disarm","Demon Form","Second Wind","Reaper","Feel No Pain"],"relics":["Burning Blood","Du-Vu Doll","Ginger","Mercury Hourglass","Odd Mushroom","Whetstone","Happy Flower","Sozu","PreservedInsect"],"potions_floor_usage":[12,16,22],"damage_taken":[{"damage":9,"enemies":"2 Louse","floor":1,"turns":2},{"damage":7,"enemies":"Small Slimes","floor":2,"turns":3},{"damage":12,"enemies":"Jaw Worm","floor":4,"turns":3},{"damage":30,"enemies":"Lagavulin","floor":7,"turns":7},{"damage":12,"enemies":"The Mushroom Lair","floor":11,"turns":3},{"damage":10,"enemies":"Gremlin Nob","floor":12,"turns":3},{"damage":24,"enemies":"3 Sentries","floor":14,"turns":6},{"damage":11,"enemies":"The Guardian","floor":16,"turns":7},{"damage":13,"enemies":"Chosen","floor":18,"turns":4},{"damage":65,"enemies":"Masked Bandits","floor":22,"turns":3}],"seed_played":"6783821623449155254","potions_obtained":[{"floor":7,"key":"Strength Potion"},{"floor":11,"key":"PowerPotion"},{"floor":12,"key":"PowerPotion"}],"is_trial":false,"path_per_floor":["M","M","?","M","?","R","E","R","T","R","?","E","R","E","R","B",null,"M","?","$","?","?"],"character_chosen":"IRONCLAD","items_purchased":["Reaper","PreservedInsect"],"campfire_rested":2,"item_purchase_floors":[20,20],"current_hp_per_floor":[65,64,57,51,51,51,27,27,27,47,41,37,37,19,39,34,60,53,53,53,53,0],"gold":13,"neow_bonus":"ONE_RARE_RELIC","is_prod":false,"is_daily":false,"chose_seed":false,"campfire_upgraded":3,"win_rate":0,"timestamp":1563882891,"path_taken":["M","M","?","M","?","R","E","R","T","R","?","E","R","E","R","BOSS","M","?","$","?","?"],"build_version":"2019-07-17","purchased_purges":0,"victory":false,"max_hp_per_floor":[68,68,68,68,68,68,68,68,68,68,68,68,68,68,68,68,68,68,68,68,68,68],"card_choices":[{"not_picked":["Clothesline","Body Slam","Burning Pact"],"picked":"SKIP","floor":1},{"not_picked":["Pommel Strike","Perfected Strike"],"picked":"Twin Strike","floor":2},{"not_picked":["Exhume","Clash"],"picked":"Inflame","floor":4},{"not_picked":["Flame Barrier","Flex"],"picked":"Evolve","floor":7},{"not_picked":["Shrug It Off","Warcry"],"picked":"Berserk","floor":12},{"not_picked":["Combust","Body Slam"],"picked":"Disarm","floor":14},{"not_picked":["Juggernaut","Fiend Fire"],"picked":"Demon Form","floor":16},{"not_picked":["Bloodletting","Flame Barrier"],"picked":"Second Wind","floor":18}],"player_experience":1157507,"relics_obtained":[{"floor":7,"key":"Ginger"},{"floor":9,"key":"Mercury Hourglass"},{"floor":11,"key":"Odd Mushroom"},{"floor":12,"key":"Whetstone"},{"floor":14,"key":"Happy Flower"}],"event_choices":[{"cards_removed":["Strike_R"],"damage_healed":0,"gold_gain":0,"player_choice":"Card Removal","damage_taken":7,"max_hp_gain":0,"max_hp_loss":0,"event_name":"Golden Wing","floor":3,"gold_loss":0},{"damage_healed":0,"gold_gain":0,"cards_transformed":["Strike_R"],"player_choice":"Change","damage_taken":0,"max_hp_gain":0,"max_hp_loss":0,"event_name":"Living Wall","floor":5,"gold_loss":0,"cards_obtained":["Brutality"]},{"damage_healed":0,"gold_gain":0,"player_choice":"Fought Mushrooms","damage_taken":0,"max_hp_gain":0,"max_hp_loss":0,"event_name":"Mushrooms","floor":11,"gold_loss":0},{"damage_healed":0,"gold_gain":0,"player_choice":"Ignored","damage_taken":0,"max_hp_gain":0,"max_hp_loss":0,"event_name":"Vampires","floor":19,"gold_loss":0},{"damage_healed":0,"gold_gain":0,"player_choice":"Read","damage_taken":0,"max_hp_gain":0,"max_hp_loss":0,"event_name":"The Library","floor":21,"gold_loss":0,"cards_obtained":["Feel No Pain"]},{"damage_healed":0,"gold_gain":0,"player_choice":"Fought Bandits","damage_taken":0,"max_hp_gain":0,"max_hp_loss":0,"event_name":"Masked Bandits","floor":22,"gold_loss":0}],"is_beta":false,"boss_relics":[{"not_picked":["Busted Crown","Fusion Hammer"],"picked":"Sozu"}],"items_purged_floors":[],"is_endless":false,"potions_floor_spawned":[7,11,12,14,18],"killed_by":"Masked Bandits","ascension_level":20}