{"gold_per_floor":[112,125,139,149,149,479,479,479],"floor_reached":8,"playtime":504,"items_purged":[],"score":116,"play_id":"906c7f15-8767-464c-bd3d-d0243d87ea37","local_time":"20190703210436","is_ascension_mode":true,"campfire_choices":[{"floor":7,"key":"REST"}],"neow_cost":"PERCENT_DAMAGE","seed_source_timestamp":390947856650000,"circlet_count":0,"master_deck":["AscendersBane","Strike_R","Strike_R","Strike_R","Strike_R","Defend_R","Defend_R","Defend_R","Defend_R","Bash","Double Tap","Battle Trance","Feel No Pain","Disarm","Spot Weakness"],"relics":["Burning Blood","Old Coin"],"potions_floor_usage":[8],"damage_taken":[{"damage":1,"enemies":"Cultist","floor":1,"turns":3},{"damage":6,"enemies":"Small Slimes","floor":2,"turns":3},{"damage":3,"enemies":"2 Louse","floor":3,"turns":4},{"damage":23,"enemies":"Looter","floor":4,"turns":5},{"damage":21,"enemies":"3 Sentries","floor":6,"turns":14},{"damage":36,"enemies":"Gremlin Nob","floor":8,"turns":4}],"seed_played":"984301409702819537","potions_obtained":[{"floor":1,"key":"SpeedPotion"},{"floor":3,"key":"LiquidBronze"},{"floor":4,"key":"FearPotion"}],"is_trial":false,"path_per_floor":["M","M","M","M","?","E","R","E"],"character_chosen":"IRONCLAD","items_purchased":[],"campfire_rested":1,"item_purchase_floors":[],"current_hp_per_floor":[55,55,58,41,41,26,48,12],"gold":479,"neow_bonus":"THREE_RARE_CARDS","is_prod":false,"is_daily":false,"chose_seed":false,"campfire_upgraded":0,"win_rate":0,"timestamp":1562155476,"path_taken":["M","M","?","?","?","E","R","E"],"build_version":"2019-07-01","purchased_purges":0,"victory":false,"max_hp_per_floor":[75,75,75,75,75,75,75,75],"card_choices":[{"not_picked":["Limit Break","Dark Embrace"],"picked":"Double Tap","floor":0},{"not_picked":["Anger","Bloodletting"],"picked":"Battle Trance","floor":1},{"not_picked":["Wild Strike","Shockwave"],"picked":"Feel No Pain","floor":2},{"not_picked":["Perfected Strike","Wild Strike","Cleave"],"picked":"SKIP","floor":3},{"not_picked":["Sword Boomerang","Shrug It Off"],"picked":"Disarm","floor":4},{"not_picked":["Warcry","Clash","Bloodletting"],"picked":"SKIP","floor":6}],"player_experience":919264,"relics_obtained":[{"floor":6,"key":"Old Coin"}],"event_choices":[{"damage_healed":0,"gold_gain":0,"cards_transformed":["Strike_R"],"player_choice":"Change","damage_taken":0,"max_hp_gain":0,"max_hp_loss":0,"event_name":"Living Wall","floor":5,"gold_loss":0,"cards_obtained":["Spot Weakness"]}],"is_beta":false,"boss_relics":[],"items_purged_floors":[],"is_endless":false,"potions_floor_spawned":[1,3,4],"killed_by":"Gremlin Nob","ascension_level":20}