{"gold_per_floor":[119,131,131,148,160,160,186,186,186,213,213,213,239,249,249,326,326,339,359,359,377,397,397,426,426,426,440,440,440,440,66,66,145,145,157,206,224,62,0,26,26,45,70,70,82,116,116,146,146,146,146],"floor_reached":52,"playtime":2194,"items_purged":["Inflame"],"score":2310,"play_id":"4257bacc-c563-4c32-adde-64bc40b40868","local_time":"20190729190443","is_ascension_mode":true,"campfire_choices":[{"data":"Immolate","floor":6,"key":"SMITH"},{"data":"Bash","floor":8,"key":"SMITH"},{"data":"Strike_R","floor":11,"key":"PURGE"},{"data":"Evolve","floor":15,"key":"SMITH"},{"floor":23,"key":"REST"},{"data":"Pommel Strike","floor":28,"key":"SMITH"},{"data":"Defend_R","floor":32,"key":"PURGE"},{"data":"Bash+1","floor":44,"key":"PURGE"},{"data":"Immolate+1","floor":47,"key":"PURGE"},{"data":"Defend_R","floor":49,"key":"PURGE"}],"neow_cost":"TEN_PERCENT_HP_LOSS","seed_source_timestamp":875346814554900,"circlet_count":0,"master_deck":["AscendersBane","Defend_R+1","Rampage+1","Pommel Strike+1","Evolve+1","Impervious","Battle Trance","Second Wind+1","Impervious","Offering","Double Tap+1","Madness+1","Madness+1","Rage+1","Shrug It Off+1","Impervious+1"],"relics":["Burning Blood","Art of War","Peace Pipe","Bronze Scales","Empty Cage","Gremlin Horn","Ginger","War Paint","Fusion Hammer","Unceasing Top","Potion Belt","Red Mask","Toxic Egg 2","Lantern","The Courier","Ornamental Fan"],"potions_floor_usage":[5,5,5,16,25,33,36,37,51,51,51],"damage_taken":[{"damage":14,"enemies":"Small Slimes","floor":1,"turns":5},{"damage":11,"enemies":"2 Louse","floor":2,"turns":3},{"damage":0,"enemies":"Cultist","floor":4,"turns":3},{"damage":5,"enemies":"Gremlin Gang","floor":5,"turns":5},{"damage":10,"enemies":"3 Sentries","floor":7,"turns":3},{"damage":25,"enemies":"Lagavulin","floor":10,"turns":5},{"damage":10,"enemies":"Gremlin Nob","floor":13,"turns":3},{"damage":11,"enemies":"Blue Slaver","floor":14,"turns":3},{"damage":38,"enemies":"Slime Boss","floor":16,"turns":6},{"damage":22,"enemies":"Shell Parasite","floor":18,"turns":4},{"damage":12,"enemies":"Chosen","floor":19,"turns":3},{"damage":19,"enemies":"Snake Plant","floor":21,"turns":4},{"damage":11,"enemies":"Centurion and Healer","floor":22,"turns":6},{"damage":0,"enemies":"Gremlin Leader","floor":24,"turns":5},{"damage":0,"enemies":"Shelled Parasite and Fungi","floor":25,"turns":2},{"damage":14,"enemies":"Snake Plant","floor":27,"turns":5},{"damage":43,"enemies":"Champ","floor":33,"turns":8},{"damage":6,"enemies":"Orb Walker","floor":35,"turns":3},{"damage":6,"enemies":"2 Orb Walkers","floor":36,"turns":3},{"damage":6,"enemies":"3 Darklings","floor":37,"turns":3},{"damage":6,"enemies":"Reptomancer","floor":40,"turns":2},{"damage":6,"enemies":"4 Shapes","floor":42,"turns":2},{"damage":6,"enemies":"Sphere and 2 Shapes","floor":45,"turns":3},{"damage":6,"enemies":"Giant Head","floor":46,"turns":4},{"damage":6,"enemies":"Nemesis","floor":48,"turns":3},{"damage":6,"enemies":"Awakened One","floor":50,"turns":4},{"damage":50,"enemies":"Time Eater","floor":51,"turns":9}],"seed_played":"-6741906907950787106","potions_obtained":[{"floor":1,"key":"Poison Potion"},{"floor":2,"key":"EntropicBrew"},{"floor":13,"key":"Regen Potion"},{"floor":14,"key":"Explosive Potion"},{"floor":16,"key":"SmokeBomb"},{"floor":27,"key":"Dexterity Potion"},{"floor":33,"key":"BloodPotion"},{"floor":36,"key":"Regen Potion"},{"floor":42,"key":"AttackPotion"},{"floor":48,"key":"PowerPotion"}],"is_trial":false,"path_per_floor":["M","M","?","M","M","R","E","R","T","E","R","?","E","M","R","B",null,"M","M","?","M","M","R","E","M","T","M","R","?","$","$","R","B",null,"M","?","M","$","?","E","?","M","T","R","M","E","R","E","R","B","B",null],"character_chosen":"IRONCLAD","items_purchased":["SkillPotion","Impervious","War Paint","Potion Belt"],"campfire_rested":1,"item_purchase_floors":[31,31,31,38],"current_hp_per_floor":[60,55,60,66,67,67,63,63,63,44,44,44,40,35,35,18,59,43,37,37,24,19,40,46,52,52,44,44,44,44,44,44,7,57,57,57,66,66,66,66,53,53,53,53,53,53,53,53,53,53,27],"gold":146,"neow_bonus":"REMOVE_TWO","is_prod":false,"is_daily":false,"chose_seed":false,"campfire_upgraded":4,"win_rate":0,"timestamp":1564394683,"path_taken":["M","M","?","M","M","R","E","R","T","E","R","?","E","M","R","BOSS","M","M","?","?","?","R","E","M","T","M","R","?","?","$","R","BOSS","M","?","M","$","?","E","?","M","T","R","M","E","R","E","R","BOSS","BOSS"],"build_version":"2019-07-17","purchased_purges":1,"victory":true,"max_hp_per_floor":[68,68,73,73,73,73,73,73,73,73,73,73,73,73,73,73,73,73,73,73,73,73,73,73,73,73,73,73,73,73,73,73,73,73,73,73,73,73,73,73,73,73,73,73,73,73,73,73,73,73,73],"card_choices":[{"not_picked":["Hemokinesis","Heavy Blade"],"picked":"Rampage","floor":1},{"not_picked":["Clash","Sword Boomerang"],"picked":"Pommel Strike","floor":2},{"not_picked":["Armaments","Power Through"],"picked":"Inflame","floor":4},{"not_picked":["Seeing Red","True Grit"],"picked":"Immolate","floor":5},{"not_picked":["Armaments","Havoc","Rampage"],"picked":"SKIP","floor":7},{"not_picked":["Rupture","Wild Strike"],"picked":"Evolve","floor":10},{"not_picked":["Thunderclap","Rampage","Pommel Strike"],"picked":"SKIP","floor":13},{"not_picked":["Twin Strike","Havoc","Immolate"],"picked":"SKIP","floor":14},{"not_picked":["Berserk","Demon Form"],"picked":"Impervious","floor":16},{"not_picked":["Flex","Whirlwind+1"],"picked":"Battle Trance","floor":18},{"not_picked":["Twin Strike","Body Slam","Havoc"],"picked":"SKIP","floor":19},{"not_picked":["Dual Wield","Clothesline","Armaments"],"picked":"SKIP","floor":21},{"not_picked":["Burning Pact","Perfected Strike+1","Battle Trance"],"picked":"SKIP","floor":22},{"not_picked":["Armaments","Sword Boomerang","Carnage"],"picked":"SKIP","floor":24},{"not_picked":["True Grit","Ghostly Armor"],"picked":"Second Wind","floor":27},{"not_picked":["Demon Form","Double Tap"],"picked":"Offering","floor":33},{"not_picked":["Sword Boomerang","Entrench","Body Slam"],"picked":"SKIP","floor":35},{"not_picked":["Blood for Blood","Metallicize","Wild Strike+1"],"picked":"SKIP","floor":37},{"not_picked":["Sever Soul","Dual Wield+1"],"picked":"Double Tap","floor":40},{"not_picked":["Havoc+1","Intimidate+1","Warcry+1"],"picked":"SKIP","floor":42},{"not_picked":["Dropkick","Anger"],"picked":"Rage+1","floor":45},{"not_picked":["Dual Wield+1","Havoc+1"],"picked":"Shrug It Off+1","floor":46},{"not_picked":["Perfected Strike","Havoc+1"],"picked":"Impervious+1","floor":48}],"player_experience":1288326,"relics_obtained":[{"floor":7,"key":"Art of War"},{"floor":10,"key":"Peace Pipe"},{"floor":13,"key":"Bronze Scales"},{"floor":24,"key":"Gremlin Horn"},{"floor":26,"key":"Ginger"},{"floor":36,"key":"Unceasing Top"},{"floor":40,"key":"Toxic Egg 2"},{"floor":43,"key":"Lantern"},{"floor":46,"key":"The Courier"},{"floor":48,"key":"Ornamental Fan"}],"event_choices":[{"damage_healed":0,"gold_gain":0,"player_choice":"Donut","damage_taken":0,"max_hp_gain":5,"max_hp_loss":0,"event_name":"Big Fish","floor":3,"gold_loss":0},{"cards_removed":["Strike_R"],"damage_healed":0,"gold_gain":0,"player_choice":"Forget","damage_taken":0,"max_hp_gain":0,"max_hp_loss":0,"event_name":"Living Wall","floor":12,"gold_loss":0},{"damage_healed":0,"gold_gain":0,"player_choice":"Upgraded","damage_taken":0,"max_hp_gain":0,"max_hp_loss":0,"event_name":"Upgrade Shrine","floor":20,"gold_loss":0,"cards_upgraded":["Rampage"]},{"damage_healed":0,"gold_gain":0,"player_choice":"Ignored","damage_taken":0,"max_hp_gain":0,"max_hp_loss":0,"event_name":"Vampires","floor":29,"gold_loss":0},{"damage_healed":0,"gold_gain":0,"player_choice":"Fight","damage_taken":0,"max_hp_gain":0,"max_hp_loss":0,"event_name":"Mysterious Sphere","floor":36,"gold_loss":0},{"damage_healed":0,"gold_gain":0,"player_choice":"Paid","damage_taken":0,"relics_obtained":["Red Mask"],"max_hp_gain":0,"max_hp_loss":0,"event_name":"Tomb of Lord Red Mask","floor":39,"gold_loss":62},{"damage_healed":0,"gold_gain":0,"player_choice":"Embrace Madness","damage_taken":13,"max_hp_gain":0,"max_hp_loss":0,"event_name":"Winding Halls","floor":41,"gold_loss":0,"cards_obtained":["Madness","Madness"]}],"is_beta":false,"boss_relics":[{"not_picked":["Tiny House","White Beast Statue"],"picked":"Empty Cage"},{"not_picked":["Coffee Dripper","Calling Bell"],"picked":"Fusion Hammer"}],"items_purged_floors":[31],"is_endless":false,"potions_floor_spawned":[1,2,13,14,16,19,27,33,35,36,42,48],"ascension_level":20}