{"gold_per_floor":[111,261,261,336,53,88,88,102,102,137,137,137,152,182,182,256,256,267,267,267,267,317,317,317],"floor_reached":24,"playtime":452,"items_purged":["Doubt"],"score":446,"play_id":"9215bb6e-1c86-4ebb-b6e3-3a9b65a344ab","local_time":"20190711170650","is_ascension_mode":true,"campfire_choices":[{"data":"Loop","floor":7,"key":"SMITH"},{"floor":12,"key":"REST"},{"data":"Barrage","floor":15,"key":"SMITH"},{"floor":23,"key":"REST"}],"neow_cost":"NONE","seed_source_timestamp":7525490629300,"circlet_count":0,"master_deck":["AscendersBane","Strike_B+1","Strike_B","Defend_B","Defend_B","Defend_B","Defend_B","Zap+1","Dualcast","Capacitor","Self Repair","Loop+1","Barrage+1","Ball Lightning","Rainbow","Undo","Darkness","Machine Learning"],"relics":["Cracked Core","NeowsBlessing","PreservedInsect","Cables","Letter Opener","Strawberry","GremlinMask","Odd Mushroom","Philosopher\u0027s Stone"],"potions_floor_usage":[16,16,24],"damage_taken":[{"damage":0,"enemies":"2 Louse","floor":1,"turns":1},{"damage":0,"enemies":"Lagavulin","floor":6,"turns":1},{"damage":0,"enemies":"Small Slimes","floor":8,"turns":1},{"damage":25,"enemies":"3 Sentries","floor":10,"turns":5},{"damage":12,"enemies":"Jaw Worm","floor":13,"turns":3},{"damage":21,"enemies":"The Mushroom Lair","floor":14,"turns":4},{"damage":15,"enemies":"Slime Boss","floor":16,"turns":6},{"damage":39,"enemies":"Shell Parasite","floor":18,"turns":5},{"damage":31,"enemies":"Book of Stabbing","floor":24,"turns":3}],"seed_played":"1487632960367629123","potions_obtained":[{"floor":1,"key":"Swift Potion"},{"floor":8,"key":"EssenceOfSteel"},{"floor":16,"key":"Energy Potion"}],"is_trial":false,"path_per_floor":["M","?","?","?","$","E","R","M","T","E","?","R","M","?","R","B",null,"M","?","?","?","?","R","E"],"character_chosen":"DEFECT","items_purchased":["PreservedInsect","Self Repair"],"campfire_rested":2,"item_purchase_floors":[5,5],"current_hp_per_floor":[64,64,43,32,32,32,32,32,32,14,14,37,32,18,18,10,61,29,29,7,7,7,31,0],"gold":317,"neow_bonus":"THREE_ENEMY_KILL","is_prod":false,"is_daily":false,"chose_seed":false,"campfire_upgraded":2,"win_rate":0,"timestamp":1562832410,"path_taken":["M","?","?","?","?","E","R","M","T","E","?","R","?","?","R","BOSS","M","?","?","?","?","R","E"],"build_version":"2019-07-05","purchased_purges":1,"victory":false,"max_hp_per_floor":[71,71,71,71,71,71,71,71,71,78,78,78,78,78,78,78,78,78,78,83,83,83,83,83],"card_choices":[{"not_picked":["Rebound","Beam Cell"],"picked":"Capacitor","floor":1},{"not_picked":["Reboot","Stack"],"picked":"Loop","floor":6},{"not_picked":["Undo","Coolheaded"],"picked":"Barrage","floor":8},{"not_picked":["Conserve Battery","Steam Power","Stack"],"picked":"SKIP","floor":10},{"not_picked":["Conserve Battery","Steam Power","Stack"],"picked":"SKIP","floor":10},{"not_picked":["Conserve Battery","Steam Power","Stack"],"picked":"SKIP","floor":10},{"not_picked":["Conserve Battery","Steam Power","Stack"],"picked":"SKIP","floor":10},{"not_picked":["Force Field","Gash","Compile Driver"],"picked":"SKIP","floor":13},{"not_picked":["Capacitor","Turbo"],"picked":"Ball Lightning","floor":14},{"not_picked":["Fission","Buffer"],"picked":"Rainbow","floor":16},{"not_picked":["Leap","Beam Cell"],"picked":"Undo","floor":18}],"player_experience":975638,"relics_obtained":[{"floor":6,"key":"Cables"},{"floor":9,"key":"Letter Opener"},{"floor":10,"key":"Strawberry"},{"floor":14,"key":"Odd Mushroom"}],"event_choices":[{"damage_healed":0,"gold_gain":150,"player_choice":"AGREE","damage_taken":0,"max_hp_gain":0,"max_hp_loss":0,"event_name":"Liars Game","floor":2,"gold_loss":0,"cards_obtained":["Doubt"]},{"damage_healed":0,"gold_gain":0,"player_choice":"Entered Light","damage_taken":21,"max_hp_gain":0,"max_hp_loss":0,"event_name":"Shining Light","floor":3,"gold_loss":0,"cards_upgraded":["Strike_B","Zap"]},{"damage_healed":0,"gold_gain":75,"player_choice":"Gather Gold","damage_taken":11,"max_hp_gain":0,"max_hp_loss":0,"event_name":"World of Goop","floor":4,"gold_loss":0},{"damage_healed":0,"gold_gain":0,"player_choice":"Trade","damage_taken":0,"relics_obtained":["GremlinMask"],"max_hp_gain":0,"max_hp_loss":0,"event_name":"FaceTrader","floor":11,"gold_loss":0},{"damage_healed":0,"gold_gain":0,"player_choice":"Fought Mushrooms","damage_taken":0,"max_hp_gain":0,"max_hp_loss":0,"event_name":"Mushrooms","floor":14,"gold_loss":0},{"damage_healed":0,"gold_gain":0,"cards_transformed":["Strike_B","Strike_B"],"player_choice":"Became Test Subject","damage_taken":0,"max_hp_gain":0,"max_hp_loss":0,"event_name":"Drug Dealer","floor":19,"gold_loss":0,"cards_obtained":["Darkness","Machine Learning"]},{"damage_healed":0,"gold_gain":0,"player_choice":"Shed Blood","damage_taken":27,"max_hp_gain":5,"max_hp_loss":0,"event_name":"Forgotten Altar","floor":20,"gold_loss":0},{"damage_healed":0,"gold_gain":0,"player_choice":"Ignored","damage_taken":0,"max_hp_gain":0,"max_hp_loss":0,"event_name":"Vampires","floor":21,"gold_loss":0},{"damage_healed":0,"gold_gain":50,"player_choice":"Stole From Cult","damage_taken":0,"max_hp_gain":0,"max_hp_loss":0,"event_name":"Nest","floor":22,"gold_loss":0}],"is_beta":false,"boss_relics":[{"not_picked":["Ectoplasm","Calling Bell"],"picked":"Philosopher\u0027s Stone"}],"items_purged_floors":[5],"is_endless":false,"potions_floor_spawned":[1,8,13,16],"killed_by":"Book of Stabbing","ascension_level":20}