{"gold_per_floor":[117,117,15,15,15,50,50,84,84,118,6,6,22,54,54,159,159,174,449,460,44,63,63,90,90,90,90,12,30,30,48,48,149,149,169,23,38,38,38,38,50,50,76,104,121,121,140,14,14,14],"floor_reached":50,"playtime":2469,"items_purged":["Regret","Writhe"],"score":868,"play_id":"3e90120e-81ba-4e0a-b3fc-e91a03471762","local_time":"20190615123051","is_ascension_mode":true,"campfire_choices":[{"floor":7.0,"key":"REST"},{"data":"Tactician","floor":12.0,"key":"SMITH"},{"data":"Glass Knife","floor":15.0,"key":"SMITH"},{"floor":23.0,"key":"REST"},{"floor":25.0,"key":"REST"},{"floor":27.0,"key":"REST"},{"data":"Discovery","floor":32.0,"key":"SMITH"},{"floor":40.0,"key":"REST"},{"data":"Prepared","floor":42.0,"key":"SMITH"},{"data":"Accuracy","floor":49,"key":"SMITH"}],"neow_cost":"NONE","seed_source_timestamp":148087314824138,"circlet_count":0,"master_deck":["Defend_G","Defend_G","Defend_G","Defend_G","Strike_G","Strike_G+1","Strike_G","Strike_G+1","Strike_G","Survivor","Neutralize","Dagger Throw","Dagger Throw+1","Escape Plan","Underhanded Strike","Calculated Gamble","Tactician+1","Well Laid Plans","Infinite Blades","Glass Knife+1","Storm of Steel","Prepared+1","Masterful Stab","Discovery+1","Endless Agony","Cloak And Dagger","Dagger Throw+1","Escape Plan","Dagger Throw+1","Predator+1","Storm of Steel","Backstab+1","Blade Dance","Acrobatics+1","Expertise","Eviscerate+1","Underhanded Strike","Accuracy","Dagger Throw","Accuracy+1","Dramatic Entrance"],"special_seed":0,"relics":["Ring of the Snake","NeowsBlessing","Matryoshka","Paper Crane","StoneCalendar","Lantern","Mango","Thread and Needle","Pantograph","WristBlade","Shuriken","Bottled Tornado","Omamori","Dream Catcher","Ancient Tea Set","Calling Bell","Blood Vial","Question Card","Bird Faced Urn","Blue Candle","Bag of Marbles","Whetstone"],"potions_floor_usage":[45,50],"damage_taken":[{"damage":0.0,"enemies":"2 Louse","floor":1.0,"turns":1.0},{"damage":0.0,"enemies":"3 Sentries","floor":6.0,"turns":1.0},{"damage":0.0,"enemies":"Lagavulin","floor":8.0,"turns":1.0},{"damage":17.0,"enemies":"3 Sentries","floor":10.0,"turns":7.0},{"damage":0.0,"enemies":"Jaw Worm","floor":13.0,"turns":3.0},{"damage":9.0,"enemies":"Lagavulin","floor":14.0,"turns":7.0},{"damage":39.0,"enemies":"Hexaghost","floor":16.0,"turns":8.0},{"damage":0.0,"enemies":"3 Byrds","floor":18.0,"turns":5.0},{"damage":18.0,"enemies":"Chosen","floor":20.0,"turns":5.0},{"damage":31.0,"enemies":"Snake Plant","floor":22.0,"turns":4.0},{"damage":37.0,"enemies":"Book of Stabbing","floor":24.0,"turns":5.0},{"damage":0.0,"enemies":"Sentry and Sphere","floor":29.0,"turns":3.0},{"damage":0.0,"enemies":"Chosen and Byrds","floor":31.0,"turns":4.0},{"damage":66.0,"enemies":"Automaton","floor":33.0,"turns":8.0},{"damage":18.0,"enemies":"3 Shapes","floor":35.0,"turns":3.0},{"damage":1.0,"enemies":"Orb Walker","floor":37.0,"turns":3.0},{"damage":0.0,"enemies":"3 Darklings","floor":41.0,"turns":4.0},{"damage":3.0,"enemies":"Giant Head","floor":44.0,"turns":5.0},{"damage":0,"enemies":"Spire Growth","floor":45,"turns":2},{"damage":8,"enemies":"Jaw Worm Horde","floor":47,"turns":4},{"damage":81,"enemies":"Time Eater","floor":50,"turns":4}],"seed_played":"2608882432759323217","potions_obtained":[{"floor":1.0,"key":"LiquidBronze"},{"floor":8.0,"key":"Dexterity Potion"},{"floor":14.0,"key":"SkillPotion"},{"floor":24.0,"key":"Dexterity Potion"},{"floor":29.0,"key":"Energy Potion"},{"floor":31.0,"key":"SpeedPotion"},{"floor":35.0,"key":"Explosive Potion"},{"floor":44.0,"key":"SteroidPotion"},{"floor":47,"key":"AttackPotion"}],"is_trial":false,"path_per_floor":["M","?","$","?","$","E","R","E","T","E","$","R","M","E","R","B",null,"M","?","M","$","M","R","E","R","T","R","$","M","T","M","R","B",null,"M","$","M","?","?","R","M","R","T","E","M","?","M","$","R","B"],"character_chosen":"THE_SILENT","items_purchased":["Dagger Throw","AttackPotion","Tactician","Well Laid Plans","Shuriken","Discovery","Escape Plan","Blade Dance","Accuracy","Dramatic Entrance"],"campfire_rested":5,"item_purchase_floors":[3,3,11,11,21,21,28,36,48,48],"current_hp_per_floor":[63,56,56,56,56,56,70,70,84,67,67,67,67,58,58,44,74,74,74,56,56,25,50,13,38,38,63,63,63,63,63,63,18,68,56,56,61,61,61,84,84,84,84,81,83,80,74,74,74,0],"gold":14,"neow_bonus":"THREE_ENEMY_KILL","is_prod":false,"is_daily":false,"chose_seed":false,"campfire_upgraded":5,"win_rate":0,"timestamp":1560591051,"path_taken":["M","?","$","?","$","E","R","E","T","E","$","R","M","E","R","BOSS","M","?","M","$","M","R","E","R","T","R","?","M","?","M","R","BOSS","M","$","M","?","?","R","?","R","T","E","?","?","M","$","R","BOSS"],"build_version":"2019-01-23","purchased_purges":2,"victory":false,"max_hp_per_floor":[70,70,70,70,70,70,70,70,84,84,84,84,84,84,84,84,84,84,84,84,84,84,84,84,84,84,84,84,84,84,84,84,84,84,84,84,84,84,84,84,84,84,84,84,84,80,80,80,80,80],"card_choices":[{"not_picked":["Eviscerate","Dodge and Roll"],"picked":"Dagger Throw","floor":1.0},{"not_picked":["Crippling Poison","Terror"],"picked":"Escape Plan","floor":6.0},{"not_picked":["Quick Slash","Outmaneuver"],"picked":"Underhanded Strike","floor":8.0},{"not_picked":["Glass Knife","Noxious Fumes"],"picked":"Calculated Gamble","floor":10.0},{"not_picked":["Blade Dance","Flying Knee"],"picked":"Infinite Blades","floor":13.0},{"not_picked":["Flying Knee","Outmaneuver"],"picked":"Glass Knife","floor":14.0},{"not_picked":["Venomology","Die Die Die"],"picked":"Storm of Steel","floor":16.0},{"not_picked":["Terror","Flechettes+1"],"picked":"Prepared","floor":18.0},{"not_picked":["Deflect","Eviscerate"],"picked":"Masterful Stab","floor":20.0},{"not_picked":["Well Laid Plans","Dodge and Roll"],"picked":"Endless Agony","floor":22.0},{"not_picked":["Finisher","Deadly Poison"],"picked":"Cloak And Dagger","floor":24.0},{"not_picked":["Dodge and Roll","Flying Knee+1"],"picked":"Dagger Throw+1","floor":27.0},{"not_picked":["Outmaneuver","Slice"],"picked":"Dagger Throw+1","floor":29.0},{"not_picked":["Die Die Die","Quick Slash"],"picked":"Predator+1","floor":31.0},{"not_picked":["Bullet Time","Corpse Explosion"],"picked":"Storm of Steel","floor":33.0},{"not_picked":["All Out Attack","Flechettes","Backflip"],"picked":"Backstab+1","floor":35.0},{"not_picked":["Bane","Slice+1","Choke+1"],"picked":"Acrobatics+1","floor":37.0},{"not_picked":["Dagger Spray","Catalyst","Deflect"],"picked":"Expertise","floor":40.0},{"not_picked":["PiercingWail+1","Acrobatics+1","Poisoned Stab"],"picked":"Eviscerate+1","floor":41.0},{"not_picked":["Predator+1","Catalyst","Bane"],"picked":"Underhanded Strike","floor":44.0},{"not_picked":["Poisoned Stab","Eviscerate","Dagger Throw+1"],"picked":"Accuracy","floor":45},{"not_picked":["Choke+1","Slice","Backflip"],"picked":"Dagger Throw","floor":47}],"player_experience":1533304,"relics_obtained":[{"floor":6.0,"key":"Paper Crane"},{"floor":8.0,"key":"StoneCalendar"},{"floor":9.0,"key":"Lantern"},{"floor":9.0,"key":"Mango"},{"floor":10.0,"key":"Thread and Needle"},{"floor":14.0,"key":"Pantograph"},{"floor":24.0,"key":"Bottled Tornado"},{"floor":26.0,"key":"Omamori"},{"floor":26.0,"key":"Dream Catcher"},{"floor":30.0,"key":"Ancient Tea Set"},{"floor":34.0,"key":"Blood Vial"},{"floor":34.0,"key":"Question Card"},{"floor":34.0,"key":"Bird Faced Urn"},{"floor":43.0,"key":"Bag of Marbles"},{"floor":44.0,"key":"Whetstone"}],"event_choices":[{"damage_healed":0.0,"max_hp_gain":0.0,"max_hp_loss":0.0,"gold_gain":0.0,"event_name":"Scrap Ooze","player_choice":"Success","floor":2.0,"gold_loss":0.0,"damage_taken":7.0,"relics_obtained":["Matryoshka"]},{"damage_healed":0.0,"max_hp_gain":0.0,"max_hp_loss":0.0,"gold_gain":0.0,"event_name":"Living Wall","player_choice":"Grow","floor":4.0,"gold_loss":0.0,"damage_taken":0.0,"cards_upgraded":["Dagger Throw"]},{"damage_healed":0.0,"max_hp_gain":0.0,"max_hp_loss":0.0,"gold_gain":275.0,"event_name":"Golden Shrine","player_choice":"Desecrate","floor":19.0,"gold_loss":0.0,"damage_taken":0.0,"cards_obtained":["Regret"]},{"cards_removed":["Defend_G"],"damage_healed":0.0,"max_hp_gain":0.0,"max_hp_loss":0.0,"gold_gain":0.0,"event_name":"Falling","player_choice":"Removed Skill","floor":38.0,"gold_loss":0.0,"damage_taken":0.0},{"damage_healed":0.0,"max_hp_gain":0.0,"max_hp_loss":0.0,"gold_gain":0.0,"event_name":"WeMeetAgain","player_choice":"Gave Potion","floor":39.0,"gold_loss":0.0,"damage_taken":0.0,"relics_obtained":["Blue Candle"]},{"damage_healed":0,"gold_gain":0,"player_choice":"Max HP","damage_taken":0,"max_hp_gain":0,"max_hp_loss":4,"event_name":"Winding Halls","floor":46,"gold_loss":0}],"is_beta":false,"boss_relics":[{"not_picked":["Runic Dome","Pandora\u0027s Box"],"picked":"WristBlade"},{"not_picked":["Eternal Feather","White Beast Statue"],"picked":"Calling Bell"}],"items_purged_floors":[21,36],"is_endless":false,"potions_floor_spawned":[1,8,14,24,29,31,35,44,47],"killed_by":"Time Eater","ascension_level":9}