{"gold_per_floor":[116,126,126,141,141,141,172,172,172],"floor_reached":9,"playtime":250,"items_purged":[],"score":92,"play_id":"e263e920-13bb-49aa-9b03-6936e83814e2","local_time":"20190624185957","is_ascension_mode":true,"campfire_choices":[{"floor":6,"key":"REST"},{"floor":8,"key":"REST"}],"neow_cost":"NONE","seed_source_timestamp":951465750269668,"circlet_count":0,"master_deck":["AscendersBane","Defend_G","Defend_G","Defend_G","Defend_G","Defend_G","Strike_G","Strike_G","Strike_G","Strike_G","Strike_G","Survivor","Neutralize","Underhanded Strike","Underhanded Strike","Prepared+1","Dagger Throw"],"relics":["Ring of the Snake","NeowsBlessing","Golden Idol","FossilizedHelix","Frozen Egg 2"],"potions_floor_usage":[],"damage_taken":[{"damage":0,"enemies":"Jaw Worm","floor":1,"turns":1},{"damage":0,"enemies":"2 Louse","floor":2,"turns":1},{"damage":0,"enemies":"Cultist","floor":4,"turns":1},{"damage":58,"enemies":"Lagavulin","floor":7,"turns":11}],"seed_played":"-6402524313039076163","potions_obtained":[{"floor":7,"key":"FearPotion"}],"is_trial":false,"path_per_floor":["M","M","?","M","?","R","E","R","T"],"character_chosen":"THE_SILENT","items_purchased":[],"campfire_rested":2,"item_purchase_floors":[],"current_hp_per_floor":[63,63,46,46,46,67,9,30,30],"gold":172,"neow_bonus":"THREE_ENEMY_KILL","is_prod":false,"is_daily":false,"chose_seed":false,"campfire_upgraded":0,"win_rate":0,"timestamp":1561391997,"path_taken":["M","M","?","M","?","R","E","R","T"],"build_version":"2019-01-23","purchased_purges":0,"victory":false,"max_hp_per_floor":[70,70,70,70,70,70,70,70,70],"card_choices":[{"not_picked":["Backflip","Concentrate"],"picked":"Underhanded Strike","floor":1},{"not_picked":["Accuracy","Dagger Throw"],"picked":"Underhanded Strike","floor":2},{"not_picked":["Blade Dance","Well Laid Plans"],"picked":"Prepared","floor":4},{"not_picked":["All Out Attack","Prepared"],"picked":"Dagger Throw","floor":7}],"player_experience":1573719,"relics_obtained":[{"floor":7,"key":"FossilizedHelix"},{"floor":9,"key":"Frozen Egg 2"}],"event_choices":[{"damage_healed":0,"gold_gain":0,"player_choice":"Take Damage","damage_taken":17,"relics_obtained":["Golden Idol"],"max_hp_gain":0,"max_hp_loss":0,"event_name":"Golden Idol","floor":3,"gold_loss":0},{"damage_healed":0,"gold_gain":0,"player_choice":"Grow","damage_taken":0,"max_hp_gain":0,"max_hp_loss":0,"event_name":"Living Wall","floor":5,"gold_loss":0,"cards_upgraded":["Prepared"]}],"is_beta":false,"boss_relics":[],"items_purged_floors":[],"is_endless":false,"potions_floor_spawned":[7],"ascension_level":10}