{"gold_per_floor":[113,133,146,10,25,59,59,30,30,48,48,58,91,109,109,185,185,199,114,114,130,143,178,178,103,103,103,103,131,131,131],"floor_reached":31,"playtime":2335,"items_purged":[],"score":574,"play_id":"0ebf5ecb-dd6f-456f-972c-9b4bb72186d2","local_time":"20190707114743","is_ascension_mode":true,"campfire_choices":[{"data":"Footwork","floor":7,"key":"SMITH"},{"floor":11,"key":"REST"},{"data":"Neutralize","floor":15,"key":"SMITH"},{"floor":24,"key":"REST"},{"data":"Malaise","floor":27,"key":"SMITH"},{"data":"Dash","floor":30,"key":"SMITH"}],"neow_cost":"TEN_PERCENT_HP_LOSS","seed_source_timestamp":152296327931626,"circlet_count":0,"master_deck":["AscendersBane","Strike_G","Strike_G","Defend_G","Defend_G","Defend_G","Defend_G","Defend_G","Survivor","Neutralize+1","Malaise+1","Backflip","Backstab","Quick Slash","Flying Knee","Footwork+1","Cloak And Dagger","Doppelganger","PiercingWail","Corpse Explosion","Infinite Blades+1","Backflip","Die Die Die","Dash+1","Ghostly","Ghostly","Ghostly","PiercingWail","Writhe","Dodge and Roll"],"relics":["Ring of the Snake","Juzu Bracelet","Mercury Hourglass","Frozen Egg 2","Velvet Choker","Letter Opener","Bronze Scales","Tough Bandages","Oddly Smooth Stone"],"potions_floor_usage":[10,23,29,29],"damage_taken":[{"damage":0,"enemies":"2 Louse","floor":1,"turns":7},{"damage":0,"enemies":"Jaw Worm","floor":2,"turns":10},{"damage":0,"enemies":"Cultist","floor":3,"turns":4},{"damage":1,"enemies":"Looter","floor":5,"turns":3},{"damage":31,"enemies":"3 Sentries","floor":6,"turns":15},{"damage":7,"enemies":"Exordium Thugs","floor":8,"turns":4},{"damage":0,"enemies":"Gremlin Gang","floor":10,"turns":2},{"damage":0,"enemies":"Red Slaver","floor":12,"turns":3},{"damage":4,"enemies":"Lagavulin","floor":13,"turns":9},{"damage":0,"enemies":"3 Louse","floor":14,"turns":1},{"damage":14,"enemies":"Slime Boss","floor":16,"turns":12},{"damage":3,"enemies":"3 Byrds","floor":18,"turns":5},{"damage":1,"enemies":"Spheric Guardian","floor":21,"turns":4},{"damage":13,"enemies":"Cultist and Chosen","floor":22,"turns":8},{"damage":3,"enemies":"Slavers","floor":23,"turns":5},{"damage":16,"enemies":"Gremlin Leader","floor":29,"turns":8},{"damage":15,"enemies":"Shelled Parasite and Fungi","floor":31,"turns":1}],"seed_played":"4794547469034196353","potions_obtained":[{"floor":6,"key":"SkillPotion"},{"floor":8,"key":"Explosive Potion"},{"floor":12,"key":"GhostInAJar"},{"floor":23,"key":"Explosive Potion"}],"is_trial":false,"path_per_floor":["M","M","M","$","M","E","R","M","T","M","R","M","E","M","R","B",null,"M","?","?","M","M","E","R","?","T","R","?","E","R","M"],"character_chosen":"THE_SILENT","items_purchased":["Footwork","Energy Potion"],"campfire_rested":2,"item_purchase_floors":[4,4],"current_hp_per_floor":[59,59,59,59,58,27,27,20,20,20,38,38,34,34,34,20,50,47,47,30,29,16,13,22,22,22,22,22,6,6,0],"gold":131,"neow_bonus":"TRANSFORM_TWO_CARDS","is_prod":false,"is_daily":false,"chose_seed":false,"campfire_upgraded":4,"win_rate":0,"timestamp":1562492863,"path_taken":["M","M","M","$","M","E","R","M","T","M","R","M","E","M","R","BOSS","M","?","?","M","M","E","R","?","T","R","?","E","R","M"],"build_version":"2019-07-01","purchased_purges":0,"victory":false,"max_hp_per_floor":[60,60,60,60,60,60,60,60,60,60,60,60,60,60,60,60,60,60,60,30,30,30,30,30,30,30,30,30,30,30,30],"card_choices":[{"not_picked":["Quick Slash","Outmaneuver"],"picked":"Backstab","floor":1},{"not_picked":["Outmaneuver","Finisher"],"picked":"Quick Slash","floor":2},{"not_picked":["Deflect","Bane"],"picked":"Flying Knee","floor":3},{"not_picked":["Storm of Steel","Outmaneuver"],"picked":"Cloak And Dagger","floor":5},{"not_picked":["Outmaneuver","Quick Slash"],"picked":"Doppelganger","floor":6},{"not_picked":["Sucker Punch","Slice"],"picked":"PiercingWail","floor":8},{"not_picked":["Escape Plan","Bane"],"picked":"Corpse Explosion","floor":12},{"not_picked":["Dagger Spray","Backflip"],"picked":"Infinite Blades","floor":13},{"not_picked":["Poisoned Stab","Quick Slash"],"picked":"Backflip","floor":14},{"not_picked":["Unload","Grand Finale"],"picked":"Die Die Die","floor":16},{"not_picked":["Flying Knee","Choke"],"picked":"Dash","floor":18},{"not_picked":["Blade Dance","Heel Hook","Bane"],"picked":"SKIP","floor":21},{"not_picked":["Cloak And Dagger","Flechettes"],"picked":"PiercingWail","floor":23},{"not_picked":["Distraction","Predator"],"picked":"Dodge and Roll","floor":29}],"player_experience":1187212,"relics_obtained":[{"floor":6,"key":"Juzu Bracelet"},{"floor":9,"key":"Mercury Hourglass"},{"floor":13,"key":"Frozen Egg 2"},{"floor":23,"key":"Bronze Scales"},{"floor":29,"key":"Oddly Smooth Stone"}],"event_choices":[{"damage_healed":0,"gold_gain":0,"player_choice":"Obtained Relic","damage_taken":0,"relics_obtained":["Letter Opener"],"max_hp_gain":0,"max_hp_loss":0,"event_name":"Addict","floor":19,"gold_loss":85},{"damage_healed":0,"gold_gain":0,"player_choice":"Became a Ghost","damage_taken":0,"max_hp_gain":0,"max_hp_loss":30,"event_name":"Ghosts","floor":20,"gold_loss":0,"cards_obtained":["Ghostly","Ghostly","Ghostly"]},{"cards_removed":["Strike_G"],"damage_healed":0,"gold_gain":0,"player_choice":"Gave Gold","damage_taken":0,"max_hp_gain":0,"max_hp_loss":0,"event_name":"Beggar","floor":25,"gold_loss":75},{"damage_healed":0,"gold_gain":0,"player_choice":"Opened","damage_taken":0,"relics_obtained":["Tough Bandages"],"max_hp_gain":0,"max_hp_loss":0,"event_name":"The Mausoleum","floor":28,"gold_loss":0,"cards_obtained":["Writhe"]}],"is_beta":false,"boss_relics":[{"not_picked":["Ectoplasm","Fusion Hammer"],"picked":"Velvet Choker"}],"items_purged_floors":[],"is_endless":false,"potions_floor_spawned":[6,8,12,16,23],"killed_by":"Shelled Parasite and Fungi","ascension_level":20}