{"gold_per_floor":[362,233,117,192,367,367,398,398,448,448,481,431,445,40,40,139,139,150,124,124,139,155,155,182,211,279,279,293,111,121,135,135,240,240,255,269,27,27,38,70,70,70,70,70,170,180,180,192,192,192],"floor_reached":51,"playtime":3254,"items_purged":[],"score":936,"play_id":"bb5b983e-38bd-4353-99aa-b2e9b2c57ccc","local_time":"20190604194419","is_ascension_mode":true,"campfire_choices":[{"floor":6.0,"key":"REST"},{"floor":8.0,"key":"REST"},{"data":"Noxious Fumes","floor":10.0,"key":"SMITH"},{"floor":15.0,"key":"REST"},{"floor":23.0,"key":"REST"},{"floor":32.0,"key":"REST"},{"floor":41.0,"key":"REST"},{"floor":44,"key":"REST"},{"floor":49,"key":"REST"}],"neow_cost":"TEN_PERCENT_HP_LOSS","seed_source_timestamp":792645392299338,"circlet_count":0,"master_deck":["Defend_G","Defend_G","Defend_G","Defend_G","Defend_G","Strike_G","Strike_G","Strike_G","Strike_G","Strike_G","Survivor","Neutralize","Deadly Poison","Corpse Explosion","Bane","Noxious Fumes+1","Setup","Poisoned Stab","Riddle With Holes","Calculated Gamble","Crippling Poison","Panache","Infinite Blades","Good Instincts","Venomology","Poisoned Stab","Deadly Poison","Leg Sweep+1","Crippling Poison","Footwork","Well Laid Plans","Adrenaline","Poisoned Stab","Noxious Fumes+1","Crippling Poison","Wraith Form v2","Riddle With Holes+1","Well Laid Plans","Writhe","Poisoned Stab","Deadly Poison+1","Crippling Poison+1","Setup+1","Footwork+1","Adrenaline","Poisoned Stab+1","Escape Plan"],"special_seed":0,"relics":["Ring of the Snake","Question Card","Lantern","Orichalcum","Lizard Tail","Bag of Preparation","Red Mask","Pantograph","Black Star","TwistedFunnel","Ancient Tea Set","Bottled Flame","Ornamental Fan","Prayer Wheel"],"potions_floor_usage":[45,50,50,50],"damage_taken":[{"damage":2.0,"enemies":"Cultist","floor":1.0,"turns":4.0},{"damage":22.0,"enemies":"3 Sentries","floor":7.0,"turns":4.0},{"damage":16.0,"enemies":"Gremlin Nob","floor":11.0,"turns":4.0},{"damage":2.0,"enemies":"Small Slimes","floor":13.0,"turns":3.0},{"damage":40.0,"enemies":"The Guardian","floor":16.0,"turns":10.0},{"damage":12.0,"enemies":"Chosen","floor":18.0,"turns":5.0},{"damage":8.0,"enemies":"3 Byrds","floor":21.0,"turns":4.0},{"damage":6.0,"enemies":"Centurion and Healer","floor":22.0,"turns":4.0},{"damage":28.0,"enemies":"Slavers","floor":24.0,"turns":2.0},{"damage":6.0,"enemies":"Masked Bandits","floor":25.0,"turns":2.0},{"damage":7.0,"enemies":"Chosen and Byrds","floor":28.0,"turns":5.0},{"damage":14.0,"enemies":"Sentry and Sphere","floor":30.0,"turns":4.0},{"damage":10.0,"enemies":"Centurion and Healer","floor":31.0,"turns":4.0},{"damage":40.0,"enemies":"Automaton","floor":33.0,"turns":9.0},{"damage":25.0,"enemies":"3 Darklings","floor":35.0,"turns":5.0},{"damage":10.0,"enemies":"3 Shapes","floor":36.0,"turns":3.0},{"damage":4.0,"enemies":"Maw","floor":39.0,"turns":8.0},{"damage":18.0,"enemies":"Nemesis","floor":40.0,"turns":7.0},{"damage":13,"enemies":"Mind Bloom Boss Battle","floor":45,"turns":8},{"damage":9,"enemies":"4 Shapes","floor":46,"turns":3},{"damage":35,"enemies":"3 Darklings","floor":48,"turns":4},{"damage":93,"enemies":"Donu and Deca","floor":50,"turns":7}],"seed_played":"-1691057172094365353","potions_obtained":[{"floor":1.0,"key":"Dexterity Potion"},{"floor":13.0,"key":"Regen Potion"},{"floor":22.0,"key":"SkillPotion"},{"floor":24.0,"key":"FearPotion"},{"floor":25.0,"key":"SpeedPotion"},{"floor":36.0,"key":"Poison Potion"},{"floor":39.0,"key":"Ancient Potion"},{"floor":40.0,"key":"Regen Potion"}],"is_trial":false,"path_per_floor":["M","$","$","?","?","R","E","R","T","R","E","?","M","$","R","B",null,"M","$","?","M","M","R","E","?","T","?","M","$","M","M","R","B",null,"M","M","$","?","M","E","R","?","T","R","?","M","?","M","R","B",null],"character_chosen":"THE_SILENT","items_purchased":["Corpse Explosion","Bane","Noxious Fumes","Setup","Crippling Poison","Panache","Infinite Blades","Good Instincts","Deadly Poison","Adrenaline","Poisoned Stab","TwistedFunnel","Swift Potion"],"campfire_rested":8,"item_purchase_floors":[2,2,3,3,14,14,14,14,19,29,29,37,37],"current_hp_per_floor":[61,61,61,50,50,63,41,59,59,59,43,43,41,41,59,19,63,51,51,40,46,40,60,32,26,26,26,19,19,5,6,26,11,68,43,33,33,50,46,28,48,48,48,68,68,59,59,24,44,10],"gold":192,"neow_bonus":"TWO_FIFTY_GOLD","is_prod":false,"is_daily":false,"chose_seed":false,"campfire_upgraded":1,"win_rate":0,"timestamp":1559666659,"path_taken":["M","?","$","?","?","R","E","R","T","R","E","?","?","$","R","BOSS","M","$","?","M","M","R","E","?","T","?","M","$","M","M","R","BOSS","M","M","$","?","M","E","R","?","T","R","?","M","?","?","R","BOSS"],"build_version":"2019-01-23","purchased_purges":0,"victory":true,"max_hp_per_floor":[63,63,63,63,63,63,63,63,63,63,63,63,63,63,63,63,63,63,63,68,68,68,68,68,68,68,68,68,68,68,68,68,68,68,68,68,68,68,68,68,68,68,68,68,68,68,68,68,68,68],"card_choices":[{"not_picked":["Caltrops","Bane"],"picked":"Deadly Poison","floor":1.0},{"not_picked":["Slice","Dagger Spray"],"picked":"Poisoned Stab","floor":7.0},{"not_picked":["Skewer","Accuracy","Malaise"],"picked":"Riddle With Holes","floor":11.0},{"not_picked":["Choke","Concentrate","Prepared"],"picked":"Calculated Gamble","floor":13.0},{"not_picked":["Malaise","After Image","Storm of Steel"],"picked":"Venomology","floor":16.0},{"not_picked":["Prepared","Underhanded Strike","Deflect"],"picked":"Poisoned Stab","floor":18.0},{"not_picked":["Sucker Punch+1","Tactician+1","Flying Knee"],"picked":"Leg Sweep+1","floor":21.0},{"not_picked":["Deadly Poison","Slice+1","Terror"],"picked":"Crippling Poison","floor":22.0},{"not_picked":["Deflect","Quick Slash+1","Endless Agony"],"picked":"Footwork","floor":24.0},{"not_picked":["Concentrate","Dodge and Roll","Expertise"],"picked":"Well Laid Plans","floor":28.0},{"not_picked":["Dagger Spray","Crippling Poison","Blade Dance"],"picked":"Noxious Fumes+1","floor":30.0},{"not_picked":["Expertise","Endless Agony","Predator"],"picked":"Crippling Poison","floor":31.0},{"not_picked":["Venomology","Storm of Steel","Unload"],"picked":"Wraith Form v2","floor":33.0},{"not_picked":["Slice+1","Prepared+1","PiercingWail"],"picked":"Riddle With Holes+1","floor":35.0},{"not_picked":["Outmaneuver+1","Backflip","Eviscerate"],"picked":"Well Laid Plans","floor":36.0},{"not_picked":["Outmaneuver+1","Predator","Flying Knee"],"picked":"Poisoned Stab","floor":39.0},{"not_picked":["Corpse Explosion","Slice","Dagger Spray+1"],"picked":"Deadly Poison+1","floor":40.0},{"not_picked":["Acrobatics","Flying Knee","Deadly Poison"],"picked":"Crippling Poison+1","floor":45},{"not_picked":["Sucker Punch","Backflip","Well Laid Plans+1"],"picked":"Setup+1","floor":46},{"not_picked":["Flechettes+1","Backstab","Outmaneuver"],"picked":"Footwork+1","floor":46},{"not_picked":["Quick Slash+1","Sucker Punch","Dagger Spray+1"],"picked":"Poisoned Stab+1","floor":48},{"not_picked":["Endless Agony+1","Slice","Heel Hook+1"],"picked":"Escape Plan","floor":48}],"player_experience":1455875,"relics_obtained":[{"floor":7.0,"key":"Question Card"},{"floor":9.0,"key":"Lantern"},{"floor":11.0,"key":"Orichalcum"},{"floor":24.0,"key":"Bag of Preparation"},{"floor":25.0,"key":"Red Mask"},{"floor":26.0,"key":"Pantograph"},{"floor":40.0,"key":"Ancient Tea Set"},{"floor":40.0,"key":"Bottled Flame"},{"floor":43,"key":"Ornamental Fan"},{"floor":45,"key":"Prayer Wheel"}],"event_choices":[{"damage_healed":0.0,"max_hp_gain":0.0,"max_hp_loss":0.0,"gold_gain":75.0,"event_name":"World of Goop","player_choice":"Gather Gold","floor":4.0,"gold_loss":0.0,"damage_taken":11.0},{"damage_healed":0.0,"max_hp_gain":0.0,"max_hp_loss":0.0,"gold_gain":175.0,"event_name":"Liars Game","player_choice":"AGREE","floor":5.0,"gold_loss":0.0,"damage_taken":0.0,"cards_obtained":["Doubt"]},{"cards_removed":["Doubt"],"damage_healed":0.0,"max_hp_gain":0.0,"max_hp_loss":0.0,"gold_gain":0.0,"event_name":"The Cleric","player_choice":"Card Removal","floor":12.0,"gold_loss":50.0,"damage_taken":0.0},{"damage_healed":0.0,"max_hp_gain":5.0,"max_hp_loss":0.0,"gold_gain":0.0,"event_name":"Forgotten Altar","player_choice":"Shed Blood","floor":20.0,"gold_loss":0.0,"damage_taken":16.0},{"damage_healed":0.0,"max_hp_gain":0.0,"max_hp_loss":0.0,"gold_gain":0.0,"event_name":"Masked Bandits","player_choice":"Fought Bandits","floor":25.0,"gold_loss":0.0,"damage_taken":0.0},{"damage_healed":0.0,"max_hp_gain":0.0,"max_hp_loss":0.0,"gold_gain":0.0,"event_name":"Ghosts","player_choice":"Ignored","floor":27.0,"gold_loss":0.0,"damage_taken":0.0},{"damage_healed":17.0,"max_hp_gain":0.0,"max_hp_loss":0.0,"gold_gain":0.0,"event_name":"Winding Halls","player_choice":"Writhe","floor":38.0,"gold_loss":0.0,"damage_taken":0.0,"cards_obtained":["Writhe"]},{"damage_healed":0,"gold_gain":0,"player_choice":"Ignored","damage_taken":0,"max_hp_gain":0,"max_hp_loss":0,"event_name":"Mysterious Sphere","floor":42,"gold_loss":0},{"damage_healed":0,"gold_gain":0,"player_choice":"Fight","damage_taken":0,"max_hp_gain":0,"max_hp_loss":0,"event_name":"MindBloom","floor":45,"gold_loss":0},{"damage_healed":0,"gold_gain":0,"player_choice":"Copied","damage_taken":0,"max_hp_gain":0,"max_hp_loss":0,"event_name":"Duplicator","floor":47,"gold_loss":0,"cards_obtained":["Adrenaline"]}],"is_beta":false,"boss_relics":[{"not_picked":["Coffee Dripper","Ectoplasm"],"picked":"Lizard Tail"},{"not_picked":["Runic Dome","HoveringKite"],"picked":"Black Star"}],"items_purged_floors":[],"is_endless":false,"potions_floor_spawned":[1,13,22,24,25,36,39,40],"ascension_level":4}