{"gold_per_floor":[363,363,363,363,363,363,392,392,392,448,448,474,474,474,474,550,550,567,55,55,66,79,111,111,131,131,131,151,151,151,182,182,257,257,268,268,71,90,106,106,133,133,133,233,69,103,103,116,116,116],"floor_reached":50,"playtime":1461,"items_purged":["Strike_R"],"score":1225,"play_id":"9cf1ed8a-8d47-4dbb-8eac-e5a10a2dd7ee","local_time":"20190622151004","is_ascension_mode":true,"campfire_choices":[{"floor":6.0,"key":"REST"},{"data":"Whirlwind","floor":8.0,"key":"SMITH"},{"floor":11.0,"key":"REST"},{"floor":13.0,"key":"DIG"},{"floor":15.0,"key":"DIG"},{"floor":24.0,"key":"DIG"},{"floor":27.0,"key":"REST"},{"floor":29.0,"key":"DIG"},{"floor":32.0,"key":"DIG"},{"data":"Demon Form","floor":40.0,"key":"SMITH"},{"floor":42.0,"key":"DIG"},{"floor":47,"key":"DIG"},{"floor":49,"key":"RECALL"}],"neow_cost":"CURSE","seed_source_timestamp":4693333417400,"circlet_count":0,"master_deck":["AscendersBane","Strike_R","Strike_R","Strike_R+1","Defend_R","Defend_R","Defend_R","Defend_R","Bash+1","Spot Weakness","Whirlwind+1","Shrug It Off","Impervious","Body Slam+1","Pommel Strike","Evolve","Demon Form+1","Secret Technique","Sword Boomerang","Limit Break"],"special_seed":0,"relics":["Burning Blood","Orichalcum","Turnip","Shovel","Tiny Chest","PreservedInsect","Juzu Bracelet","Regal Pillow","Busted Crown","Gambling Chip","Incense Burner","FossilizedHelix","Bird Faced Urn","Magic Flower","Lantern","Mango","Mark of Pain","Potion Belt","Question Card","Singing Bowl","StoneCalendar","Thread and Needle"],"potions_floor_usage":[48],"damage_taken":[{"damage":7.0,"enemies":"Jaw Worm","floor":1.0,"turns":3.0},{"damage":42.0,"enemies":"Lagavulin","floor":7.0,"turns":6.0},{"damage":20.0,"enemies":"Gremlin Nob","floor":10.0,"turns":4.0},{"damage":28.0,"enemies":"Lagavulin","floor":12.0,"turns":4.0},{"damage":8.0,"enemies":"Hexaghost","floor":16.0,"turns":7.0},{"damage":27.0,"enemies":"Chosen","floor":18.0,"turns":4.0},{"damage":0.0,"enemies":"3 Byrds","floor":21.0,"turns":3.0},{"damage":8.0,"enemies":"3 Cultists","floor":22.0,"turns":4.0},{"damage":34.0,"enemies":"Book of Stabbing","floor":23.0,"turns":4.0},{"damage":7.0,"enemies":"Sentry and Sphere","floor":25.0,"turns":6.0},{"damage":0.0,"enemies":"Centurion and Healer","floor":28.0,"turns":4.0},{"damage":9.0,"enemies":"Slavers","floor":31.0,"turns":6.0},{"damage":0.0,"enemies":"Collector","floor":33.0,"turns":8.0},{"damage":0.0,"enemies":"Orb Walker","floor":35.0,"turns":3.0},{"damage":0.0,"enemies":"3 Shapes","floor":38.0,"turns":4.0},{"damage":0.0,"enemies":"Writhing Mass","floor":39.0,"turns":5.0},{"damage":41.0,"enemies":"Giant Head","floor":41.0,"turns":7.0},{"damage":7.0,"enemies":"Mind Bloom Boss Battle","floor":44.0,"turns":6.0},{"damage":35,"enemies":"Reptomancer","floor":46,"turns":4},{"damage":0,"enemies":"3 Darklings","floor":48,"turns":3},{"damage":101,"enemies":"Awakened One","floor":50,"turns":7}],"seed_played":"-8214621575387776415","potions_obtained":[{"floor":1.0,"key":"LiquidBronze"},{"floor":10.0,"key":"AttackPotion"},{"floor":22.0,"key":"AttackPotion"},{"floor":31.0,"key":"PowerPotion"},{"floor":41.0,"key":"Swift Potion"},{"floor":46,"key":"FairyPotion"}],"is_trial":false,"path_per_floor":["M","?","?","?","?","R","E","R","T","E","R","E","R","?","R","B",null,"M","$","?","M","M","E","R","M","T","R","M","R","?","E","R","B",null,"M","?","$","M","M","R","E","R","T","?","$","E","R","M","R","B"],"character_chosen":"IRONCLAD","items_purchased":["Gambling Chip","Block Potion","Strength Potion","Sword Boomerang","Potion Belt","Limit Break"],"campfire_rested":3,"item_purchase_floors":[19,19,19,37,37,45],"current_hp_per_floor":[67,44,26,19,44,66,30,30,30,16,38,16,16,16,16,14,60,39,39,39,45,43,15,15,14,14,51,57,57,57,60,74,89,89,89,79,79,89,89,89,57,57,57,67,67,49,49,63,63,0],"gold":116,"neow_bonus":"TWO_FIFTY_GOLD","is_prod":false,"is_daily":false,"chose_seed":false,"campfire_upgraded":2,"win_rate":0,"timestamp":1561183804,"path_taken":["M","?","?","?","?","R","E","R","T","E","R","E","R","?","R","BOSS","M","$","?","M","M","E","R","M","T","R","M","R","?","E","R","BOSS","M","?","$","M","M","R","E","R","T","?","$","E","R","M","R","BOSS"],"build_version":"2019-01-23","purchased_purges":1,"victory":false,"max_hp_per_floor":[75,75,75,75,75,75,75,75,75,75,75,75,75,75,75,75,75,75,75,75,75,75,75,75,75,75,75,75,75,75,75,89,89,89,89,89,89,89,89,89,89,89,89,91,91,93,93,95,95,95],"card_choices":[{"not_picked":["Havoc","Body Slam"],"picked":"Spot Weakness","floor":1.0},{"not_picked":["Juggernaut","True Grit"],"picked":"Whirlwind","floor":7.0},{"not_picked":["Flex","Warcry"],"picked":"Shrug It Off","floor":10.0},{"not_picked":["Metallicize","Carnage","Flex"],"picked":"SKIP","floor":12.0},{"not_picked":["Metallicize","Carnage","Flex"],"picked":"SKIP","floor":12.0},{"not_picked":["Brutality","Barricade"],"picked":"Impervious","floor":16.0},{"not_picked":["Flex+1"],"picked":"SKIP","floor":18.0},{"not_picked":["Rampage"],"picked":"SKIP","floor":21.0},{"not_picked":["Rampage"],"picked":"SKIP","floor":21.0},{"not_picked":[],"picked":"Body Slam+1","floor":22.0},{"not_picked":["Body Slam"],"picked":"SKIP","floor":23.0},{"not_picked":["Pommel Strike"],"picked":"SKIP","floor":25.0},{"not_picked":[],"picked":"Pommel Strike","floor":25.0},{"not_picked":["Metallicize"],"picked":"SKIP","floor":28.0},{"not_picked":["Havoc"],"picked":"SKIP","floor":31.0},{"not_picked":[],"picked":"Demon Form","floor":33.0},{"not_picked":["Wild Strike"],"picked":"SKIP","floor":35.0},{"not_picked":[],"picked":"Secret Technique","floor":36.0},{"not_picked":["Clash+1"],"picked":"SKIP","floor":38.0},{"not_picked":["Clash"],"picked":"SKIP","floor":39.0},{"not_picked":["Dropkick+1"],"picked":"SKIP","floor":41.0},{"not_picked":["Spot Weakness","Searing Blow"],"picked":"Singing Bowl","floor":44.0},{"not_picked":["Bludgeon","Fire Breathing"],"picked":"Singing Bowl","floor":46},{"not_picked":["Heavy Blade","Fire Breathing+1"],"picked":"Singing Bowl","floor":48}],"player_experience":739877,"relics_obtained":[{"floor":7.0,"key":"Turnip"},{"floor":9.0,"key":"Shovel"},{"floor":10.0,"key":"Tiny Chest"},{"floor":12.0,"key":"PreservedInsect"},{"floor":13.0,"key":"Juzu Bracelet"},{"floor":15.0,"key":"Regal Pillow"},{"floor":23.0,"key":"Incense Burner"},{"floor":24.0,"key":"FossilizedHelix"},{"floor":26.0,"key":"Bird Faced Urn"},{"floor":29.0,"key":"Magic Flower"},{"floor":31.0,"key":"Lantern"},{"floor":32.0,"key":"Mango"},{"floor":41.0,"key":"Question Card"},{"floor":42.0,"key":"Singing Bowl"},{"floor":44.0,"key":"StoneCalendar"},{"floor":47,"key":"Thread and Needle"}],"event_choices":[{"damage_healed":0.0,"max_hp_gain":0.0,"max_hp_loss":0.0,"gold_gain":0.0,"event_name":"Shining Light","player_choice":"Entered Light","floor":2.0,"gold_loss":0.0,"damage_taken":23.0,"cards_upgraded":["Strike_R","Bash"]},{"damage_healed":0.0,"max_hp_gain":0.0,"max_hp_loss":0.0,"gold_gain":0.0,"event_name":"Scrap Ooze","player_choice":"Success","floor":3.0,"gold_loss":0.0,"damage_taken":18.0,"relics_obtained":["Orichalcum"]},{"cards_removed":["Shame"],"damage_healed":0.0,"max_hp_gain":0.0,"max_hp_loss":0.0,"gold_gain":0.0,"event_name":"Golden Wing","player_choice":"Card Removal","floor":4.0,"gold_loss":0.0,"damage_taken":7.0},{"damage_healed":25.0,"max_hp_gain":0.0,"max_hp_loss":0.0,"gold_gain":0.0,"event_name":"Big Fish","player_choice":"Banana","floor":5.0,"gold_loss":0.0,"damage_taken":0.0},{"damage_healed":0.0,"max_hp_gain":0.0,"max_hp_loss":0.0,"gold_gain":0.0,"event_name":"Liars Game","player_choice":"Ignored","floor":14.0,"gold_loss":0.0,"damage_taken":0.0},{"cards_removed":["Strike_R"],"damage_healed":0.0,"max_hp_gain":0.0,"max_hp_loss":0.0,"gold_gain":0.0,"event_name":"Back to Basics","player_choice":"Elegance","floor":20.0,"gold_loss":0.0,"damage_taken":0.0},{"damage_healed":0.0,"max_hp_gain":0.0,"max_hp_loss":0.0,"gold_gain":0.0,"event_name":"The Library","player_choice":"Read","floor":30.0,"gold_loss":0.0,"damage_taken":0.0,"cards_obtained":["Evolve"]},{"damage_healed":0.0,"max_hp_gain":0.0,"max_hp_loss":0.0,"gold_gain":0.0,"event_name":"SensoryStone","player_choice":"Memory 3","floor":36.0,"gold_loss":0.0,"damage_taken":10.0},{"damage_healed":0.0,"max_hp_gain":0.0,"max_hp_loss":0.0,"gold_gain":0.0,"event_name":"MindBloom","player_choice":"Fight","floor":44.0,"gold_loss":0.0,"damage_taken":0.0}],"is_beta":false,"boss_relics":[{"not_picked":["Runic Cube","Tiny House"],"picked":"Busted Crown"},{"not_picked":["Lizard Tail","Black Blood"],"picked":"Mark of Pain"}],"items_purged_floors":[19],"is_endless":false,"potions_floor_spawned":[1,10,12,22,23,25,28,31,41,46],"killed_by":"Awakened One","ascension_level":20}