{"gold_per_floor":[363,363,193,206,223,223,223,239,239,289,315,330,361,381,381,459,459,473,484,484],"floor_reached":20,"playtime":1324,"items_purged":[],"score":353,"play_id":"7a5b5323-1b72-42f0-9731-ecfb65e741ee","local_time":"20190728180321","is_ascension_mode":true,"campfire_choices":[{"data":"Discovery","floor":6.0,"key":"SMITH"},{"floor":15,"key":"REST"}],"neow_cost":"TEN_PERCENT_HP_LOSS","seed_source_timestamp":776362513720287,"circlet_count":0,"master_deck":["AscendersBane","Strike_G","Strike_G","Strike_G","Strike_G","Strike_G","Defend_G","Defend_G","Defend_G","Defend_G","Defend_G","Survivor","Neutralize","Underhanded Strike+1","Glass Knife","Discovery+1","Dagger Spray","Dagger Spray","Noxious Fumes","Noxious Fumes","Well Laid Plans","Leg Sweep","Glass Knife","Writhe","Writhe","Doubt","Prepared+1","Masterful Stab"],"special_seed":0,"relics":["Ring of the Snake","Mummified Hand","Darkstone Periapt","Bottled Tornado","Calling Bell","Anchor","Toxic Egg 2","Peace Pipe"],"potions_floor_usage":[11,13,13,16,20],"damage_taken":[{"damage":1.0,"enemies":"Jaw Worm","floor":1.0,"turns":6.0},{"damage":0.0,"enemies":"Cultist","floor":4.0,"turns":2.0},{"damage":0.0,"enemies":"2 Louse","floor":5.0,"turns":2.0},{"damage":6.0,"enemies":"Looter","floor":8.0,"turns":3.0},{"damage":17,"enemies":"3 Sentries","floor":11,"turns":6},{"damage":0,"enemies":"Gremlin Gang","floor":12,"turns":3},{"damage":10,"enemies":"Lagavulin","floor":13,"turns":8},{"damage":5,"enemies":"Red Slaver","floor":14,"turns":4},{"damage":31,"enemies":"Slime Boss","floor":16,"turns":10},{"damage":28,"enemies":"Spheric Guardian","floor":18,"turns":7},{"damage":30,"enemies":"Shell Parasite","floor":19,"turns":7},{"damage":9,"enemies":"Snake Plant","floor":20,"turns":1}],"seed_played":"-2300454844195725750","potions_obtained":[{"floor":1.0,"key":"EssenceOfSteel"},{"floor":4.0,"key":"Strength Potion"},{"floor":12,"key":"Energy Potion"},{"floor":13,"key":"AttackPotion"},{"floor":19,"key":"LiquidBronze"}],"is_trial":false,"path_per_floor":["M","?","$","M","M","R","?","M","T","?","E","M","E","M","R","B",null,"M","M","M"],"character_chosen":"THE_SILENT","items_purchased":["Glass Knife","Discovery"],"campfire_rested":1,"item_purchase_floors":[3,3],"current_hp_per_floor":[58,58,58,58,58,58,58,52,52,52,35,35,25,20,38,7,65,37,7,0],"gold":484,"neow_bonus":"TWO_FIFTY_GOLD","is_prod":false,"is_daily":false,"chose_seed":false,"campfire_upgraded":1,"win_rate":0,"timestamp":1564326201,"path_taken":["M","?","?","?","M","R","?","M","T","?","E","M","E","M","R","BOSS","M","?","M"],"build_version":"2019-07-17","purchased_purges":0,"victory":false,"max_hp_per_floor":[60,60,60,60,60,60,60,60,60,60,60,60,60,60,60,60,78,78,78,78],"card_choices":[{"not_picked":["Finisher","Dagger Spray"],"picked":"Underhanded Strike","floor":1.0},{"not_picked":["Outmaneuver","Blur"],"picked":"Dagger Spray","floor":4.0},{"not_picked":["Choke","Heel Hook"],"picked":"Dagger Spray","floor":5.0},{"not_picked":["Slice","Cloak And Dagger","Expertise"],"picked":"SKIP","floor":8.0},{"not_picked":["Doppelganger","Calculated Gamble"],"picked":"Noxious Fumes","floor":11},{"not_picked":["Deflect","Deadly Poison"],"picked":"Noxious Fumes","floor":12},{"not_picked":["Prepared","Underhanded Strike"],"picked":"Well Laid Plans","floor":13},{"not_picked":["Deflect","Dagger Throw"],"picked":"Leg Sweep","floor":14},{"not_picked":["Grand Finale","Phantasmal Killer"],"picked":"Glass Knife","floor":16},{"not_picked":["Dagger Throw","Backflip+1"],"picked":"Prepared+1","floor":18},{"not_picked":["Bane","Deflect+1"],"picked":"Masterful Stab","floor":19}],"player_experience":1667490,"relics_obtained":[{"floor":9.0,"key":"Mummified Hand"},{"floor":11,"key":"Darkstone Periapt"},{"floor":13,"key":"Bottled Tornado"},{"floor":17,"key":"Anchor"},{"floor":17,"key":"Toxic Egg 2"},{"floor":17,"key":"Peace Pipe"}],"event_choices":[{"damage_healed":0.0,"max_hp_gain":0.0,"max_hp_loss":0.0,"gold_gain":0.0,"event_name":"Upgrade Shrine","player_choice":"Upgraded","floor":2.0,"gold_loss":0.0,"damage_taken":0.0,"cards_upgraded":["Underhanded Strike"]},{"damage_healed":0.0,"max_hp_gain":0.0,"max_hp_loss":0.0,"gold_gain":0.0,"event_name":"The Cleric","player_choice":"Leave","floor":7.0,"gold_loss":0.0,"damage_taken":0.0},{"damage_healed":0.0,"max_hp_gain":0.0,"max_hp_loss":0.0,"gold_gain":50.0,"event_name":"Golden Shrine","player_choice":"Pray","floor":10.0,"gold_loss":0.0,"damage_taken":0.0}],"is_beta":false,"boss_relics":[{"not_picked":["White Beast Statue","Ectoplasm"],"picked":"Calling Bell"}],"items_purged_floors":[],"is_endless":false,"potions_floor_spawned":[1,4,12,13,19],"killed_by":"Snake Plant","ascension_level":18}