{"gold_per_floor":[110,110,110,128,52,85,85,96,141,160,195,195,226,226,226,321,321,340,73,73,98,98],"floor_reached":22,"playtime":482,"items_purged":[],"score":454,"play_id":"220273cf-5a49-490b-872e-4f71de55fde9","local_time":"20190725113612","is_ascension_mode":true,"campfire_choices":[{"data":"Defragment","floor":7,"key":"SMITH"},{"data":"Capacitor","floor":15,"key":"SMITH"}],"neow_cost":"NONE","seed_source_timestamp":504552523328500,"circlet_count":0,"master_deck":["AscendersBane","Strike_B","Strike_B","Defend_B","Defend_B","Defend_B","Defend_B","Zap","Dualcast","Core Surge","Ball Lightning","Defragment+1","Cold Snap","Lockon","Capacitor+1","Electrodynamics","Chill","Compile Driver"],"relics":["Cracked Core","NeowsBlessing","Regal Pillow","Oddly Smooth Stone","Pantograph","Omamori","Sundial","Golden Idol","Eternal Feather","Meat on the Bone"],"potions_floor_usage":[11,22],"damage_taken":[{"damage":0,"enemies":"Jaw Worm","floor":1,"turns":1},{"damage":0,"enemies":"Small Slimes","floor":4,"turns":1},{"damage":0,"enemies":"3 Sentries","floor":6,"turns":2},{"damage":0,"enemies":"Cultist","floor":8,"turns":3},{"damage":2,"enemies":"Large Slime","floor":10,"turns":3},{"damage":24,"enemies":"Gremlin Nob","floor":11,"turns":4},{"damage":4,"enemies":"Lagavulin","floor":13,"turns":7},{"damage":32,"enemies":"Hexaghost","floor":16,"turns":9},{"damage":22,"enemies":"2 Thieves","floor":18,"turns":2},{"damage":17,"enemies":"Shell Parasite","floor":21,"turns":5},{"damage":32,"enemies":"Snecko","floor":22,"turns":4}],"seed_played":"31048327525666313","potions_obtained":[{"floor":4,"key":"Dexterity Potion"},{"floor":8,"key":"Poison Potion"},{"floor":16,"key":"EssenceOfSteel"}],"is_trial":false,"path_per_floor":["M","$","?","M","$","E","R","M","T","M","E","?","E","?","R","B",null,"M","$","?","M","M"],"character_chosen":"DEFECT","items_purchased":["Defragment","Meat on the Bone"],"campfire_rested":0,"item_purchase_floors":[5,19],"current_hp_per_floor":[64,64,64,64,64,64,64,64,64,62,38,27,23,23,23,16,57,35,35,35,30,0],"gold":98,"neow_bonus":"THREE_ENEMY_KILL","is_prod":false,"is_daily":false,"chose_seed":false,"campfire_upgraded":2,"win_rate":0,"timestamp":1564022172,"path_taken":["M","$","?","M","$","E","R","M","T","M","E","?","E","?","R","BOSS","M","$","?","?","M"],"build_version":"2019-07-17","purchased_purges":0,"victory":false,"max_hp_per_floor":[71,71,71,71,71,71,71,71,71,71,71,71,71,71,71,71,71,71,71,71,71,71],"card_choices":[{"not_picked":["Go for the Eyes","Redo","Reinforced Body"],"picked":"SKIP","floor":1},{"not_picked":["Compile Driver","Stack"],"picked":"Ball Lightning","floor":4},{"not_picked":["Steam","Hologram"],"picked":"Cold Snap","floor":6},{"not_picked":["Sweeping Beam","Beam Cell"],"picked":"Lockon","floor":8},{"not_picked":["Turbo","Sweeping Beam"],"picked":"Capacitor","floor":10},{"not_picked":["Doom and Gloom","Barrage","Gash"],"picked":"SKIP","floor":11},{"not_picked":["Leap","Multi-Cast","Scrape"],"picked":"SKIP","floor":13},{"not_picked":["Leap","Multi-Cast","Scrape"],"picked":"SKIP","floor":13},{"not_picked":["Fission","Core Surge"],"picked":"Electrodynamics","floor":16},{"not_picked":["Beam Cell","Compile Driver"],"picked":"Chill","floor":18},{"not_picked":["Heatsinks","Chaos"],"picked":"Compile Driver","floor":21}],"player_experience":1200821,"relics_obtained":[{"floor":6,"key":"Regal Pillow"},{"floor":9,"key":"Oddly Smooth Stone"},{"floor":11,"key":"Pantograph"},{"floor":13,"key":"Sundial"}],"event_choices":[{"damage_healed":0,"gold_gain":0,"cards_transformed":["Strike_B"],"player_choice":"Change","damage_taken":0,"max_hp_gain":0,"max_hp_loss":0,"event_name":"Living Wall","floor":3,"gold_loss":0,"cards_obtained":["Core Surge"]},{"damage_healed":0,"gold_gain":0,"player_choice":"Success","damage_taken":11,"relics_obtained":["Omamori"],"max_hp_gain":0,"max_hp_loss":0,"event_name":"Scrap Ooze","floor":12,"gold_loss":0},{"damage_healed":0,"gold_gain":0,"player_choice":"Take Wound","damage_taken":0,"relics_obtained":["Golden Idol"],"max_hp_gain":0,"max_hp_loss":0,"event_name":"Golden Idol","floor":14,"gold_loss":0,"cards_obtained":["Injury"]},{"cards_removed":["Strike_B"],"damage_healed":0,"gold_gain":0,"player_choice":"Purged","damage_taken":0,"max_hp_gain":0,"max_hp_loss":0,"event_name":"Purifier","floor":20,"gold_loss":0}],"is_beta":false,"boss_relics":[{"not_picked":["White Beast Statue","Lizard Tail"],"picked":"Eternal Feather"}],"items_purged_floors":[],"is_endless":false,"potions_floor_spawned":[4,8,10,16],"killed_by":"Snecko","ascension_level":20}