{"gold_per_floor":[117,117,117,132,132,167,167,127,127,142,153,153,167,501,501,578,578,591,12,26,26,41,41,71,71,96,96,115,40,40,75,75,149,149,165,165,181,181,181,181,194,194,194,194,229,241,169,184,184,184,184,184,184,12,45,45],"floor_reached":57,"playtime":3090,"items_purged":["Strike_R","Strike_R","Strike_R"],"score":2831,"play_id":"2b3fb54f-01da-43ad-85bf-beac71f90bc7","local_time":"20190627161813","is_ascension_mode":true,"campfire_choices":[{"data":"Armaments","floor":7.0,"key":"SMITH"},{"floor":12.0,"key":"REST"},{"floor":15.0,"key":"REST"},{"data":"Limit Break","floor":23.0,"key":"SMITH"},{"data":"Ghostly","floor":25,"key":"SMITH"},{"data":"Disarm","floor":27,"key":"SMITH"},{"floor":32,"key":"REST"},{"data":"Inflame","floor":40,"key":"SMITH"},{"data":"Limit Break","floor":44,"key":"SMITH"},{"floor":49,"key":"RECALL"},{"data":"Ghostly","floor":53,"key":"SMITH"}],"neow_cost":"NONE","seed_source_timestamp":47901976451800,"circlet_count":0,"master_deck":["AscendersBane","Strike_R","Defend_R","Defend_R","Defend_R","Spot Weakness","Armaments+1","Shrug It Off","Rage","Reaper","Battle Trance","Evolve","Sentinel","Disarm","Limit Break+1","Feed","Disarm+1","Ghostly+1","Ghostly+1","Ghostly","Twin Strike+1","Inflame+1","Limit Break+1","Armaments+1","Corruption+1","Pommel Strike+1","Sword Boomerang","Burning Pact","Flame Barrier","Discovery","Flame Barrier","Inflame"],"special_seed":0,"relics":["Runic Pyramid","Bag of Preparation","Nunchaku","Old Coin","Orrery","Membership Card","Art of War","Orichalcum","Red Skull","Bag of Marbles","Nilry\u0027s Codex","Bottled Tornado","Coffee Dripper","Gremlin Horn","Peace Pipe","Self Forming Clay"],"potions_floor_usage":[31,31,31,56,56],"damage_taken":[{"damage":4.0,"enemies":"2 Louse","floor":1.0,"turns":4.0},{"damage":1.0,"enemies":"Small Slimes","floor":4.0,"turns":4.0},{"damage":42.0,"enemies":"Lagavulin","floor":6.0,"turns":10.0},{"damage":0.0,"enemies":"Cultist","floor":10.0,"turns":4.0},{"damage":16.0,"enemies":"Lots of Slimes","floor":11.0,"turns":5.0},{"damage":2.0,"enemies":"Large Slime","floor":13.0,"turns":5.0},{"damage":28.0,"enemies":"Gremlin Nob","floor":14.0,"turns":4.0},{"damage":0.0,"enemies":"The Guardian","floor":16.0,"turns":11.0},{"damage":34.0,"enemies":"2 Thieves","floor":18.0,"turns":4.0},{"damage":12.0,"enemies":"3 Byrds","floor":20.0,"turns":7.0},{"damage":29.0,"enemies":"Sentry and Sphere","floor":22.0,"turns":11.0},{"damage":6,"enemies":"Gremlin Leader","floor":24,"turns":10},{"damage":5,"enemies":"Snecko","floor":28,"turns":11},{"damage":40,"enemies":"Slavers","floor":31,"turns":6},{"damage":0,"enemies":"Automaton","floor":33,"turns":9},{"damage":8,"enemies":"Orb Walker","floor":35,"turns":5},{"damage":0,"enemies":"3 Shapes","floor":37,"turns":8},{"damage":35,"enemies":"Spire Growth","floor":41,"turns":7},{"damage":2,"enemies":"Giant Head","floor":45,"turns":6},{"damage":15,"enemies":"Sphere and 2 Shapes","floor":46,"turns":5},{"damage":2,"enemies":"Transient","floor":48,"turns":6},{"damage":23,"enemies":"Time Eater","floor":50,"turns":10},{"damage":27,"enemies":"Donu and Deca","floor":51,"turns":6},{"damage":19,"enemies":"Shield and Spear","floor":55,"turns":8},{"damage":36,"enemies":"The Heart","floor":56,"turns":10}],"seed_played":"-6151005464280698812","potions_obtained":[{"floor":8.0,"key":"PowerPotion"},{"floor":8.0,"key":"PowerPotion"},{"floor":11.0,"key":"Regen Potion"},{"floor":14.0,"key":"SpeedPotion"},{"floor":20.0,"key":"AttackPotion"},{"floor":28,"key":"EntropicBrew"},{"floor":33,"key":"Dexterity Potion"},{"floor":37,"key":"Weak Potion"}],"is_trial":false,"path_per_floor":["M","?","$","M","?","E","R","?","T","M","M","R","M","E","R","B",null,"M","$","M","?","M","R","E","R","T","R","M","?","?","E","R","B",null,"M","?","M","?","?","R","M","T","T","R","E","M","$","M","R","B","B",null,"R","$","E","B",null],"character_chosen":"IRONCLAD","items_purchased":["Membership Card","Limit Break","Feed","Art of War","Orichalcum","Burning Pact","Discovery","Flame Barrier","Inflame"],"campfire_rested":3,"item_purchase_floors":[19,19,19,19,19,47,54,54,54],"current_hp_per_floor":[64,64,64,63,63,21,21,21,21,21,5,27,25,9,31,31,64,50,50,78,39,33,33,43,43,43,43,46,46,25,10,25,39,47,43,43,60,60,57,57,61,61,61,61,61,69,69,69,69,73,77,77,77,77,80,80],"gold":45,"neow_bonus":"BOSS_RELIC","is_prod":false,"is_daily":false,"chose_seed":false,"campfire_upgraded":7,"win_rate":0,"timestamp":1561619893,"path_taken":["M","?","$","M","?","E","R","?","T","M","?","R","M","E","R","BOSS","M","$","?","?","M","R","E","R","T","R","M","?","?","E","R","BOSS","M","?","?","?","?","R","M","?","T","R","E","M","$","M","R","BOSS","BOSS","R","$","E","BOSS"],"build_version":"2019-01-23","purchased_purges":3,"victory":true,"max_hp_per_floor":[75,75,75,75,75,75,75,75,75,75,75,75,75,75,75,75,75,75,75,78,39,43,43,43,43,43,43,47,47,47,50,50,50,50,54,54,60,60,57,57,61,61,61,61,61,69,69,69,69,73,77,77,77,77,80,80],"card_choices":[{"not_picked":["Clothesline","Cleave","Flex"],"picked":"SKIP","floor":1.0},{"not_picked":["Clothesline","Cleave","Flex"],"picked":"SKIP","floor":1.0},{"not_picked":["Clothesline","Cleave","Flex"],"picked":"SKIP","floor":1.0},{"not_picked":["Bloodletting","Burning Pact"],"picked":"Blood for Blood","floor":4.0},{"not_picked":["Blood for Blood","True Grit"],"picked":"Armaments","floor":6.0},{"not_picked":["Twin Strike","Perfected Strike"],"picked":"Shrug It Off","floor":10.0},{"not_picked":["Flex","Dark Embrace"],"picked":"Rage","floor":11.0},{"not_picked":["Headbutt","Armaments","Thunderclap"],"picked":"SKIP","floor":13.0},{"not_picked":["Infernal Blade","Twin Strike","Combust"],"picked":"SKIP","floor":14.0},{"not_picked":["Berserk","Limit Break"],"picked":"Reaper","floor":16.0},{"not_picked":["Thunderclap","Sentinel"],"picked":"Battle Trance","floor":17.0},{"not_picked":["Perfected Strike","Wild Strike"],"picked":"Evolve","floor":17.0},{"not_picked":["Armaments","Clash"],"picked":"Sentinel","floor":17.0},{"not_picked":["Shrug It Off","Rupture"],"picked":"Disarm","floor":18.0},{"not_picked":["Cleave","Havoc"],"picked":"Disarm","floor":20.0},{"not_picked":["Intimidate","Ghostly Armor","Sentinel"],"picked":"SKIP","floor":22.0},{"not_picked":["Perfected Strike","Uppercut"],"picked":"Twin Strike+1","floor":24},{"not_picked":["Armaments","Iron Wave","Shrug It Off"],"picked":"SKIP","floor":28},{"not_picked":["Uppercut","Flame Barrier"],"picked":"Inflame","floor":31},{"not_picked":["Double Tap","Impervious"],"picked":"Limit Break","floor":33},{"not_picked":["Infernal Blade","Heavy Blade","Perfected Strike"],"picked":"SKIP","floor":35},{"not_picked":["Rampage","Clash+1"],"picked":"Armaments+1","floor":37},{"not_picked":["Flame Barrier","Seeing Red"],"picked":"Corruption+1","floor":41},{"not_picked":["Juggernaut","Uppercut"],"picked":"Pommel Strike+1","floor":45},{"not_picked":["Perfected Strike+1","Cleave"],"picked":"Sword Boomerang","floor":46},{"not_picked":["Rage","Blood for Blood"],"picked":"Flame Barrier","floor":48},{"not_picked":["Sword Boomerang","Fire Breathing","Corruption"],"picked":"SKIP","floor":55}],"player_experience":822809,"relics_obtained":[{"floor":6.0,"key":"Bag of Preparation"},{"floor":9.0,"key":"Nunchaku"},{"floor":14.0,"key":"Old Coin"},{"floor":24,"key":"Red Skull"},{"floor":26,"key":"Bag of Marbles"},{"floor":30,"key":"Nilry\u0027s Codex"},{"floor":31,"key":"Bottled Tornado"},{"floor":43,"key":"Gremlin Horn"},{"floor":45,"key":"Peace Pipe"},{"floor":55,"key":"Self Forming Clay"}],"event_choices":[{"damage_healed":0.0,"max_hp_gain":0.0,"max_hp_loss":0.0,"gold_gain":0.0,"event_name":"The Cleric","player_choice":"Leave","floor":2.0,"gold_loss":0.0,"damage_taken":0.0},{"damage_healed":0.0,"max_hp_gain":0.0,"max_hp_loss":0.0,"gold_gain":0.0,"cards_transformed":["Strike_R"],"event_name":"Living Wall","player_choice":"Change","floor":5.0,"gold_loss":0.0,"damage_taken":0.0,"cards_obtained":["Spot Weakness"]},{"damage_healed":0.0,"max_hp_gain":0.0,"max_hp_loss":0.0,"gold_gain":0.0,"event_name":"The Woman in Blue","player_choice":"Bought 3 Potions","floor":8.0,"gold_loss":0.0,"damage_taken":0.0},{"damage_healed":0.0,"max_hp_gain":0.0,"max_hp_loss":39.0,"gold_gain":0.0,"event_name":"Ghosts","player_choice":"Became a Ghost","floor":21.0,"gold_loss":0.0,"damage_taken":0.0,"cards_obtained":["Ghostly","Ghostly","Ghostly"]},{"cards_removed":["Blood for Blood"],"damage_healed":0,"gold_gain":0,"player_choice":"Gave Gold","damage_taken":0,"max_hp_gain":0,"max_hp_loss":0,"event_name":"Beggar","floor":29,"gold_loss":75},{"damage_healed":0,"gold_gain":0,"player_choice":"Obtained Book","damage_taken":21,"max_hp_gain":0,"max_hp_loss":0,"event_name":"Cursed Tome","floor":30,"gold_loss":0},{"cards_removed":["Bash"],"damage_healed":0,"gold_gain":0,"player_choice":"Offered Basic","damage_taken":0,"max_hp_gain":0,"max_hp_loss":0,"event_name":"Bonfire Elementals","floor":36,"gold_loss":0},{"cards_removed":["Defend_R"],"damage_healed":0,"gold_gain":0,"player_choice":"Removed Skill","damage_taken":0,"max_hp_gain":0,"max_hp_loss":0,"event_name":"Falling","floor":38,"gold_loss":0},{"damage_healed":0,"gold_gain":0,"player_choice":"Max HP","damage_taken":0,"max_hp_gain":0,"max_hp_loss":3,"event_name":"Winding Halls","floor":39,"gold_loss":0}],"is_beta":false,"boss_relics":[{"not_picked":["White Beast Statue","Velvet Choker"],"picked":"Orrery"},{"not_picked":["Lizard Tail","Philosopher\u0027s Stone"],"picked":"Coffee Dripper"}],"items_purged_floors":[19,47,54],"is_endless":false,"potions_floor_spawned":[10,11,13,14,20,28,33,37,41,55],"ascension_level":20}