{"gold_per_floor":[112,112,124,136,136,136,166,166,243,278,296,296,324,337,337,408,408,419,434,384,399,3,3,3],"floor_reached":24,"playtime":846,"items_purged":["Strike_B"],"score":482,"play_id":"65eee284-19c5-40bf-b78a-7c8d2fdbd92d","local_time":"20190712172503","is_ascension_mode":true,"campfire_choices":[{"data":"Consume","floor":6,"key":"SMITH"},{"floor":12,"key":"REST"},{"data":"Recycle","floor":15,"key":"SMITH"},{"floor":23,"key":"REST"}],"neow_cost":"NONE","seed_source_timestamp":94625689934700,"circlet_count":0,"master_deck":["AscendersBane","Strike_B","Strike_B","Strike_B","Defend_B+1","Defend_B+1","Defend_B","Defend_B","Zap+1","Dualcast","Cold Snap","Consume+1","Rip and Tear","Coolheaded+1","Coolheaded","Recycle+1","Biased Cognition","Cold Snap","Turbo","Glacier+1"],"relics":["Cracked Core","NeowsBlessing","PreservedInsect","Mummified Hand","War Paint","Omamori","Philosopher\u0027s Stone","Toxic Egg 2"],"potions_floor_usage":[10,10,10,13,16,16,21],"damage_taken":[{"damage":0,"enemies":"Small Slimes","floor":1,"turns":1},{"damage":0,"enemies":"2 Louse","floor":3,"turns":1},{"damage":0,"enemies":"Cultist","floor":4,"turns":1},{"damage":34,"enemies":"Gremlin Nob","floor":7,"turns":4},{"damage":0,"enemies":"Lagavulin","floor":10,"turns":3},{"damage":2,"enemies":"Exordium Thugs","floor":11,"turns":6},{"damage":3,"enemies":"Gremlin Nob","floor":13,"turns":3},{"damage":1,"enemies":"2 Fungi Beasts","floor":14,"turns":3},{"damage":5,"enemies":"The Guardian","floor":16,"turns":16},{"damage":7,"enemies":"Spheric Guardian","floor":18,"turns":5},{"damage":29,"enemies":"3 Byrds","floor":19,"turns":7},{"damage":20,"enemies":"Shelled Parasite and Fungi","floor":21,"turns":8},{"damage":31,"enemies":"3 Cultists","floor":24,"turns":5}],"seed_played":"6953221508683541059","potions_obtained":[{"floor":7,"key":"EntropicBrew"},{"floor":8,"key":"Regen Potion"},{"floor":10,"key":"Swift Potion"},{"floor":13,"key":"Block Potion"},{"floor":18,"key":"FocusPotion"},{"floor":21,"key":"EssenceOfSteel"}],"is_trial":false,"path_per_floor":["M","?","M","M","?","R","E","?","T","E","M","R","E","M","R","B",null,"M","M","?","M","$","R","M"],"character_chosen":"DEFECT","items_purchased":["Toxic Egg 2","Energy Potion"],"campfire_rested":2,"item_purchase_floors":[22,22],"current_hp_per_floor":[64,43,43,43,43,43,9,9,9,18,16,37,34,33,33,28,60,53,24,24,4,4,25,0],"gold":3,"neow_bonus":"THREE_ENEMY_KILL","is_prod":false,"is_daily":false,"chose_seed":false,"campfire_upgraded":2,"win_rate":0,"timestamp":1562919903,"path_taken":["M","?","M","M","?","R","E","?","T","E","M","R","E","M","R","BOSS","M","M","?","M","$","R","M"],"build_version":"2019-07-05","purchased_purges":1,"victory":false,"max_hp_per_floor":[71,71,71,71,71,71,71,71,71,71,71,71,71,71,71,71,71,71,71,71,71,71,71,71],"card_choices":[{"not_picked":["Sweeping Beam","Coolheaded"],"picked":"Cold Snap","floor":1},{"not_picked":["Streamline","Rebound"],"picked":"Consume","floor":3},{"not_picked":["Hologram","Blizzard"],"picked":"Rip and Tear","floor":4},{"not_picked":["Heatsinks","Rip and Tear"],"picked":"Coolheaded","floor":7},{"not_picked":["Heatsinks","Go for the Eyes"],"picked":"Coolheaded","floor":10},{"not_picked":["Compile Driver","Steam Power","Fusion"],"picked":"SKIP","floor":11},{"not_picked":["Cold Snap","Redo","Coolheaded"],"picked":"SKIP","floor":13},{"not_picked":["Cold Snap","Redo","Coolheaded"],"picked":"SKIP","floor":13},{"not_picked":["Beam Cell","Rebound"],"picked":"Recycle","floor":14},{"not_picked":["Multi-Cast","Fission"],"picked":"Biased Cognition","floor":16},{"not_picked":["Go for the Eyes","Hologram"],"picked":"Cold Snap","floor":18},{"not_picked":["BootSequence","Rebound"],"picked":"Turbo","floor":19},{"not_picked":["Gash","Steam Power"],"picked":"Glacier+1","floor":21}],"player_experience":991666,"relics_obtained":[{"floor":7,"key":"PreservedInsect"},{"floor":9,"key":"Mummified Hand"},{"floor":10,"key":"War Paint"},{"floor":13,"key":"Omamori"}],"event_choices":[{"damage_healed":0,"gold_gain":0,"player_choice":"Entered Light","damage_taken":21,"max_hp_gain":0,"max_hp_loss":0,"event_name":"Shining Light","floor":2,"gold_loss":0,"cards_upgraded":["Defend_B","Zap"]},{"damage_healed":0,"gold_gain":0,"player_choice":"Ignored","damage_taken":0,"max_hp_gain":0,"max_hp_loss":0,"event_name":"Liars Game","floor":5,"gold_loss":0},{"damage_healed":0,"gold_gain":0,"player_choice":"Got Potions","damage_taken":0,"max_hp_gain":0,"max_hp_loss":0,"event_name":"Lab","floor":8,"gold_loss":0},{"damage_healed":0,"gold_gain":0,"player_choice":"Bet on Murderer","damage_taken":0,"max_hp_gain":0,"max_hp_loss":0,"event_name":"The Joust","floor":20,"gold_loss":50}],"is_beta":false,"boss_relics":[{"not_picked":["Calling Bell","Astrolabe"],"picked":"Philosopher\u0027s Stone"}],"items_purged_floors":[22],"is_endless":false,"potions_floor_spawned":[7,10,11,13,18,21],"killed_by":"3 Cultists","ascension_level":20}