{"gold_per_floor":[111,124,134,134,134,160,160,194,194,29,29,29,29,40,40,140,140,108,27,42,42,42,42,102,114,138,150,150,160,160,178,178,178],"floor_reached":33,"playtime":1921,"items_purged":[],"score":383,"play_id":"247b6440-e3d3-42a7-a9c3-d9a0f5efca8f","local_time":"20190606182759","is_ascension_mode":true,"campfire_choices":[{"floor":7.0,"key":"REST"},{"floor":12.0,"key":"REST"},{"floor":15.0,"key":"REST"},{"floor":23.0,"key":"REST"},{"floor":30.0,"key":"REST"},{"floor":32,"key":"REST"}],"neow_cost":"NONE","seed_source_timestamp":962768669386030,"circlet_count":0,"master_deck":["Defend_G","Defend_G","Defend_G","Defend_G","Defend_G","Strike_G","Strike_G","Strike_G","Strike_G","Strike_G","Survivor","Neutralize","Dramatic Entrance","Crippling Poison","Catalyst","Flying Knee","Escape Plan+1","Discovery+1","Leg Sweep+1","Flying Knee","Night Terror+1","Noxious Fumes","Escape Plan+1","Escape Plan+1","Deflect+1","Bouncing Flask+1","Bane+1","Decay","Escape Plan+1","Bouncing Flask+1"],"special_seed":0,"relics":["Ring of the Snake","Blue Candle","Toxic Egg 2","Mummified Hand","Regal Pillow","Black Star","Tiny Chest","Lantern","Oddly Smooth Stone"],"potions_floor_usage":[31,31,33],"damage_taken":[{"damage":0.0,"enemies":"Cultist","floor":1.0,"turns":5.0},{"damage":0.0,"enemies":"Small Slimes","floor":2.0,"turns":2.0},{"damage":0.0,"enemies":"2 Louse","floor":3.0,"turns":2.0},{"damage":14.0,"enemies":"3 Sentries","floor":6.0,"turns":11.0},{"damage":48.0,"enemies":"Lagavulin","floor":8.0,"turns":7.0},{"damage":0.0,"enemies":"2 Fungi Beasts","floor":14.0,"turns":3.0},{"damage":11.0,"enemies":"The Guardian","floor":16.0,"turns":12.0},{"damage":12.0,"enemies":"2 Thieves","floor":18.0,"turns":5.0},{"damage":5.0,"enemies":"3 Byrds","floor":20.0,"turns":4.0},{"damage":43.0,"enemies":"Gremlin Leader","floor":24.0,"turns":7.0},{"damage":12.0,"enemies":"Snecko","floor":25.0,"turns":7.0},{"damage":0.0,"enemies":"Snake Plant","floor":27.0,"turns":2.0},{"damage":6.0,"enemies":"Centurion and Healer","floor":29.0,"turns":6.0},{"damage":0,"enemies":"Shelled Parasite and Fungi","floor":31,"turns":2},{"damage":89,"enemies":"Collector","floor":33,"turns":5}],"seed_played":"-5744114072916518815","potions_obtained":[{"floor":1.0,"key":"Block Potion"},{"floor":8.0,"key":"Poison Potion"},{"floor":16.0,"key":"SpeedPotion"},{"floor":27.0,"key":"Strength Potion"},{"floor":29.0,"key":"SteroidPotion"},{"floor":31,"key":"Swift Potion"}],"is_trial":false,"path_per_floor":["M","M","M","?","?","E","R","E","T","$","?","R","?","M","R","B",null,"M","$","M","?","$","R","E","M","T","M","?","M","R","M","R","B"],"character_chosen":"THE_SILENT","items_purchased":["Discovery+1","Leg Sweep+1","Escape Plan+1"],"campfire_rested":6,"item_purchase_floors":[10,10,19],"current_hp_per_floor":[63,63,63,63,63,49,70,22,22,22,22,58,58,58,70,59,67,55,55,50,50,50,70,27,15,15,15,15,9,45,45,70,0],"gold":178,"neow_bonus":"RANDOM_COLORLESS","is_prod":false,"is_daily":false,"chose_seed":false,"campfire_upgraded":0,"win_rate":0,"timestamp":1559834879,"path_taken":["M","M","?","?","?","E","R","E","T","$","?","R","?","M","R","BOSS","M","$","M","?","?","R","E","M","T","M","?","?","R","M","R","BOSS"],"build_version":"2019-01-23","purchased_purges":0,"victory":false,"max_hp_per_floor":[70,70,70,70,70,70,70,70,70,70,70,70,70,70,70,70,70,70,70,70,70,70,70,70,70,70,70,70,70,70,70,70,70],"card_choices":[{"not_picked":["Deflect","Flying Knee"],"picked":"Crippling Poison","floor":1.0},{"not_picked":["Underhanded Strike","Sucker Punch"],"picked":"Catalyst","floor":2.0},{"not_picked":["Tactician","PiercingWail"],"picked":"Flying Knee","floor":3.0},{"not_picked":["Deflect","PiercingWail","Reflex"],"picked":"SKIP","floor":6.0},{"not_picked":["Dodge and Roll","Well Laid Plans"],"picked":"Escape Plan","floor":8.0},{"not_picked":["Dodge and Roll+1","All Out Attack"],"picked":"Flying Knee","floor":14.0},{"not_picked":["Unload","Wraith Form v2"],"picked":"Night Terror+1","floor":16.0},{"not_picked":["Sucker Punch","Well Laid Plans+1"],"picked":"Noxious Fumes","floor":18.0},{"not_picked":["Deflect+1","Heel Hook+1"],"picked":"Escape Plan+1","floor":20.0},{"not_picked":["Blade Dance+1","Grand Finale"],"picked":"Deflect+1","floor":24.0},{"not_picked":["Flying Knee","Expertise+1"],"picked":"Bouncing Flask+1","floor":25.0},{"not_picked":["Outmaneuver+1","Sucker Punch"],"picked":"Bane+1","floor":27.0},{"not_picked":["Dodge and Roll+1","Accuracy"],"picked":"Escape Plan+1","floor":29.0},{"not_picked":["Acrobatics+1","Terror+1"],"picked":"Bouncing Flask+1","floor":31}],"player_experience":1468184,"relics_obtained":[{"floor":6.0,"key":"Blue Candle"},{"floor":8.0,"key":"Toxic Egg 2"},{"floor":9.0,"key":"Mummified Hand"},{"floor":24.0,"key":"Tiny Chest"},{"floor":24.0,"key":"Lantern"},{"floor":26.0,"key":"Oddly Smooth Stone"}],"event_choices":[{"damage_healed":0.0,"max_hp_gain":0.0,"max_hp_loss":0.0,"gold_gain":0.0,"event_name":"Golden Idol","player_choice":"Ignored","floor":4.0,"gold_loss":0.0,"damage_taken":0.0},{"damage_healed":0.0,"max_hp_gain":0.0,"max_hp_loss":0.0,"gold_gain":0.0,"event_name":"Golden Wing","player_choice":"Ignored","floor":5.0,"gold_loss":0.0,"damage_taken":0.0},{"damage_healed":0.0,"max_hp_gain":0.0,"max_hp_loss":0.0,"gold_gain":0.0,"event_name":"Dead Adventurer","player_choice":"Searched \u00271\u0027 times","floor":11.0,"gold_loss":0.0,"damage_taken":0.0,"relics_obtained":["Regal Pillow"]},{"damage_healed":0.0,"max_hp_gain":0.0,"max_hp_loss":0.0,"gold_gain":0.0,"event_name":"Shining Light","player_choice":"Ignored","floor":13.0,"gold_loss":0.0,"damage_taken":0.0},{"damage_healed":0.0,"max_hp_gain":0.0,"max_hp_loss":0.0,"gold_gain":0.0,"event_name":"N\u0027loth","player_choice":"Ignored","floor":21.0,"gold_loss":0.0,"damage_taken":0.0},{"damage_healed":0.0,"max_hp_gain":0.0,"max_hp_loss":0.0,"gold_gain":0.0,"event_name":"Forgotten Altar","player_choice":"Smashed Altar","floor":28.0,"gold_loss":0.0,"damage_taken":0.0,"cards_obtained":["Decay"]}],"is_beta":false,"boss_relics":[{"not_picked":["WristBlade","Runic Pyramid"],"picked":"Black Star"}],"items_purged_floors":[],"is_endless":false,"potions_floor_spawned":[1,8,16,27,29,31],"killed_by":"Collector","ascension_level":6}