{"gold_per_floor":[20,20,20,70,81,81,81,81,107,120,136,136,52,52,52,127,127,138,138,157,157,207,207,207],"floor_reached":24,"playtime":732,"items_purged":[],"score":464,"play_id":"cc76da8f-8f1e-48c4-a8b3-b434373ecd5f","local_time":"20190728221105","is_ascension_mode":true,"campfire_choices":[{"data":"Deadly Poison","floor":6,"key":"SMITH"},{"data":"Neutralize","floor":8,"key":"SMITH"},{"data":"Prepared","floor":12,"key":"SMITH"},{"data":"Blur","floor":15,"key":"SMITH"},{"floor":23,"key":"REST"}],"neow_cost":"NO_GOLD","seed_source_timestamp":801599134992100,"circlet_count":0,"master_deck":["AscendersBane","Strike_G","Strike_G","Strike_G","Defend_G","Defend_G","Defend_G","Defend_G","Defend_G","Survivor","Neutralize+1","Finisher","Tactician","Deadly Poison+1","Blur+1","Prepared+1","Escape Plan","Grand Finale","Catalyst","Dagger Spray"],"relics":["Ring of the Snake","Mango","Ancient Tea Set","Black Star","Enchiridion"],"potions_floor_usage":[16,20,24],"damage_taken":[{"damage":0,"enemies":"2 Louse","floor":1,"turns":4},{"damage":13,"enemies":"Cultist","floor":5,"turns":5},{"damage":1,"enemies":"Small Slimes","floor":10,"turns":4},{"damage":1,"enemies":"2 Fungi Beasts","floor":11,"turns":5},{"damage":0,"enemies":"The Guardian","floor":16,"turns":11},{"damage":20,"enemies":"3 Byrds","floor":18,"turns":11},{"damage":7,"enemies":"Chosen","floor":20,"turns":4},{"damage":47,"enemies":"Book of Stabbing","floor":24,"turns":6}],"seed_played":"626979566309634207","potions_obtained":[{"floor":10,"key":"SkillPotion"},{"floor":16,"key":"Swift Potion"},{"floor":20,"key":"Strength Potion"}],"is_trial":false,"path_per_floor":["M","?","?","?","M","R","?","R","T","M","M","R","$","?","R","B",null,"M","?","M","?","?","R","E"],"character_chosen":"THE_SILENT","items_purchased":["Escape Plan"],"campfire_rested":1,"item_purchase_floors":[13],"current_hp_per_floor":[73,73,73,73,60,60,60,60,60,59,58,58,58,58,58,58,75,55,55,48,27,27,51,4],"gold":207,"neow_bonus":"ONE_RARE_RELIC","is_prod":false,"is_daily":false,"chose_seed":false,"campfire_upgraded":4,"win_rate":0,"timestamp":1564319465,"path_taken":["M","?","?","?","?","R","?","R","T","M","M","R","?","?","R","BOSS","M","?","M","?","?","R","E"],"build_version":"2019-07-17","purchased_purges":0,"victory":false,"max_hp_per_floor":[80,80,80,80,80,80,80,80,80,80,80,80,80,80,80,80,80,80,80,80,80,80,80,80],"card_choices":[{"not_picked":["Dodge and Roll","Riddle With Holes"],"picked":"Finisher","floor":1},{"not_picked":["Outmaneuver","Sucker Punch"],"picked":"Deadly Poison","floor":5},{"not_picked":["Quick Slash","Sucker Punch"],"picked":"Blur","floor":10},{"not_picked":["Blade Dance","Outmaneuver"],"picked":"Prepared","floor":11},{"not_picked":["Storm of Steel","Phantasmal Killer"],"picked":"Grand Finale","floor":16},{"not_picked":["Flying Knee","Predator"],"picked":"Catalyst","floor":18},{"not_picked":["Heel Hook","Bane+1"],"picked":"Dagger Spray","floor":20}],"player_experience":1269271,"relics_obtained":[{"floor":9,"key":"Ancient Tea Set"},{"floor":21,"key":"Enchiridion"}],"event_choices":[{"damage_healed":0,"gold_gain":0,"cards_transformed":["Strike_G"],"player_choice":"Change","damage_taken":0,"max_hp_gain":0,"max_hp_loss":0,"event_name":"Living Wall","floor":2,"gold_loss":0,"cards_obtained":["Tactician"]},{"damage_healed":0,"gold_gain":0,"player_choice":"Ignored","damage_taken":0,"max_hp_gain":0,"max_hp_loss":0,"event_name":"Liars Game","floor":3,"gold_loss":0},{"damage_healed":0,"gold_gain":50,"player_choice":"Pray","damage_taken":0,"max_hp_gain":0,"max_hp_loss":0,"event_name":"Golden Shrine","floor":4,"gold_loss":0},{"cards_removed":["Strike_G"],"damage_healed":0,"gold_gain":0,"player_choice":"Offered Basic","damage_taken":0,"max_hp_gain":0,"max_hp_loss":0,"event_name":"Bonfire Elementals","floor":7,"gold_loss":0},{"damage_healed":0,"gold_gain":0,"player_choice":"Leave","damage_taken":0,"max_hp_gain":0,"max_hp_loss":0,"event_name":"The Cleric","floor":14,"gold_loss":0},{"damage_healed":0,"gold_gain":0,"player_choice":"Ignored","damage_taken":0,"max_hp_gain":0,"max_hp_loss":0,"event_name":"The Mausoleum","floor":19,"gold_loss":0},{"damage_healed":0,"gold_gain":0,"player_choice":"Obtained Book","damage_taken":21,"max_hp_gain":0,"max_hp_loss":0,"event_name":"Cursed Tome","floor":21,"gold_loss":0},{"damage_healed":0,"gold_gain":50,"player_choice":"Stole From Cult","damage_taken":0,"max_hp_gain":0,"max_hp_loss":0,"event_name":"Nest","floor":22,"gold_loss":0}],"is_beta":false,"boss_relics":[{"not_picked":["White Beast Statue","Velvet Choker"],"picked":"Black Star"}],"items_purged_floors":[],"is_endless":false,"potions_floor_spawned":[10,16,20],"killed_by":"Book of Stabbing","ascension_level":20}