{"gold_per_floor":[116,4,18,29,29,58,58,93,93,143,154,154,154,186,186,259,259,278,278,278,295,295,330,330,116,116,126,146,146,173,201,213,299,311,335,347,372,364,388,425,159,159,210,225,175,175],"floor_reached":46,"playtime":1551,"items_purged":["Strike_B","Strike_B","Strike_B","Regret"],"score":1237,"play_id":"d55e0ae5-e499-4066-85db-3e7b54135e80","local_time":"20190627181012","is_ascension_mode":true,"campfire_choices":[{"data":"Buffer","floor":7.0,"key":"SMITH"},{"floor":12.0,"key":"REST"},{"data":"Defragment","floor":15.0,"key":"SMITH"},{"data":"Defragment","floor":24.0,"key":"SMITH"},{"data":"Capacitor","floor":29.0,"key":"SMITH"},{"data":"Recycle","floor":32.0,"key":"SMITH"},{"floor":42.0,"key":"REST"}],"neow_cost":"NONE","seed_source_timestamp":56915433453600,"circlet_count":0,"master_deck":["AscendersBane","Strike_B","Defend_B","Defend_B","Defend_B","Defend_B+1","Zap+1","Dualcast","Defragment+1","FTL","Ball Lightning","Cold Snap","Buffer+1","Cold Snap","Capacitor+1","Hologram","Electrodynamics","Defragment+1","Coolheaded","Cold Snap","Redo+1","Reboot","Self Repair","Recycle+1","Biased Cognition","Loop","Cold Snap+1","Recycle+1","Loop"],"special_seed":0,"relics":["Cracked Core","PreservedInsect","Smiling Mask","Shuriken","Juzu Bracelet","Bottled Tornado","Nuclear Battery","Pear","MutagenicStrength","Kunai","Gremlin Horn","MawBank","Cursed Key","Oddly Smooth Stone","OrangePellets"],"potions_floor_usage":[46,46,46],"damage_taken":[{"damage":1.0,"enemies":"Cultist","floor":1.0,"turns":3.0},{"damage":6.0,"enemies":"2 Louse","floor":3.0,"turns":3.0},{"damage":0.0,"enemies":"Small Slimes","floor":4.0,"turns":3.0},{"damage":6.0,"enemies":"3 Sentries","floor":6.0,"turns":5.0},{"damage":0.0,"enemies":"Lagavulin","floor":8.0,"turns":5.0},{"damage":7.0,"enemies":"Exordium Wildlife","floor":11.0,"turns":3.0},{"damage":10.0,"enemies":"3 Sentries","floor":14.0,"turns":5.0},{"damage":0.0,"enemies":"Slime Boss","floor":16.0,"turns":7.0},{"damage":8.0,"enemies":"3 Byrds","floor":18.0,"turns":5.0},{"damage":12.0,"enemies":"2 Thieves","floor":21.0,"turns":4.0},{"damage":0.0,"enemies":"Gremlin Leader","floor":23.0,"turns":6.0},{"damage":0.0,"enemies":"Snecko","floor":27.0,"turns":5.0},{"damage":0.0,"enemies":"3 Cultists","floor":28.0,"turns":3.0},{"damage":27.0,"enemies":"Book of Stabbing","floor":30.0,"turns":3.0},{"damage":1.0,"enemies":"Chosen and Byrds","floor":31.0,"turns":3.0},{"damage":24.0,"enemies":"Automaton","floor":33.0,"turns":9.0},{"damage":0.0,"enemies":"3 Darklings","floor":35.0,"turns":4.0},{"damage":13.0,"enemies":"3 Shapes","floor":37.0,"turns":3.0},{"damage":27.0,"enemies":"3 Darklings","floor":39.0,"turns":4.0},{"damage":13.0,"enemies":"Giant Head","floor":40.0,"turns":8.0},{"damage":17.0,"enemies":"Jaw Worm Horde","floor":44.0,"turns":3.0},{"damage":48,"enemies":"Reptomancer","floor":46,"turns":2}],"seed_played":"-4895730168094503452","potions_obtained":[{"floor":4.0,"key":"Explosive Potion"},{"floor":14.0,"key":"Dexterity Potion"},{"floor":18.0,"key":"GamblersBrew"},{"floor":21.0,"key":"FocusPotion"},{"floor":30.0,"key":"Ancient Potion"},{"floor":31.0,"key":"Dexterity Potion"},{"floor":35.0,"key":"EntropicBrew"},{"floor":44.0,"key":"Explosive Potion"}],"is_trial":false,"path_per_floor":["M","$","M","M","?","E","R","E","T","?","M","R","?","E","R","B",null,"M","?","T","M","?","E","R","$","T","M","M","R","E","M","R","B",null,"M","?","M","?","M","E","$","R","T","M","$","E"],"character_chosen":"DEFECT","items_purchased":["FTL","Reboot","Self Repair","OrangePellets"],"campfire_rested":2,"item_purchase_floors":[2,25,25,41],"current_hp_per_floor":[63,63,57,57,36,30,30,30,30,23,16,37,37,27,27,27,60,52,52,62,50,50,50,50,50,50,57,64,64,44,50,50,33,69,69,69,63,63,36,30,30,54,54,44,44,0],"gold":175,"neow_bonus":"RANDOM_COMMON_RELIC","is_prod":false,"is_daily":false,"chose_seed":false,"campfire_upgraded":5,"win_rate":0,"timestamp":1561626612,"path_taken":["M","$","M","?","?","E","R","E","T","?","M","R","?","E","R","BOSS","M","?","?","M","?","E","R","?","T","M","M","R","E","M","R","BOSS","M","?","M","?","M","E","$","R","T","M","$","E"],"build_version":"2019-01-23","purchased_purges":4,"victory":false,"max_hp_per_floor":[71,71,71,71,71,71,71,71,71,71,71,71,71,71,71,71,71,71,71,81,81,81,81,81,81,81,81,81,81,81,81,81,81,81,81,81,81,81,81,81,81,81,81,81,81,81],"card_choices":[{"not_picked":["Compile Driver","Gash"],"picked":"Defragment","floor":1.0},{"not_picked":["Darkness","Reprogram"],"picked":"Ball Lightning","floor":3.0},{"not_picked":["Loop","BootSequence"],"picked":"Cold Snap","floor":4.0},{"not_picked":["Hologram","Redo"],"picked":"Buffer","floor":6.0},{"not_picked":["Leap","Heatsinks"],"picked":"Cold Snap","floor":8.0},{"not_picked":["Sunder","Gash"],"picked":"Capacitor","floor":11.0},{"not_picked":["Leap","Rebound"],"picked":"Hologram","floor":14.0},{"not_picked":["Reboot","Core Surge"],"picked":"Electrodynamics","floor":16.0},{"not_picked":["Coolheaded","Reinforced Body"],"picked":"Defragment","floor":18.0},{"not_picked":["Hello World","Stack"],"picked":"Cold Snap","floor":21.0},{"not_picked":["Rebound+1","Leap"],"picked":"Redo+1","floor":23.0},{"not_picked":["Redo","Undo","Static Discharge"],"picked":"SKIP","floor":27.0},{"not_picked":["Aggregate","Hologram","Rip and Tear"],"picked":"SKIP","floor":28.0},{"not_picked":["Chaos","Ball Lightning+1","Reprogram"],"picked":"SKIP","floor":30.0},{"not_picked":["Stack+1","Redo"],"picked":"Recycle","floor":31.0},{"not_picked":["Multi-Cast","Fission"],"picked":"Biased Cognition","floor":33.0},{"not_picked":["Leap","Ball Lightning"],"picked":"Loop","floor":35.0},{"not_picked":["Compile Driver","Hello World"],"picked":"Cold Snap+1","floor":37.0},{"not_picked":["Cold Snap","Steam"],"picked":"Recycle+1","floor":39.0},{"not_picked":["Reprogram","Reinforced Body","Force Field"],"picked":"SKIP","floor":40.0},{"not_picked":["Hologram+1","Compile Driver"],"picked":"Loop","floor":44.0}],"player_experience":830622,"relics_obtained":[{"floor":6.0,"key":"Smiling Mask"},{"floor":8.0,"key":"Shuriken"},{"floor":9.0,"key":"Juzu Bracelet"},{"floor":14.0,"key":"Bottled Tornado"},{"floor":20.0,"key":"Pear"},{"floor":23.0,"key":"Kunai"},{"floor":26.0,"key":"Gremlin Horn"},{"floor":30.0,"key":"MawBank"},{"floor":40.0,"key":"Oddly Smooth Stone"}],"event_choices":[{"damage_healed":0.0,"max_hp_gain":0.0,"max_hp_loss":0.0,"gold_gain":0.0,"event_name":"Shining Light","player_choice":"Entered Light","floor":5.0,"gold_loss":0.0,"damage_taken":21.0,"cards_upgraded":["Defend_B","Zap"]},{"damage_healed":0.0,"max_hp_gain":0.0,"max_hp_loss":0.0,"gold_gain":50.0,"event_name":"FaceTrader","player_choice":"Touch","floor":10.0,"gold_loss":0.0,"damage_taken":7.0},{"damage_healed":0.0,"max_hp_gain":0.0,"max_hp_loss":0.0,"gold_gain":0.0,"event_name":"Liars Game","player_choice":"Ignored","floor":13.0,"gold_loss":0.0,"damage_taken":0.0},{"damage_healed":0.0,"max_hp_gain":0.0,"max_hp_loss":0.0,"gold_gain":0.0,"event_name":"The Library","player_choice":"Read","floor":19.0,"gold_loss":0.0,"damage_taken":0.0,"cards_obtained":["Coolheaded"]},{"damage_healed":0.0,"max_hp_gain":0.0,"max_hp_loss":0.0,"gold_gain":0.0,"event_name":"Drug Dealer","player_choice":"Inject Mutagens","floor":22.0,"gold_loss":0.0,"damage_taken":0.0,"relics_obtained":["MutagenicStrength"]},{"damage_healed":0.0,"max_hp_gain":0.0,"max_hp_loss":0.0,"gold_gain":0.0,"event_name":"Tomb of Lord Red Mask","player_choice":"Ignored","floor":36.0,"gold_loss":0.0,"damage_taken":0.0},{"damage_healed":0.0,"max_hp_gain":0.0,"max_hp_loss":0.0,"gold_gain":0.0,"event_name":"The Woman in Blue","player_choice":"Bought 1 Potion","floor":38.0,"gold_loss":0.0,"damage_taken":0.0}],"is_beta":false,"boss_relics":[{"not_picked":["Lizard Tail","Fusion Hammer"],"picked":"Nuclear Battery"},{"not_picked":["Black Star","Runic Pyramid"],"picked":"Cursed Key"}],"items_purged_floors":[2,25,41,45],"is_endless":false,"potions_floor_spawned":[4,14,18,21,30,31,35,44],"killed_by":"Reptomancer","ascension_level":20}