{"gold_per_floor":[365,365,25,25,44,82,82,116,116,116,137,137,168,191,191,320,320,333,283,304,5,5,41,41,84,121,171,208,238,268,195,207,347,359,387,399,411,441,238,272,272,310,384,405,430,445,445,458,458,458],"floor_reached":50,"playtime":3517,"items_purged":["Decay","Pain","Pain","Shame"],"score":748,"play_id":"2c53bde1-23a0-4a23-9b87-01b8ab92910b","local_time":"20190603202443","is_ascension_mode":true,"campfire_choices":[{"data":"Cloak And Dagger","floor":7.0,"key":"SMITH"},{"floor":10.0,"key":"REST"},{"floor":15.0,"key":"REST"},{"floor":24.0,"key":"REST"},{"floor":32,"key":"REST"},{"floor":41,"key":"REST"},{"floor":49,"key":"REST"}],"neow_cost":"CURSE","seed_source_timestamp":709078663791948,"circlet_count":0,"master_deck":["Defend_G","Defend_G","Defend_G","Defend_G+1","Defend_G","Strike_G","Strike_G","Strike_G","Strike_G","Survivor","Neutralize","Cloak And Dagger+1","Injury","Noxious Fumes+1","Corpse Explosion+1","Backstab","Poisoned Stab","Bane","Noxious Fumes","Burst","Poisoned Stab","Poisoned Stab","Discovery","Bane","Bouncing Flask","Cloak And Dagger","Adrenaline","Escape Plan+1","Dramatic Entrance","Backstab","Catalyst+1","Parasite","Deadly Poison","Poisoned Stab+1","Bane+1"],"special_seed":0,"relics":["Ring of the Snake","Golden Idol","Shuriken","Smiling Mask","War Paint","CultistMask","Bag of Marbles","Calling Bell","Centennial Puzzle","Ninja Scroll","Incense Burner","Snake Skull","Art of War","MawBank","Blood Vial","Red Mask","Oddly Smooth Stone","Lizard Tail","Pantograph","Potion Belt","Regal Pillow","Molten Egg 2"],"potions_floor_usage":[28,29,40,42,44,48],"damage_taken":[{"damage":2.0,"enemies":"Cultist","floor":1.0,"turns":4.0},{"damage":0.0,"enemies":"2 Louse","floor":5.0,"turns":3.0},{"damage":2.0,"enemies":"3 Sentries","floor":6.0,"turns":2.0},{"damage":25.0,"enemies":"Gremlin Nob","floor":8.0,"turns":4.0},{"damage":0.0,"enemies":"Jaw Worm","floor":11.0,"turns":3.0},{"damage":12.0,"enemies":"3 Sentries","floor":13.0,"turns":3.0},{"damage":0.0,"enemies":"Blue Slaver","floor":14.0,"turns":1.0},{"damage":21.0,"enemies":"The Guardian","floor":16.0,"turns":8.0},{"damage":12.0,"enemies":"2 Thieves","floor":18.0,"turns":3.0},{"damage":1.0,"enemies":"Spheric Guardian","floor":20.0,"turns":4.0},{"damage":24.0,"enemies":"Book of Stabbing","floor":23.0,"turns":3.0},{"damage":40.0,"enemies":"Gremlin Leader","floor":25.0,"turns":6.0},{"damage":3.0,"enemies":"Masked Bandits","floor":27.0,"turns":3.0},{"damage":0,"enemies":"Shelled Parasite and Fungi","floor":28,"turns":3},{"damage":6,"enemies":"Centurion and Healer","floor":29,"turns":3},{"damage":0,"enemies":"3 Cultists","floor":30,"turns":3},{"damage":54,"enemies":"Automaton","floor":33,"turns":7},{"damage":0,"enemies":"3 Shapes","floor":35,"turns":3},{"damage":2,"enemies":"Orb Walker","floor":38,"turns":2},{"damage":54,"enemies":"Giant Head","floor":40,"turns":6},{"damage":9,"enemies":"Nemesis","floor":42,"turns":5},{"damage":9,"enemies":"Writhing Mass","floor":44,"turns":3},{"damage":14,"enemies":"Sphere and 2 Shapes","floor":45,"turns":4},{"damage":35,"enemies":"Maw","floor":46,"turns":7},{"damage":14,"enemies":"Transient","floor":48,"turns":5},{"damage":88,"enemies":"Awakened One","floor":50,"turns":7}],"seed_played":"2202713747375333831","potions_obtained":[{"floor":5.0,"key":"AttackPotion"},{"floor":8.0,"key":"PowerPotion"},{"floor":11.0,"key":"Regen Potion"},{"floor":14.0,"key":"Regen Potion"},{"floor":16.0,"key":"Strength Potion"},{"floor":20.0,"key":"Dexterity Potion"},{"floor":27.0,"key":"Dexterity Potion"},{"floor":28,"key":"Explosive Potion"},{"floor":33,"key":"Swift Potion"},{"floor":40,"key":"GamblersBrew"},{"floor":42,"key":"SteroidPotion"},{"floor":46,"key":"SkillPotion"}],"is_trial":false,"path_per_floor":["M","?","$","?","M","E","R","E","T","R","M","?","E","M","R","B",null,"M","$","M","$","?","E","R","E","T","?","M","M","M","?","R","B",null,"M","?","?","M","$","E","R","E","T","M","M","M","?","M","R","B"],"character_chosen":"THE_SILENT","items_purchased":["Noxious Fumes","Corpse Explosion","Poison Potion","Snake Skull","Discovery","Dramatic Entrance","Backstab"],"campfire_rested":6,"item_purchase_floors":[3,3,3,21,21,39,39],"current_hp_per_floor":[68,68,68,68,68,66,66,41,41,62,62,62,50,50,70,49,70,58,58,70,70,70,46,67,39,39,38,40,36,38,38,59,7,70,70,70,70,68,68,16,37,30,30,23,11,23,23,11,47,0],"gold":458,"neow_bonus":"TWO_FIFTY_GOLD","is_prod":false,"is_daily":false,"chose_seed":false,"campfire_upgraded":1,"win_rate":0,"timestamp":1559582683,"path_taken":["M","?","$","?","?","E","R","E","T","R","M","?","E","M","R","BOSS","M","$","?","$","?","E","R","E","T","?","M","M","M","?","R","BOSS","M","?","?","M","$","E","R","E","T","M","M","?","?","M","R","BOSS"],"build_version":"2019-01-23","purchased_purges":4,"victory":false,"max_hp_per_floor":[70,70,70,70,70,70,70,70,70,70,70,70,70,70,70,70,70,70,70,70,70,70,70,70,70,70,70,70,70,70,70,70,70,70,70,70,70,70,70,70,70,70,70,70,70,70,70,70,70,70],"card_choices":[{"not_picked":["Backflip","Dash"],"picked":"Cloak And Dagger","floor":1.0},{"not_picked":["PiercingWail","Eviscerate"],"picked":"Backstab","floor":5.0},{"not_picked":["Predator","Backflip","Expertise"],"picked":"SKIP","floor":6.0},{"not_picked":["Underhanded Strike","Setup"],"picked":"Poisoned Stab","floor":8.0},{"not_picked":["Prepared","Terror"],"picked":"Bane","floor":11.0},{"not_picked":["Terror","Reflex"],"picked":"Noxious Fumes","floor":13.0},{"not_picked":["Distraction","Slice","Sucker Punch"],"picked":"SKIP","floor":14.0},{"not_picked":["Unload","A Thousand Cuts"],"picked":"Burst","floor":16.0},{"not_picked":["Concentrate+1","Deflect"],"picked":"Poisoned Stab","floor":18.0},{"not_picked":["Dagger Throw","Prepared"],"picked":"Poisoned Stab","floor":20.0},{"not_picked":["Glass Knife","PiercingWail","Backflip"],"picked":"SKIP","floor":23.0},{"not_picked":["Reflex","Outmaneuver","Caltrops"],"picked":"SKIP","floor":25.0},{"not_picked":["Outmaneuver","Well Laid Plans"],"picked":"Bane","floor":28},{"not_picked":["Deflect+1","Underhanded Strike"],"picked":"Bouncing Flask","floor":29},{"not_picked":["Deflect","Backflip+1"],"picked":"Cloak And Dagger","floor":30},{"not_picked":["Venomology","Wraith Form v2"],"picked":"Adrenaline","floor":33},{"not_picked":["Acrobatics","Dash+1","Slice"],"picked":"SKIP","floor":35},{"not_picked":["Dagger Throw+1","Dash"],"picked":"Escape Plan+1","floor":38},{"not_picked":["Crippling Poison+1","Caltrops+1"],"picked":"Catalyst+1","floor":40},{"not_picked":["Finisher+1","Slice","Quick Slash+1"],"picked":"SKIP","floor":42},{"not_picked":["Dagger Throw+1","Flechettes+1"],"picked":"Deadly Poison","floor":44},{"not_picked":["Calculated Gamble","Sucker Punch+1"],"picked":"Poisoned Stab+1","floor":45},{"not_picked":["Quick Slash+1","Heel Hook+1","Flying Knee+1"],"picked":"SKIP","floor":46},{"not_picked":["Dagger Spray+1","Heel Hook+1"],"picked":"Bane+1","floor":48}],"player_experience":1449846,"relics_obtained":[{"floor":6.0,"key":"Shuriken"},{"floor":8.0,"key":"Smiling Mask"},{"floor":9.0,"key":"War Paint"},{"floor":13.0,"key":"Bag of Marbles"},{"floor":17.0,"key":"Centennial Puzzle"},{"floor":17.0,"key":"Ninja Scroll"},{"floor":17.0,"key":"Incense Burner"},{"floor":23.0,"key":"Art of War"},{"floor":25.0,"key":"MawBank"},{"floor":26.0,"key":"Blood Vial"},{"floor":27.0,"key":"Red Mask"},{"floor":37,"key":"Pantograph"},{"floor":40,"key":"Potion Belt"},{"floor":42,"key":"Regal Pillow"},{"floor":43,"key":"Molten Egg 2"}],"event_choices":[{"damage_healed":0.0,"max_hp_gain":0.0,"max_hp_loss":0.0,"gold_gain":0.0,"event_name":"Golden Idol","player_choice":"Take Wound","floor":2.0,"gold_loss":0.0,"damage_taken":0.0,"relics_obtained":["Golden Idol"],"cards_obtained":["Injury"]},{"damage_healed":0.0,"max_hp_gain":0.0,"max_hp_loss":0.0,"gold_gain":0.0,"event_name":"Living Wall","player_choice":"Grow","floor":4.0,"gold_loss":0.0,"damage_taken":0.0,"cards_upgraded":["Noxious Fumes"]},{"damage_healed":0.0,"max_hp_gain":0.0,"max_hp_loss":0.0,"gold_gain":0.0,"event_name":"FaceTrader","player_choice":"Trade","floor":12.0,"gold_loss":0.0,"damage_taken":0.0,"relics_obtained":["CultistMask"]},{"damage_healed":0.0,"max_hp_gain":0.0,"max_hp_loss":0.0,"gold_gain":0.0,"event_name":"Vampires","player_choice":"Ignored","floor":22.0,"gold_loss":0.0,"damage_taken":0.0},{"damage_healed":0.0,"max_hp_gain":0.0,"max_hp_loss":0.0,"gold_gain":0.0,"event_name":"Masked Bandits","player_choice":"Fought Bandits","floor":27.0,"gold_loss":0.0,"damage_taken":0.0},{"damage_healed":0,"gold_gain":0,"player_choice":"Obtained Relic","damage_taken":0,"relics_obtained":["Oddly Smooth Stone"],"max_hp_gain":0,"max_hp_loss":0,"event_name":"Addict","floor":31,"gold_loss":85},{"damage_healed":0,"gold_gain":0,"player_choice":"Ignored","damage_taken":0,"max_hp_gain":0,"max_hp_loss":0,"event_name":"Tomb of Lord Red Mask","floor":36,"gold_loss":0},{"damage_healed":0,"gold_gain":0,"player_choice":"Relic","damage_taken":0,"max_hp_gain":0,"max_hp_loss":0,"event_name":"Wheel of Change","floor":37,"gold_loss":0},{"cards_removed":["Strike_G"],"damage_healed":0,"gold_gain":0,"player_choice":"Removed Attack","damage_taken":0,"max_hp_gain":0,"max_hp_loss":0,"event_name":"Falling","floor":47,"gold_loss":0}],"is_beta":false,"boss_relics":[{"not_picked":["Runic Dome","Sozu"],"picked":"Calling Bell"},{"not_picked":["Empty Cage","Tiny House"],"picked":"Lizard Tail"}],"items_purged_floors":[3,19,21,39],"is_endless":false,"potions_floor_spawned":[5,8,11,14,16,20,27,28,33,40,42,46],"killed_by":"Awakened One","ascension_level":3}