{"gold_per_floor":[110,35,35,51,51,51,126,461,536,559,559,576,25,40,40,112,112,124,135,135,135,4,4,37,37,64,92,92,92,92,92,92,166,166,179,197,197,197,117,142,142,142,142,170,170,24,40,66,66,66,66,66,66,21,50,50],"floor_reached":57,"playtime":2114,"items_purged":["Normality","Rupture"],"score":3111,"play_id":"4368000c-a7c1-45b1-bc20-18ee4dc827ef","local_time":"20190730203616","is_ascension_mode":true,"campfire_choices":[{"data":"Armaments","floor":6,"key":"SMITH"},{"floor":11,"key":"REST"},{"data":"Barricade","floor":15,"key":"SMITH"},{"data":"Entrench","floor":23,"key":"SMITH"},{"floor":25,"key":"REST"},{"data":"Impervious","floor":30,"key":"SMITH"},{"data":"Impervious","floor":32,"key":"SMITH"},{"floor":41,"key":"RECALL"},{"data":"Master of Strategy","floor":49,"key":"SMITH"},{"data":"Shrug It Off","floor":53,"key":"SMITH"}],"neow_cost":"CURSE","seed_source_timestamp":967322836211200,"circlet_count":0,"master_deck":["AscendersBane","Barricade+1","Carnage","Armaments+1","Shrug It Off+1","Demon Form+1","Seeing Red","Impervious+1","Sever Soul","Disarm","Entrench+1","Spot Weakness","Body Slam","Necronomicurse","Impervious+1","Metallicize+1","Sentinel+1","Feel No Pain","Clothesline+1","Barricade+1","Rage+1","Seeing Red","Finesse","Warcry+1","Master of Strategy+1"],"relics":["Burning Blood","The Courier","Old Coin","PreservedInsect","Gambling Chip","Meat on the Bone","Pandora\u0027s Box","Necronomicon","Lantern","Juzu Bracelet","Orichalcum","Self Forming Clay","Astrolabe","Boot","Ice Cream","Regal Pillow","Oddly Smooth Stone","Happy Flower"],"potions_floor_usage":[44,56,56],"damage_taken":[{"damage":7,"enemies":"Cultist","floor":1,"turns":5},{"damage":9,"enemies":"Jaw Worm","floor":4,"turns":4},{"damage":41,"enemies":"3 Sentries","floor":8,"turns":10},{"damage":1,"enemies":"2 Louse","floor":12,"turns":3},{"damage":15,"enemies":"Large Slime","floor":14,"turns":6},{"damage":17,"enemies":"The Guardian","floor":16,"turns":12},{"damage":0,"enemies":"Chosen","floor":18,"turns":11},{"damage":20,"enemies":"Spheric Guardian","floor":19,"turns":7},{"damage":22,"enemies":"Book of Stabbing","floor":24,"turns":5},{"damage":10,"enemies":"Slavers","floor":27,"turns":5},{"damage":0,"enemies":"Automaton","floor":33,"turns":9},{"damage":0,"enemies":"Orb Walker","floor":35,"turns":4},{"damage":19,"enemies":"3 Darklings","floor":36,"turns":7},{"damage":0,"enemies":"Nemesis","floor":40,"turns":19},{"damage":51,"enemies":"Reptomancer","floor":44,"turns":6},{"damage":0,"enemies":"4 Shapes","floor":47,"turns":7},{"damage":0,"enemies":"Nemesis","floor":48,"turns":9},{"damage":49,"enemies":"Awakened One","floor":50,"turns":9},{"damage":0,"enemies":"Donu and Deca","floor":51,"turns":11},{"damage":0,"enemies":"Shield and Spear","floor":55,"turns":8},{"damage":67,"enemies":"The Heart","floor":56,"turns":11}],"seed_played":"3768499891083692240","potions_obtained":[{"floor":1,"key":"Dexterity Potion"},{"floor":14,"key":"Ancient Potion"},{"floor":35,"key":"PowerPotion"},{"floor":44,"key":"Energy Potion"}],"is_trial":false,"path_per_floor":["M","$","T","M","?","R","?","E","T","T","R","M","$","M","R","B",null,"M","M","?","?","$","R","E","R","T","E","?","?","R","?","R","B",null,"M","M","?","?","$","E","R","?","T","E","?","$","M","E","R","B","B",null,"R","$","E","B",null],"character_chosen":"IRONCLAD","items_purchased":["Gambling Chip","Demon Form","Meat on the Bone","Lantern","Master of Strategy","Swift Potion"],"campfire_rested":2,"item_purchase_floors":[13,13,13,22,46,54],"current_hp_per_floor":[67,67,67,64,64,64,53,18,18,18,40,45,45,48,48,49,69,75,61,40,40,40,40,36,58,58,54,54,54,54,33,33,51,73,79,66,66,56,56,62,62,62,62,29,29,29,47,53,53,22,40,67,67,67,73,24],"gold":50,"neow_bonus":"TRANSFORM_TWO_CARDS","is_prod":false,"is_daily":false,"chose_seed":false,"campfire_upgraded":7,"win_rate":0,"timestamp":1564486576,"path_taken":["M","?","?","M","?","R","?","E","T","?","R","?","$","M","R","BOSS","M","M","?","?","$","R","E","R","T","E","?","?","R","?","R","BOSS","M","M","?","?","?","E","R","?","T","E","?","$","M","E","R","BOSS","BOSS","R","$","E","BOSS"],"build_version":"2019-07-17","purchased_purges":2,"victory":true,"max_hp_per_floor":[75,75,75,75,75,75,75,75,75,75,75,75,75,75,75,75,75,75,75,75,75,75,75,75,75,75,75,75,75,75,80,80,80,80,80,80,80,80,80,80,80,76,76,76,76,76,76,76,76,76,76,76,76,76,76,76],"card_choices":[{"not_picked":["Armaments","Flex"],"picked":"Carnage","floor":1},{"not_picked":["Sword Boomerang","Perfected Strike"],"picked":"Armaments","floor":4},{"not_picked":["Sword Boomerang","Anger"],"picked":"Shrug It Off","floor":8},{"not_picked":["Inflame","Pommel Strike","Blood for Blood"],"picked":"SKIP","floor":12},{"not_picked":["Havoc","Dual Wield"],"picked":"Seeing Red","floor":14},{"not_picked":["Fiend Fire","Brutality"],"picked":"Impervious","floor":16},{"not_picked":["Clash","Iron Wave"],"picked":"Body Slam","floor":18},{"not_picked":["Rampage","Pommel Strike","Wild Strike"],"picked":"SKIP","floor":19},{"not_picked":["Juggernaut","Uppercut"],"picked":"Metallicize+1","floor":24},{"not_picked":["Wild Strike","Headbutt+1"],"picked":"Sentinel+1","floor":27},{"not_picked":["Body Slam","Uppercut+1","Twin Strike+1"],"picked":"SKIP","floor":35},{"not_picked":["Pommel Strike","Rupture+1"],"picked":"Seeing Red","floor":36},{"not_picked":["Good Instincts","Violence"],"picked":"Finesse","floor":38},{"not_picked":["Warcry+1","Shrug It Off","Havoc+1"],"picked":"SKIP","floor":40},{"not_picked":["Shrug It Off","Havoc+1"],"picked":"Warcry+1","floor":40},{"not_picked":["Twin Strike+1","Clothesline","Iron Wave"],"picked":"SKIP","floor":44},{"not_picked":["Sword Boomerang+1","Corruption","Headbutt"],"picked":"SKIP","floor":47},{"not_picked":["Bloodletting","Fire Breathing+1","Clash+1"],"picked":"SKIP","floor":48},{"not_picked":["Shrug It Off","Limit Break","Wild Strike+1"],"picked":"SKIP","floor":55}],"player_experience":1309161,"relics_obtained":[{"floor":3,"key":"The Courier"},{"floor":8,"key":"Old Coin"},{"floor":10,"key":"PreservedInsect"},{"floor":20,"key":"Necronomicon"},{"floor":24,"key":"Juzu Bracelet"},{"floor":26,"key":"Orichalcum"},{"floor":27,"key":"Self Forming Clay"},{"floor":40,"key":"Boot"},{"floor":43,"key":"Ice Cream"},{"floor":44,"key":"Regal Pillow"},{"floor":48,"key":"Oddly Smooth Stone"},{"floor":55,"key":"Happy Flower"}],"event_choices":[{"damage_healed":0,"gold_gain":0,"cards_transformed":["Strike_R"],"player_choice":"Change","damage_taken":0,"max_hp_gain":0,"max_hp_loss":0,"event_name":"Living Wall","floor":5,"gold_loss":0,"cards_obtained":["Rampage"]},{"damage_healed":0,"gold_gain":75,"player_choice":"Gather Gold","damage_taken":11,"max_hp_gain":0,"max_hp_loss":0,"event_name":"World of Goop","floor":7,"gold_loss":0},{"damage_healed":0,"gold_gain":0,"player_choice":"Obtained Book","damage_taken":21,"max_hp_gain":0,"max_hp_loss":0,"event_name":"Cursed Tome","floor":20,"gold_loss":0},{"damage_healed":0,"gold_gain":0,"player_choice":"Copied","damage_taken":0,"max_hp_gain":0,"max_hp_loss":0,"event_name":"Duplicator","floor":21,"gold_loss":0,"cards_obtained":["Impervious"]},{"damage_healed":0,"gold_gain":0,"player_choice":"Read","damage_taken":0,"max_hp_gain":0,"max_hp_loss":0,"event_name":"The Library","floor":28,"gold_loss":0,"cards_obtained":["Feel No Pain"]},{"damage_healed":0,"gold_gain":0,"player_choice":"Upgraded","damage_taken":0,"max_hp_gain":0,"max_hp_loss":0,"event_name":"Upgrade Shrine","floor":29,"gold_loss":0,"cards_upgraded":["Demon Form"]},{"damage_healed":0,"gold_gain":0,"player_choice":"Shed Blood","damage_taken":26,"max_hp_gain":5,"max_hp_loss":0,"event_name":"Forgotten Altar","floor":31,"gold_loss":0},{"damage_healed":0,"gold_gain":0,"player_choice":"Ignored","damage_taken":0,"max_hp_gain":0,"max_hp_loss":0,"event_name":"Tomb of Lord Red Mask","floor":37,"gold_loss":0},{"damage_healed":0,"gold_gain":0,"player_choice":"Memory 3","damage_taken":10,"max_hp_gain":0,"max_hp_loss":0,"event_name":"SensoryStone","floor":38,"gold_loss":0},{"damage_healed":0,"gold_gain":0,"player_choice":"Max HP","damage_taken":0,"max_hp_gain":0,"max_hp_loss":4,"event_name":"Winding Halls","floor":42,"gold_loss":0},{"cards_removed":["Dual Wield"],"damage_healed":0,"gold_gain":0,"player_choice":"Removed Skill","damage_taken":0,"max_hp_gain":0,"max_hp_loss":0,"event_name":"Falling","floor":45,"gold_loss":0}],"is_beta":false,"boss_relics":[{"not_picked":["Lizard Tail","Ectoplasm"],"picked":"Pandora\u0027s Box"},{"not_picked":["Empty Cage","Runic Pyramid"],"picked":"Astrolabe"}],"items_purged_floors":[2,39],"is_endless":false,"potions_floor_spawned":[1,14,27,35,40,44,55],"ascension_level":20}