{"gold_per_floor":[114,114,114,35,54,82,82,5,81,103,51,51,1,19,19,117,117,135,149,149,159,174,174,199,199,199,199],"floor_reached":27,"playtime":1238,"items_purged":[],"score":334,"play_id":"83138cd4-1924-4ebe-86b5-900491320598","local_time":"20190607183041","is_ascension_mode":true,"campfire_choices":[{"floor":7,"key":"REST"},{"floor":12,"key":"REST"},{"floor":15,"key":"REST"},{"floor":23,"key":"REST"},{"floor":25,"key":"REST"}],"neow_cost":"NONE","seed_source_timestamp":1050230536110442,"circlet_count":0,"master_deck":["Defend_G","Defend_G","Defend_G","Defend_G","Defend_G","Strike_G","Strike_G","Strike_G","Strike_G","Strike_G","Survivor","Neutralize","Madness","Deadly Poison","Predator","Poisoned Stab","Poisoned Stab","Bouncing Flask","Masterful Stab","Poisoned Stab","Bouncing Flask","Backstab","After Image","Noxious Fumes","Deadly Poison","Escape Plan","Bouncing Flask","After Image","Flying Knee+1"],"relics":["Ring of the Snake","The Specimen","Dream Catcher","Ginger","Pear","Odd Mushroom","Black Star","Blue Candle","Molten Egg 2","Toxic Egg 2"],"potions_floor_usage":[6,6,14,18,21],"damage_taken":[{"damage":3,"enemies":"2 Louse","floor":1,"turns":3},{"damage":4,"enemies":"Small Slimes","floor":5,"turns":4},{"damage":12,"enemies":"Gremlin Nob","floor":6,"turns":3},{"damage":29,"enemies":"The Mushroom Lair","floor":10,"turns":4},{"damage":0,"enemies":"Cultist","floor":14,"turns":2},{"damage":31,"enemies":"The Guardian","floor":16,"turns":8},{"damage":14,"enemies":"2 Thieves","floor":18,"turns":3},{"damage":6,"enemies":"Spheric Guardian","floor":19,"turns":3},{"damage":9,"enemies":"Snecko","floor":21,"turns":4},{"damage":29,"enemies":"Snake Plant","floor":22,"turns":4},{"damage":18,"enemies":"Gremlin Leader","floor":24,"turns":7},{"damage":48,"enemies":"Book of Stabbing","floor":27,"turns":5}],"seed_played":"7411714611557017913","potions_obtained":[{"floor":1,"key":"Poison Potion"},{"floor":5,"key":"PowerPotion"},{"floor":14,"key":"Fruit Juice"},{"floor":16,"key":"SkillPotion"},{"floor":19,"key":"Swift Potion"},{"floor":24,"key":"Fire Potion"}],"is_trial":false,"path_per_floor":["M","?","?","$","M","E","R","$","T","?","$","R","?","M","R","B",null,"M","M","?","M","M","R","E","R","T","E"],"character_chosen":"THE_SILENT","items_purchased":["Predator","Bouncing Flask","Poisoned Stab"],"campfire_rested":5,"item_purchase_floors":[4,8,11],"current_hp_per_floor":[60,60,57,57,53,41,62,62,72,43,43,67,67,72,85,54,77,63,57,49,40,11,36,18,43,43,0],"gold":199,"neow_bonus":"RANDOM_COLORLESS","is_prod":false,"is_daily":false,"chose_seed":false,"campfire_upgraded":0,"win_rate":0,"timestamp":1559921441,"path_taken":["M","?","?","$","M","E","R","$","T","?","?","R","?","M","R","BOSS","M","M","?","?","M","R","E","R","T","E"],"build_version":"2019-01-23","purchased_purges":0,"victory":false,"max_hp_per_floor":[70,70,70,70,70,70,70,70,80,80,80,80,80,85,85,85,85,85,85,85,85,85,85,85,85,85,85],"card_choices":[{"not_picked":["Outmaneuver","Slice"],"picked":"Deadly Poison","floor":1},{"not_picked":["Outmaneuver","Footwork"],"picked":"Poisoned Stab","floor":5},{"not_picked":["A Thousand Cuts","Quick Slash","Flechettes"],"picked":"SKIP","floor":6},{"not_picked":["Footwork","Dodge and Roll"],"picked":"Poisoned Stab","floor":7},{"not_picked":["Outmaneuver","Finisher"],"picked":"Masterful Stab","floor":10},{"not_picked":["Bane","Masterful Stab"],"picked":"Bouncing Flask","floor":12},{"not_picked":["Blade Dance","Flying Knee"],"picked":"Backstab","floor":14},{"not_picked":["A Thousand Cuts","Tools of the Trade"],"picked":"After Image","floor":16},{"not_picked":["Flying Knee","All Out Attack+1"],"picked":"Noxious Fumes","floor":18},{"not_picked":["Acrobatics","Backflip","Endless Agony"],"picked":"SKIP","floor":19},{"not_picked":["Well Laid Plans","Prepared"],"picked":"Deadly Poison","floor":21},{"not_picked":["Footwork","Deflect"],"picked":"Escape Plan","floor":22},{"not_picked":["PiercingWail+1","Outmaneuver"],"picked":"Bouncing Flask","floor":23},{"not_picked":["Flying Knee","Dagger Throw"],"picked":"After Image","floor":24},{"not_picked":["Expertise","Cloak And Dagger"],"picked":"Flying Knee+1","floor":25}],"player_experience":1478754,"relics_obtained":[{"floor":6,"key":"Ginger"},{"floor":9,"key":"Pear"},{"floor":10,"key":"Odd Mushroom"},{"floor":24,"key":"Blue Candle"},{"floor":24,"key":"Molten Egg 2"},{"floor":26,"key":"Toxic Egg 2"}],"event_choices":[{"damage_healed":0,"gold_gain":0,"player_choice":"Box","damage_taken":0,"relics_obtained":["The Specimen"],"max_hp_gain":0,"max_hp_loss":0,"event_name":"Big Fish","floor":2,"gold_loss":0,"cards_obtained":["Regret"]},{"damage_healed":0,"gold_gain":0,"player_choice":"Success","damage_taken":3,"relics_obtained":["Dream Catcher"],"max_hp_gain":0,"max_hp_loss":0,"event_name":"Scrap Ooze","floor":3,"gold_loss":0},{"damage_healed":0,"gold_gain":0,"player_choice":"Fought Mushrooms","damage_taken":0,"max_hp_gain":0,"max_hp_loss":0,"event_name":"Mushrooms","floor":10,"gold_loss":0},{"cards_removed":["Regret"],"damage_healed":0,"gold_gain":0,"player_choice":"Card Removal","damage_taken":0,"max_hp_gain":0,"max_hp_loss":0,"event_name":"The Cleric","floor":13,"gold_loss":50},{"damage_healed":0,"gold_gain":0,"player_choice":"","damage_taken":8,"max_hp_gain":0,"max_hp_loss":0,"event_name":"Knowing Skull","floor":20,"potions_obtained":[],"gold_loss":0,"cards_obtained":[]}],"is_beta":false,"boss_relics":[{"not_picked":["Tiny House","Fusion Hammer"],"picked":"Black Star"}],"items_purged_floors":[],"is_endless":false,"potions_floor_spawned":[1,5,14,16,19,24],"killed_by":"Book of Stabbing","ascension_level":7}