{"gold_per_floor":[13,29,29,104,118,118,152,170,170,210,225,240,240,240,240,240],"floor_reached":16,"playtime":430,"items_purged":[],"score":228,"play_id":"2a5aa583-7529-49a8-9522-1a930944c55f","local_time":"20190725100529","is_ascension_mode":true,"campfire_choices":[{"data":"Zap","floor":6,"key":"SMITH"},{"data":"Dualcast","floor":13,"key":"SMITH"},{"floor":15,"key":"REST"}],"neow_cost":"NO_GOLD","seed_source_timestamp":499162240629400,"circlet_count":0,"master_deck":["AscendersBane","Strike_B","Strike_B","Strike_B","Defend_B","Defend_B","Defend_B","Zap+1","Dualcast+1","Capacitor","Self Repair","Coolheaded","Rebound","Ball Lightning","Hologram","Lockon","Blizzard"],"relics":["Cracked Core","Golden Idol","Bronze Scales","Question Card","Shovel"],"potions_floor_usage":[12,14],"damage_taken":[{"damage":10,"enemies":"Small Slimes","floor":1,"turns":3},{"damage":0,"enemies":"Jaw Worm","floor":2,"turns":3},{"damage":3,"enemies":"2 Louse","floor":5,"turns":4},{"damage":14,"enemies":"Lagavulin","floor":7,"turns":9},{"damage":3,"enemies":"Blue Slaver","floor":8,"turns":2},{"damage":31,"enemies":"3 Sentries","floor":10,"turns":5},{"damage":7,"enemies":"Looter","floor":11,"turns":4},{"damage":5,"enemies":"Exordium Wildlife","floor":12,"turns":3},{"damage":0,"enemies":"3 Louse","floor":14,"turns":1},{"damage":23,"enemies":"Slime Boss","floor":16,"turns":5}],"seed_played":"5618701839448108413","potions_obtained":[{"floor":1,"key":"Ancient Potion"},{"floor":7,"key":"SneckoOil"},{"floor":8,"key":"FearPotion"},{"floor":12,"key":"SmokeBomb"}],"is_trial":false,"path_per_floor":["M","M","?","?","M","R","E","M","T","E","M","M","R","M","R","B"],"character_chosen":"DEFECT","items_purchased":[],"campfire_rested":1,"item_purchase_floors":[],"current_hp_per_floor":[54,54,54,43,47,47,40,44,44,20,20,15,15,15,34,11],"gold":240,"neow_bonus":"REMOVE_TWO","is_prod":false,"is_daily":false,"chose_seed":false,"campfire_upgraded":2,"win_rate":0,"timestamp":1564016729,"path_taken":["M","M","?","?","M","R","E","M","T","E","M","?","R","M","R","BOSS"],"build_version":"2019-07-17","purchased_purges":0,"victory":false,"max_hp_per_floor":[71,71,64,64,64,64,64,64,64,64,64,64,64,64,64,64],"card_choices":[{"not_picked":["Recycle","Tempest"],"picked":"Capacitor","floor":1},{"not_picked":["Stack","Auto Shields"],"picked":"Self Repair","floor":2},{"not_picked":["Chaos","Aggregate"],"picked":"Coolheaded","floor":5},{"not_picked":["Double Energy","Hologram"],"picked":"Rebound","floor":7},{"not_picked":["Conserve Battery","Compile Driver"],"picked":"Ball Lightning","floor":8},{"not_picked":["Hologram","Go for the Eyes","Leap","Hyperbeam"],"picked":"SKIP","floor":10},{"not_picked":["Go for the Eyes","Leap","Hyperbeam"],"picked":"Hologram","floor":10},{"not_picked":["Sweeping Beam","Rebound","Hologram"],"picked":"Lockon","floor":11},{"not_picked":["Coolheaded","Rebound","Hyperbeam"],"picked":"Blizzard","floor":12}],"player_experience":1195530,"relics_obtained":[{"floor":7,"key":"Bronze Scales"},{"floor":9,"key":"Question Card"},{"floor":10,"key":"Shovel"}],"event_choices":[{"damage_healed":0,"gold_gain":0,"player_choice":"Lose Max HP","damage_taken":0,"relics_obtained":["Golden Idol"],"max_hp_gain":0,"max_hp_loss":7,"event_name":"Golden Idol","floor":3,"gold_loss":0},{"damage_healed":0,"gold_gain":75,"player_choice":"Gather Gold","damage_taken":11,"max_hp_gain":0,"max_hp_loss":0,"event_name":"World of Goop","floor":4,"gold_loss":0}],"is_beta":false,"boss_relics":[],"items_purged_floors":[],"is_endless":false,"potions_floor_spawned":[1,7,8,10,12],"killed_by":"Slime Boss","ascension_level":20}