{"gold_per_floor":[117,117,134,134,151,151,179,196,496,516,516,33,51,86,86,86],"floor_reached":16,"playtime":1713,"items_purged":[],"score":218,"play_id":"3fd8f8b7-2bae-426f-a7b1-8c7f50d58a4b","local_time":"20190525213429","is_ascension_mode":true,"campfire_choices":[{"data":"Well Laid Plans","floor":6.0,"key":"SMITH"},{"data":"Footwork","floor":15,"key":"SMITH"}],"neow_cost":"NONE","seed_source_timestamp":265824565103021,"circlet_count":0,"master_deck":["AscendersBane","Defend_G","Defend_G","Defend_G","Defend_G","Defend_G","Strike_G","Strike_G","Strike_G","Strike_G","Strike_G","Survivor","Neutralize","Well Laid Plans+1","Flying Knee","PiercingWail","Calculated Gamble","Adrenaline","Crippling Poison","Dagger Spray","Footwork+1","Heel Hook"],"special_seed":0,"relics":["Ring of the Snake","NeowsBlessing","Torii","Ice Cream","Old Coin","Gremlin Horn","ClockworkSouvenir","Blood Vial"],"potions_floor_usage":[14],"damage_taken":[{"damage":0.0,"enemies":"Jaw Worm","floor":1.0,"turns":1.0},{"damage":0.0,"enemies":"Small Slimes","floor":3.0,"turns":1.0},{"damage":0.0,"enemies":"Cultist","floor":5.0,"turns":1.0},{"damage":17,"enemies":"3 Sentries","floor":7,"turns":16},{"damage":11,"enemies":"Exordium Wildlife","floor":8,"turns":6},{"damage":2,"enemies":"Large Slime","floor":10,"turns":9},{"damage":1,"enemies":"Blue Slaver","floor":13,"turns":3},{"damage":1,"enemies":"Lagavulin","floor":14,"turns":7},{"damage":39,"enemies":"Hexaghost","floor":16,"turns":15}],"seed_played":"-2864985165720544432","potions_obtained":[{"floor":5.0,"key":"Fruit Juice"},{"floor":8,"key":"Energy Potion"}],"is_trial":false,"path_per_floor":["M","?","M","?","M","R","E","M","T","M","T","$","M","E","R","B"],"character_chosen":"THE_SILENT","items_purchased":["Adrenaline","Crippling Poison","ClockworkSouvenir","Strength Potion","Dagger Spray"],"campfire_rested":0,"item_purchase_floors":[12,12,12,12,12],"current_hp_per_floor":[59,64,64,64,69,69,52,41,41,39,39,39,38,37,37,0],"gold":86,"neow_bonus":"THREE_ENEMY_KILL","is_prod":false,"is_daily":false,"chose_seed":false,"campfire_upgraded":2,"win_rate":0,"timestamp":1558812869,"path_taken":["M","?","M","?","?","R","E","M","T","M","?","$","M","E","R","BOSS"],"build_version":"2019-01-23","purchased_purges":0,"victory":false,"max_hp_per_floor":[66,71,71,71,76,76,76,76,76,76,76,76,76,76,76,76],"card_choices":[{"not_picked":["Concentrate","Deflect"],"picked":"Backflip","floor":1.0},{"not_picked":["Prepared","Outmaneuver","Cloak And Dagger"],"picked":"SKIP","floor":3.0},{"not_picked":["Footwork","Deflect"],"picked":"Well Laid Plans","floor":5.0},{"not_picked":["Accuracy","Poisoned Stab"],"picked":"Flying Knee","floor":7},{"not_picked":["Riddle With Holes","Predator"],"picked":"PiercingWail","floor":8},{"not_picked":["Dagger Throw","Flechettes"],"picked":"Calculated Gamble","floor":10},{"not_picked":["Slice","Acrobatics"],"picked":"Footwork","floor":13},{"not_picked":["All Out Attack","A Thousand Cuts"],"picked":"Heel Hook","floor":14}],"player_experience":955846,"relics_obtained":[{"floor":7,"key":"Ice Cream"},{"floor":9,"key":"Old Coin"},{"floor":11,"key":"Gremlin Horn"},{"floor":14,"key":"Blood Vial"}],"event_choices":[{"damage_healed":0.0,"max_hp_gain":5.0,"max_hp_loss":0.0,"gold_gain":0.0,"event_name":"Big Fish","player_choice":"Donut","floor":2.0,"gold_loss":0.0,"damage_taken":0.0},{"cards_removed":["Backflip"],"damage_healed":0.0,"max_hp_gain":0.0,"max_hp_loss":0.0,"gold_gain":0.0,"event_name":"WeMeetAgain","player_choice":"Gave Card","floor":4.0,"gold_loss":0.0,"damage_taken":0.0,"relics_obtained":["Torii"]}],"is_beta":false,"boss_relics":[],"items_purged_floors":[],"is_endless":false,"potions_floor_spawned":[5,8,13],"killed_by":"Hexaghost","ascension_level":19}