{"gold_per_floor":[110,260,260,260,274,274,274,11,34,34,68,92,111,125,125,125],"floor_reached":16,"playtime":421,"items_purged":[],"score":200,"play_id":"ce3fff55-4b1d-4b49-b7eb-962e6a5accef","local_time":"20190613171035","is_ascension_mode":true,"campfire_choices":[{"data":"Rip and Tear","floor":6,"key":"SMITH"},{"floor":10,"key":"REST"},{"data":"Loop","floor":15,"key":"SMITH"}],"neow_cost":"PERCENT_DAMAGE","seed_source_timestamp":8022973843000,"circlet_count":0,"master_deck":["AscendersBane","Strike_B","Strike_B","Strike_B","Strike_B","Defend_B","Defend_B","Defend_B","Defend_B","Zap+1","Dualcast","White Noise","Doubt","Rip and Tear+1","White Noise","Loop+1"],"relics":["Cracked Core","WingedGreaves","Golden Idol","Blue Candle","Meat on the Bone","DataDisk","Centennial Puzzle"],"potions_floor_usage":[16],"damage_taken":[{"damage":7,"enemies":"Jaw Worm","floor":1,"turns":4},{"damage":5,"enemies":"Small Slimes","floor":5,"turns":4},{"damage":36,"enemies":"Lagavulin","floor":11,"turns":6},{"damage":1,"enemies":"Cultist","floor":12,"turns":3},{"damage":21,"enemies":"Gremlin Gang","floor":13,"turns":4},{"damage":7,"enemies":"Blue Slaver","floor":14,"turns":4},{"damage":36,"enemies":"Hexaghost","floor":16,"turns":8}],"seed_played":"-1566465872270580607","potions_obtained":[{"floor":5,"key":"SmokeBomb"},{"floor":12,"key":"Weak Potion"}],"is_trial":false,"path_per_floor":["M","?","?","T","M","R","?","$","T","R","E","M","M","M","R","B"],"character_chosen":"DEFECT","items_purchased":["Meat on the Bone"],"campfire_rested":1,"item_purchase_floors":[8],"current_hp_per_floor":[39,39,39,39,34,34,34,34,34,53,29,40,31,36,36,0],"gold":125,"neow_bonus":"ONE_RARE_RELIC","is_prod":false,"is_daily":false,"chose_seed":false,"campfire_upgraded":2,"win_rate":0,"timestamp":1560413435,"path_taken":["M","?","?","?","?","R","?","$","T","R","E","?","?","M","R","BOSS"],"build_version":"2019-01-23","purchased_purges":0,"victory":false,"max_hp_per_floor":[71,71,64,64,64,64,64,64,64,64,64,64,64,64,64,64],"card_choices":[{"not_picked":["Compile Driver","Turbo"],"picked":"White Noise","floor":1},{"not_picked":["Redo","Auto Shields"],"picked":"Rip and Tear","floor":5},{"not_picked":["Skim","Barrage","Fusion"],"picked":"SKIP","floor":11},{"not_picked":["Barrage","Turbo"],"picked":"White Noise","floor":12},{"not_picked":["Gash","Hologram","Beam Cell"],"picked":"SKIP","floor":13},{"not_picked":["Fusion","Turbo"],"picked":"Loop","floor":14}],"player_experience":633175,"relics_obtained":[{"floor":4,"key":"Blue Candle"},{"floor":9,"key":"DataDisk"},{"floor":11,"key":"Centennial Puzzle"}],"event_choices":[{"damage_healed":0,"gold_gain":150,"player_choice":"AGREE","damage_taken":0,"max_hp_gain":0,"max_hp_loss":0,"event_name":"Liars Game","floor":2,"gold_loss":0,"cards_obtained":["Doubt"]},{"damage_healed":0,"gold_gain":0,"player_choice":"Lose Max HP","damage_taken":0,"relics_obtained":["Golden Idol"],"max_hp_gain":0,"max_hp_loss":7,"event_name":"Golden Idol","floor":3,"gold_loss":0},{"damage_healed":0,"gold_gain":0,"player_choice":"Upgraded","damage_taken":0,"max_hp_gain":0,"max_hp_loss":0,"event_name":"Upgrade Shrine","floor":7,"gold_loss":0,"cards_upgraded":["Zap"]}],"is_beta":false,"boss_relics":[],"items_purged_floors":[],"is_endless":false,"potions_floor_spawned":[5,12],"killed_by":"Hexaghost","ascension_level":20}