{"gold_per_floor":[114,131,56,75,75,106,106,106,106,106,119,119],"floor_reached":12,"playtime":286,"items_purged":["Pain"],"score":156,"play_id":"2df1d79a-776f-4720-89d5-6e3a4910ea1f","local_time":"20190711164230","is_ascension_mode":true,"campfire_choices":[{"data":"Hyperbeam","floor":7,"key":"SMITH"},{"floor":10,"key":"REST"}],"neow_cost":"CURSE","seed_source_timestamp":6232618751100,"circlet_count":0,"master_deck":["AscendersBane","Strike_B","Strike_B","Strike_B","Defend_B","Defend_B","Defend_B","Defend_B","Zap","Dualcast","Hyperbeam+1","Recycle","Beam Cell","Turbo","White Noise","Ball Lightning"],"relics":["Cracked Core","Turnip"],"potions_floor_usage":[6],"damage_taken":[{"damage":14,"enemies":"Jaw Worm","floor":1,"turns":2},{"damage":3,"enemies":"Cultist","floor":2,"turns":3},{"damage":10,"enemies":"Small Slimes","floor":4,"turns":3},{"damage":20,"enemies":"3 Sentries","floor":6,"turns":5},{"damage":29,"enemies":"3 Louse","floor":11,"turns":3},{"damage":41,"enemies":"Gremlin Nob","floor":12,"turns":3}],"seed_played":"-5045091168713201399","potions_obtained":[{"floor":1,"key":"Fire Potion"},{"floor":11,"key":"Block Potion"}],"is_trial":false,"path_per_floor":["M","M","$","M","$","E","R","?","T","R","M","E"],"character_chosen":"DEFECT","items_purchased":[],"campfire_rested":1,"item_purchase_floors":[],"current_hp_per_floor":[50,47,47,37,37,17,17,17,17,38,9,0],"gold":119,"neow_bonus":"THREE_RARE_CARDS","is_prod":false,"is_daily":false,"chose_seed":false,"campfire_upgraded":1,"win_rate":0,"timestamp":1562830950,"path_taken":["M","M","$","M","$","E","R","?","T","R","M","E"],"build_version":"2019-07-05","purchased_purges":1,"victory":false,"max_hp_per_floor":[71,71,71,71,71,71,71,71,71,71,71,71],"card_choices":[{"not_picked":["Multi-Cast","Reboot"],"picked":"Hyperbeam","floor":0},{"not_picked":["Steam Power","Barrage"],"picked":"Recycle","floor":1},{"not_picked":["Gash","Streamline"],"picked":"Beam Cell","floor":2},{"not_picked":["BootSequence","Beam Cell","Doom and Gloom"],"picked":"SKIP","floor":4},{"not_picked":["Recycle","Compile Driver"],"picked":"Turbo","floor":6},{"not_picked":["Conserve Battery","Beam Cell"],"picked":"Ball Lightning","floor":11}],"player_experience":974426,"relics_obtained":[{"floor":6,"key":"Turnip"}],"event_choices":[{"damage_healed":0,"gold_gain":0,"cards_transformed":["Strike_B"],"player_choice":"Transformed","damage_taken":0,"max_hp_gain":0,"max_hp_loss":0,"event_name":"Transmorgrifier","floor":8,"gold_loss":0,"cards_obtained":["White Noise"]}],"is_beta":false,"boss_relics":[],"items_purged_floors":[3],"is_endless":false,"potions_floor_spawned":[1,11],"killed_by":"Gremlin Nob","ascension_level":20}