{"gold_per_floor":[114,114,132,132,152,177,177,237,237,237],"floor_reached":10,"playtime":255,"items_purged":[],"score":152,"play_id":"6ba4ed28-6dde-4043-a999-c9486cea1e74","local_time":"20190716170624","is_ascension_mode":true,"campfire_choices":[{"floor":7,"key":"REST"}],"neow_cost":"CURSE","seed_source_timestamp":314803128764800,"circlet_count":0,"master_deck":["AscendersBane","Strike_R","Strike_R+1","Strike_R","Strike_R","Strike_R","Defend_R","Defend_R","Defend_R+1","Defend_R","Bash","Clumsy","Demon Form","Reckless Charge","Limit Break+1","Whirlwind"],"relics":["Burning Blood","Omamori","Toxic Egg 2","Tiny Chest","Orichalcum"],"potions_floor_usage":[6,6,10],"damage_taken":[{"damage":10,"enemies":"Small Slimes","floor":1,"turns":4},{"damage":0,"enemies":"2 Louse","floor":3,"turns":4},{"damage":2,"enemies":"Jaw Worm","floor":5,"turns":3},{"damage":32,"enemies":"Gremlin Nob","floor":6,"turns":4},{"damage":27,"enemies":"Lagavulin","floor":8,"turns":6},{"damage":2,"enemies":"Exordium Wildlife","floor":10,"turns":3}],"seed_played":"-576976319200216466","potions_obtained":[{"floor":3,"key":"SteroidPotion"},{"floor":5,"key":"LiquidBronze"},{"floor":8,"key":"Block Potion"}],"is_trial":false,"path_per_floor":["M","?","M","?","M","E","R","E","T","M"],"character_chosen":"IRONCLAD","items_purchased":[],"campfire_rested":1,"item_purchase_floors":[],"current_hp_per_floor":[64,41,47,29,33,7,29,8,8,6],"gold":237,"neow_bonus":"THREE_RARE_CARDS","is_prod":false,"is_daily":false,"chose_seed":false,"campfire_upgraded":0,"win_rate":0,"timestamp":1563264384,"path_taken":["M","?","M","?","M","E","R","E","T","M"],"build_version":"2019-07-05","purchased_purges":0,"victory":false,"max_hp_per_floor":[75,75,75,75,75,75,75,75,75,75],"card_choices":[{"not_picked":["Barricade","Berserk"],"picked":"Demon Form","floor":0},{"not_picked":["Searing Blow","Flex","Bloodletting"],"picked":"SKIP","floor":1},{"not_picked":["Fire Breathing","Heavy Blade","Wild Strike"],"picked":"SKIP","floor":3},{"not_picked":["Pommel Strike","Wild Strike"],"picked":"Reckless Charge","floor":5},{"not_picked":["Perfected Strike","Warcry"],"picked":"Limit Break","floor":6},{"not_picked":["Dark Embrace","Combust"],"picked":"Whirlwind","floor":8}],"player_experience":1061243,"relics_obtained":[{"floor":6,"key":"Toxic Egg 2"},{"floor":8,"key":"Tiny Chest"},{"floor":9,"key":"Orichalcum"}],"event_choices":[{"damage_healed":0,"gold_gain":0,"player_choice":"Entered Light","damage_taken":23,"max_hp_gain":0,"max_hp_loss":0,"event_name":"Shining Light","floor":2,"gold_loss":0,"cards_upgraded":["Strike_R","Defend_R"]},{"damage_healed":0,"gold_gain":0,"player_choice":"Success","damage_taken":18,"relics_obtained":["Omamori"],"max_hp_gain":0,"max_hp_loss":0,"event_name":"Scrap Ooze","floor":4,"gold_loss":0}],"is_beta":false,"boss_relics":[],"items_purged_floors":[],"is_endless":false,"potions_floor_spawned":[3,5,8],"killed_by":"Exordium Wildlife","ascension_level":20}