{"gold_per_floor":[113,113,113,38,52,79,79,106,132,147,147,147,171,171,171,243,243,259,259,259,259,64,97,97,112,112,112,162,162,162,162,162,162],"floor_reached":33,"playtime":853,"items_purged":["Strike_R","Strike_R"],"score":530,"play_id":"952592a3-a81a-4de6-a0de-7ee37fa31b40","local_time":"20190610152410","is_ascension_mode":true,"campfire_choices":[{"data":"Demon Form","floor":7,"key":"SMITH"},{"floor":12,"key":"REST"},{"data":"Shockwave","floor":15,"key":"SMITH"},{"data":"Limit Break","floor":24,"key":"SMITH"},{"data":"Flame Barrier","floor":27,"key":"SMITH"},{"data":"Barricade","floor":30,"key":"SMITH"},{"data":"Enlightenment","floor":32,"key":"SMITH"}],"neow_cost":"NONE","seed_source_timestamp":178018454914300,"circlet_count":0,"master_deck":["AscendersBane","Strike_R","Defend_R+1","Defend_R+1","Defend_R+1","Defend_R+1","Bash","Demon Form+1","Pommel Strike","Whirlwind","Shockwave+1","Disarm","Barricade+1","Flame Barrier+1","Enlightenment+1","Limit Break+1","Doubt"],"relics":["Burning Blood","War Paint","Paper Frog","Juzu Bracelet","Odd Mushroom","Letter Opener","Cursed Key","GremlinMask","Mummified Hand"],"potions_floor_usage":[6,10,16,33],"damage_taken":[{"damage":12,"enemies":"2 Louse","floor":1,"turns":3},{"damage":14,"enemies":"Jaw Worm","floor":5,"turns":4},{"damage":31,"enemies":"Gremlin Nob","floor":6,"turns":4},{"damage":28,"enemies":"Lagavulin","floor":8,"turns":8},{"damage":0,"enemies":"Cultist","floor":10,"turns":3},{"damage":18,"enemies":"The Mushroom Lair","floor":13,"turns":3},{"damage":12,"enemies":"Hexaghost","floor":16,"turns":9},{"damage":16,"enemies":"Spheric Guardian","floor":18,"turns":5},{"damage":9,"enemies":"Book of Stabbing","floor":23,"turns":7},{"damage":0,"enemies":"3 Byrds","floor":25,"turns":5},{"damage":58,"enemies":"Automaton","floor":33,"turns":14}],"seed_played":"-4090253943677431205","potions_obtained":[{"floor":5,"key":"Fire Potion"},{"floor":10,"key":"Fruit Juice"},{"floor":13,"key":"SkillPotion"},{"floor":25,"key":"Energy Potion"}],"is_trial":false,"path_per_floor":["M","?","?","$","M","E","R","E","T","M","?","R","?","T","R","B",null,"M","?","?","?","$","E","R","M","T","R","?","T","R","?","R","B"],"character_chosen":"IRONCLAD","items_purchased":["Enlightenment"],"campfire_rested":1,"item_purchase_floors":[22],"current_hp_per_floor":[62,55,75,75,67,42,42,20,20,31,7,31,19,19,19,13,63,53,53,53,53,53,50,50,56,56,56,56,56,56,56,56,0],"gold":162,"neow_bonus":"ONE_RANDOM_RARE_CARD","is_prod":false,"is_daily":false,"chose_seed":false,"campfire_upgraded":6,"win_rate":0,"timestamp":1560147850,"path_taken":["M","?","?","$","?","E","R","E","T","M","?","R","?","?","R","BOSS","M","?","?","?","$","E","R","M","T","R","?","?","R","?","R","BOSS"],"build_version":"2019-01-23","purchased_purges":2,"victory":false,"max_hp_per_floor":[75,75,75,75,75,75,75,75,75,80,80,80,80,80,80,80,80,80,80,80,80,80,80,80,80,80,80,80,80,80,80,80,80],"card_choices":[{"not_picked":["Infernal Blade","Havoc"],"picked":"Pommel Strike","floor":1},{"not_picked":["Havoc","Flex","Headbutt"],"picked":"SKIP","floor":5},{"not_picked":["Sword Boomerang","Pommel Strike"],"picked":"Whirlwind","floor":6},{"not_picked":["Havoc","Fiend Fire"],"picked":"Shockwave","floor":8},{"not_picked":["Pummel","Armaments","Havoc"],"picked":"SKIP","floor":10},{"not_picked":["Rampage","Uppercut"],"picked":"Disarm","floor":13},{"not_picked":["Bludgeon","Exhume"],"picked":"Barricade","floor":16},{"not_picked":["Reckless Charge","Pommel Strike","Thunderclap"],"picked":"SKIP","floor":18},{"not_picked":["Power Through","Immolate"],"picked":"Limit Break","floor":23},{"not_picked":["Pommel Strike+1","Dropkick","Anger"],"picked":"SKIP","floor":25}],"player_experience":549979,"relics_obtained":[{"floor":6,"key":"War Paint"},{"floor":8,"key":"Paper Frog"},{"floor":9,"key":"Juzu Bracelet"},{"floor":13,"key":"Odd Mushroom"},{"floor":14,"key":"Letter Opener"},{"floor":23,"key":"Mummified Hand"}],"event_choices":[{"cards_removed":["Strike_R"],"damage_healed":0,"gold_gain":0,"player_choice":"Card Removal","damage_taken":7,"max_hp_gain":0,"max_hp_loss":0,"event_name":"Golden Wing","floor":2,"gold_loss":0},{"damage_healed":25,"gold_gain":0,"player_choice":"Banana","damage_taken":0,"max_hp_gain":0,"max_hp_loss":0,"event_name":"Big Fish","floor":3,"gold_loss":0},{"damage_healed":0,"gold_gain":0,"player_choice":"Entered Light","damage_taken":24,"max_hp_gain":0,"max_hp_loss":0,"event_name":"Shining Light","floor":11,"gold_loss":0,"cards_upgraded":["Defend_R","Defend_R"]},{"damage_healed":0,"gold_gain":0,"player_choice":"Fought Mushrooms","damage_taken":0,"max_hp_gain":0,"max_hp_loss":0,"event_name":"Mushrooms","floor":13,"gold_loss":0},{"damage_healed":0,"gold_gain":0,"player_choice":"Read","damage_taken":0,"max_hp_gain":0,"max_hp_loss":0,"event_name":"The Library","floor":19,"gold_loss":0,"cards_obtained":["Flame Barrier"]},{"damage_healed":0,"gold_gain":0,"player_choice":"Trade","damage_taken":0,"relics_obtained":["GremlinMask"],"max_hp_gain":0,"max_hp_loss":0,"event_name":"FaceTrader","floor":20,"gold_loss":0},{"cards_removed":["Strike_R"],"damage_healed":0,"gold_gain":0,"player_choice":"Elegance","damage_taken":0,"max_hp_gain":0,"max_hp_loss":0,"event_name":"Back to Basics","floor":21,"gold_loss":0},{"damage_healed":0,"gold_gain":50,"player_choice":"Stole From Cult","damage_taken":0,"max_hp_gain":0,"max_hp_loss":0,"event_name":"Nest","floor":28,"gold_loss":0},{"damage_healed":0,"gold_gain":0,"player_choice":"Ignored","damage_taken":0,"max_hp_gain":0,"max_hp_loss":0,"event_name":"The Mausoleum","floor":31,"gold_loss":0}],"is_beta":false,"boss_relics":[{"not_picked":["Runic Pyramid","Black Star"],"picked":"Cursed Key"}],"items_purged_floors":[4,22],"is_endless":false,"potions_floor_spawned":[5,10,13,25],"killed_by":"Automaton","ascension_level":20}