{"gold_per_floor":[116,41,54,54,64,64,64,64,64,77,77,112,122,452,452,529,529,543,543,543,554,43,43,54,54,54,88,100,100,100,125,125,198,198,215,215,232,249,264,289,289,324,347,272,272,288,288,300,300,300,300,300,300,34,68,68],"floor_reached":57,"playtime":2818,"items_purged":["Perfected Strike","True Grit"],"score":3445,"play_id":"a747268d-507e-44bc-9e7a-1538c5a4415a","local_time":"20190614152724","is_ascension_mode":true,"campfire_choices":[{"data":"Inflame","floor":6,"key":"SMITH"},{"data":"Bash","floor":11,"key":"SMITH"},{"data":"Barricade","floor":15,"key":"SMITH"},{"data":"Pommel Strike","floor":23,"key":"SMITH"},{"floor":25,"key":"REST"},{"data":"Dark Embrace","floor":32,"key":"SMITH"},{"floor":41,"key":"RECALL"},{"data":"Shrug It Off","floor":49,"key":"SMITH"},{"floor":53,"key":"REST"}],"neow_cost":"NONE","seed_source_timestamp":868188076300,"circlet_count":0,"master_deck":["AscendersBane","Inflame+1","Sword Boomerang","Spot Weakness","Pommel Strike+1","Barricade+1","Offering","Dark Embrace+1","Offering","Metallicize","Rupture","Second Wind","Deep Breath","Evolve","Rage","Shrug It Off+1","Offering"],"relics":["Burning Blood","NeowsBlessing","Sundial","Dodecahedron","Old Coin","Pandora\u0027s Box","Nilry\u0027s Codex","Art of War","Gambling Chip","Singing Bowl","Bag of Preparation","Thread and Needle","Runic Cube","Red Skull","Kunai","Centennial Puzzle","Pocketwatch"],"potions_floor_usage":[14,21,21,24,56,56],"damage_taken":[{"damage":0,"enemies":"Small Slimes","floor":1,"turns":1},{"damage":0,"enemies":"Jaw Worm","floor":3,"turns":1},{"damage":0,"enemies":"Cultist","floor":5,"turns":1},{"damage":11,"enemies":"3 Louse","floor":10,"turns":4},{"damage":20,"enemies":"Lagavulin","floor":12,"turns":5},{"damage":18,"enemies":"Large Slime","floor":13,"turns":3},{"damage":8,"enemies":"Gremlin Nob","floor":14,"turns":3},{"damage":34,"enemies":"The Guardian","floor":16,"turns":9},{"damage":16,"enemies":"Spheric Guardian","floor":18,"turns":3},{"damage":21,"enemies":"2 Thieves","floor":21,"turns":3},{"damage":6,"enemies":"Snecko","floor":24,"turns":3},{"damage":6,"enemies":"Book of Stabbing","floor":27,"turns":2},{"damage":6,"enemies":"Centurion and Healer","floor":28,"turns":1},{"damage":6,"enemies":"Gremlin Leader","floor":31,"turns":2},{"damage":12,"enemies":"Champ","floor":33,"turns":3},{"damage":12,"enemies":"3 Shapes","floor":35,"turns":2},{"damage":12,"enemies":"3 Darklings","floor":37,"turns":1},{"damage":6,"enemies":"Writhing Mass","floor":38,"turns":2},{"damage":12,"enemies":"4 Shapes","floor":39,"turns":2},{"damage":6,"enemies":"Giant Head","floor":40,"turns":1},{"damage":12,"enemies":"Nemesis","floor":42,"turns":1},{"damage":6,"enemies":"Jaw Worm Horde","floor":46,"turns":2},{"damage":6,"enemies":"Writhing Mass","floor":48,"turns":2},{"damage":12,"enemies":"Time Eater","floor":50,"turns":8},{"damage":12,"enemies":"Awakened One","floor":51,"turns":3},{"damage":6,"enemies":"Shield and Spear","floor":55,"turns":1},{"damage":25,"enemies":"The Heart","floor":56,"turns":4}],"seed_played":"-6056804043626887365","potions_obtained":[{"floor":1,"key":"Block Potion"},{"floor":5,"key":"Swift Potion"},{"floor":16,"key":"BloodPotion"},{"floor":21,"key":"Ancient Potion"},{"floor":27,"key":"FearPotion"},{"floor":38,"key":"EssenceOfSteel"},{"floor":40,"key":"EssenceOfSteel"}],"is_trial":false,"path_per_floor":["M","?","M","?","M","R","?","?","T","M","R","E","M","E","R","B",null,"M","?","?","M","$","R","M","R","T","E","M","?","?","E","R","B",null,"M","?","M","M","M","E","R","E","T","$","?","M","?","M","R","B","B",null,"R","$","E","B",null],"character_chosen":"IRONCLAD","items_purchased":["Gambling Chip","Deep Breath","Rage","Centennial Puzzle"],"campfire_rested":2,"item_purchase_floors":[22,22,44,54],"current_hp_per_floor":[74,74,75,80,80,80,80,80,80,75,75,61,49,47,47,19,65,55,34,34,27,27,27,27,51,51,53,55,55,55,57,57,51,77,88,75,90,92,94,96,96,98,98,98,98,100,100,100,100,94,88,97,100,100,100,81],"gold":68,"neow_bonus":"THREE_ENEMY_KILL","is_prod":false,"is_daily":false,"chose_seed":false,"campfire_upgraded":6,"win_rate":0,"timestamp":1560493644,"path_taken":["M","?","M","?","M","R","?","?","T","?","R","E","M","E","R","BOSS","M","?","?","M","$","R","?","R","T","E","M","?","?","E","R","BOSS","M","?","?","M","?","E","R","E","T","$","?","M","?","M","R","BOSS","BOSS","R","$","E","BOSS"],"build_version":"2019-01-23","purchased_purges":2,"victory":true,"max_hp_per_floor":[75,75,75,80,80,80,80,80,80,80,80,80,80,80,80,80,80,80,80,80,80,80,80,80,80,80,82,84,84,84,86,86,86,86,88,88,90,92,94,96,96,98,98,98,98,100,100,100,100,100,100,100,100,100,100,100],"card_choices":[{"not_picked":["Spot Weakness","Flex"],"picked":"Inflame","floor":1},{"not_picked":["Armaments","Warcry"],"picked":"Sword Boomerang","floor":3},{"not_picked":["Entrench","Iron Wave"],"picked":"Sword Boomerang","floor":5},{"not_picked":["Flex","Iron Wave","Headbutt"],"picked":"SKIP","floor":10},{"not_picked":["Cleave","Bloodletting"],"picked":"Spot Weakness","floor":12},{"not_picked":["Clash","Combust"],"picked":"Pommel Strike","floor":13},{"not_picked":["Clash","Spot Weakness"],"picked":"Barricade","floor":14},{"not_picked":["Brutality","Double Tap"],"picked":"Offering","floor":16},{"not_picked":["Anger","Thunderclap","Heavy Blade"],"picked":"SKIP","floor":18},{"not_picked":["Iron Wave","Perfected Strike","Combust"],"picked":"SKIP","floor":21},{"not_picked":["Twin Strike","Anger","Barricade"],"picked":"SKIP","floor":24},{"not_picked":["Anger","Armaments","Clothesline"],"picked":"Singing Bowl","floor":27},{"not_picked":["Twin Strike","True Grit","Second Wind+1"],"picked":"Singing Bowl","floor":28},{"not_picked":["Armaments","Pommel Strike","Iron Wave"],"picked":"Singing Bowl","floor":31},{"not_picked":["Double Tap","Brutality"],"picked":"Reaper","floor":33},{"not_picked":["Flame Barrier","Seeing Red","Thunderclap"],"picked":"Singing Bowl","floor":35},{"not_picked":["Heavy Blade+1","Corruption","Perfected Strike"],"picked":"Singing Bowl","floor":37},{"not_picked":["Seeing Red","Twin Strike","Burning Pact"],"picked":"Singing Bowl","floor":38},{"not_picked":["Clothesline","Iron Wave","Carnage+1"],"picked":"Singing Bowl","floor":39},{"not_picked":["Intimidate","Heavy Blade","Rampage"],"picked":"Singing Bowl","floor":40},{"not_picked":["Body Slam+1","Iron Wave","Seeing Red"],"picked":"Singing Bowl","floor":42},{"not_picked":["Battle Trance","Clash","Twin Strike"],"picked":"Singing Bowl","floor":46},{"not_picked":["Limit Break","Body Slam+1"],"picked":"Shrug It Off","floor":48},{"not_picked":["Warcry","Perfected Strike"],"picked":"Offering","floor":55}],"player_experience":646083,"relics_obtained":[{"floor":9,"key":"Sundial"},{"floor":12,"key":"Dodecahedron"},{"floor":14,"key":"Old Coin"},{"floor":19,"key":"Nilry\u0027s Codex"},{"floor":26,"key":"Singing Bowl"},{"floor":27,"key":"Bag of Preparation"},{"floor":31,"key":"Thread and Needle"},{"floor":40,"key":"Red Skull"},{"floor":42,"key":"Kunai"},{"floor":55,"key":"Pocketwatch"}],"event_choices":[{"cards_removed":["Strike_R"],"damage_healed":0,"gold_gain":0,"player_choice":"Card Removal","damage_taken":0,"max_hp_gain":0,"max_hp_loss":0,"event_name":"The Cleric","floor":2,"gold_loss":75},{"damage_healed":0,"gold_gain":0,"player_choice":"Donut","damage_taken":0,"max_hp_gain":5,"max_hp_loss":0,"event_name":"Big Fish","floor":4,"gold_loss":0},{"damage_healed":0,"gold_gain":0,"player_choice":"Ignored","damage_taken":0,"max_hp_gain":0,"max_hp_loss":0,"event_name":"Liars Game","floor":7,"gold_loss":0},{"cards_removed":["Strike_R"],"damage_healed":0,"gold_gain":0,"player_choice":"Purged","damage_taken":0,"max_hp_gain":0,"max_hp_loss":0,"event_name":"Purifier","floor":8,"gold_loss":0},{"damage_healed":0,"gold_gain":0,"player_choice":"Obtained Book","damage_taken":21,"max_hp_gain":0,"max_hp_loss":0,"event_name":"Cursed Tome","floor":19,"gold_loss":0},{"cards_removed":["Sword Boomerang"],"damage_healed":0,"gold_gain":0,"player_choice":"Gave Card","damage_taken":0,"relics_obtained":["Art of War"],"max_hp_gain":0,"max_hp_loss":0,"event_name":"WeMeetAgain","floor":20,"gold_loss":0},{"damage_healed":0,"gold_gain":0,"player_choice":"Read","damage_taken":0,"max_hp_gain":0,"max_hp_loss":0,"event_name":"The Library","floor":29,"gold_loss":0,"cards_obtained":["Evolve"]},{"cards_removed":["Bash"],"damage_healed":0,"gold_gain":0,"player_choice":"Elegance","damage_taken":0,"max_hp_gain":0,"max_hp_loss":0,"event_name":"Back to Basics","floor":30,"gold_loss":0},{"damage_healed":0,"gold_gain":0,"player_choice":"Damaged","damage_taken":13,"max_hp_gain":0,"max_hp_loss":0,"event_name":"Wheel of Change","floor":36,"gold_loss":0},{"damage_healed":0,"gold_gain":0,"player_choice":"Ignored","damage_taken":0,"max_hp_gain":0,"max_hp_loss":0,"event_name":"Tomb of Lord Red Mask","floor":45,"gold_loss":0},{"cards_removed":["Reaper"],"damage_healed":0,"gold_gain":0,"player_choice":"Removed Attack","damage_taken":0,"max_hp_gain":0,"max_hp_loss":0,"event_name":"Falling","floor":47,"gold_loss":0}],"is_beta":false,"boss_relics":[{"not_picked":["Fusion Hammer","Cursed Key"],"picked":"Pandora\u0027s Box"},{"not_picked":["White Beast Statue","Black Blood"],"picked":"Runic Cube"}],"items_purged_floors":[22,54],"is_endless":false,"potions_floor_spawned":[1,5,16,21,27,38,39,40,46,55],"ascension_level":20}