{"gold_per_floor":[115,131,131,151,21,21,47,91,143,143,93,133,58,133,133,224,224,243,243],"floor_reached":19,"playtime":538,"items_purged":[],"score":346,"play_id":"8a22cdd8-ca9d-4cfe-8264-e28288e3fcef","local_time":"20190622191848","is_ascension_mode":true,"campfire_choices":[{"data":"Static Discharge","floor":6,"key":"SMITH"},{"data":"Capacitor","floor":15,"key":"SMITH"}],"neow_cost":"TEN_PERCENT_HP_LOSS","seed_source_timestamp":20639795508600,"circlet_count":0,"master_deck":["AscendersBane","Strike_B","Strike_B","Strike_B","Defend_B","Defend_B","Defend_B","Defend_B","Zap","Dualcast","Electrodynamics","Coolheaded","Static Discharge+1","Cold Snap","Capacitor+1","Echo Form","Barrage","Double Energy","Rainbow","Cold Snap"],"relics":["Cracked Core","Golden Idol","Centennial Puzzle","Potion Belt","PreservedInsect","Oddly Smooth Stone","Pear","White Beast Statue"],"potions_floor_usage":[16,16,19],"damage_taken":[{"damage":0,"enemies":"Cultist","floor":1,"turns":3},{"damage":4,"enemies":"Jaw Worm","floor":2,"turns":4},{"damage":0,"enemies":"Small Slimes","floor":4,"turns":3},{"damage":14,"enemies":"3 Sentries","floor":8,"turns":3},{"damage":8,"enemies":"Gremlin Nob","floor":12,"turns":3},{"damage":10,"enemies":"Hexaghost","floor":16,"turns":5},{"damage":21,"enemies":"Spheric Guardian","floor":18,"turns":3},{"damage":42,"enemies":"Masked Bandits","floor":19,"turns":3}],"seed_played":"3067027376436609686","potions_obtained":[{"floor":2,"key":"Strength Potion"},{"floor":4,"key":"Swift Potion"},{"floor":18,"key":"PowerPotion"}],"is_trial":false,"path_per_floor":["M","M","?","M","$","R","T","E","T","?","$","E","?","?","R","B",null,"M","?"],"character_chosen":"DEFECT","items_purchased":["Cold Snap","Capacitor","Barrage"],"campfire_rested":0,"item_purchase_floors":[5,5,11],"current_hp_per_floor":[64,60,58,58,58,58,58,44,44,26,26,28,28,17,17,7,53,32,0],"gold":243,"neow_bonus":"THREE_RARE_CARDS","is_prod":false,"is_daily":false,"chose_seed":false,"campfire_upgraded":2,"win_rate":0,"timestamp":1561198728,"path_taken":["M","?","?","M","$","R","?","E","T","?","?","E","?","?","R","BOSS","M","?"],"build_version":"2019-01-23","purchased_purges":0,"victory":false,"max_hp_per_floor":[64,64,58,58,58,58,58,58,58,58,58,68,68,68,68,68,68,68,68],"card_choices":[{"not_picked":["Biased Cognition","Creative AI"],"picked":"Electrodynamics","floor":0},{"not_picked":["Gash","Streamline","Force Field"],"picked":"SKIP","floor":1},{"not_picked":["Compile Driver","Steam"],"picked":"Coolheaded","floor":2},{"not_picked":["Steam","Stack"],"picked":"Static Discharge","floor":4},{"not_picked":["Coolheaded","Beam Cell"],"picked":"Echo Form","floor":8},{"not_picked":["Scrape","Gash"],"picked":"Double Energy","floor":12},{"not_picked":["Amplify","Fission"],"picked":"Rainbow","floor":16},{"not_picked":["Undo","Doom and Gloom"],"picked":"Cold Snap","floor":18}],"player_experience":754692,"relics_obtained":[{"floor":7,"key":"Centennial Puzzle"},{"floor":8,"key":"Potion Belt"},{"floor":9,"key":"PreservedInsect"},{"floor":12,"key":"Pear"}],"event_choices":[{"damage_healed":0,"gold_gain":0,"player_choice":"Lose Max HP","damage_taken":0,"relics_obtained":["Golden Idol"],"max_hp_gain":0,"max_hp_loss":6,"event_name":"Golden Idol","floor":3,"gold_loss":0},{"damage_healed":0,"gold_gain":0,"player_choice":"Success","damage_taken":18,"relics_obtained":["Oddly Smooth Stone"],"max_hp_gain":0,"max_hp_loss":0,"event_name":"Scrap Ooze","floor":10,"gold_loss":0},{"cards_removed":["Strike_B"],"damage_healed":0,"gold_gain":0,"player_choice":"Card Removal","damage_taken":0,"max_hp_gain":0,"max_hp_loss":0,"event_name":"The Cleric","floor":13,"gold_loss":75},{"damage_healed":0,"gold_gain":75,"player_choice":"Gather Gold","damage_taken":11,"max_hp_gain":0,"max_hp_loss":0,"event_name":"World of Goop","floor":14,"gold_loss":0},{"damage_healed":0,"gold_gain":0,"player_choice":"Fought Bandits","damage_taken":0,"max_hp_gain":0,"max_hp_loss":0,"event_name":"Masked Bandits","floor":19,"gold_loss":0}],"is_beta":false,"boss_relics":[{"not_picked":["FrozenCore","Eternal Feather"],"picked":"White Beast Statue"}],"items_purged_floors":[],"is_endless":false,"potions_floor_spawned":[2,4,18],"killed_by":"Masked Bandits","ascension_level":20}