{"gold_per_floor":[113,113,263,7,22,22,40,40,90,123,139,170,181,199,199,270,270,280,205,217,16,16,16,32,57,57,75,75,13,13,13,13,13],"floor_reached":33,"playtime":1325,"items_purged":["Doubt","Blood for Blood"],"score":650,"play_id":"2b350d5d-629a-4835-9a2a-158d92bfbedb","local_time":"20190730190146","is_ascension_mode":true,"campfire_choices":[{"data":"Wild Strike","floor":6,"key":"SMITH"},{"floor":15,"key":"REST"},{"data":"1","floor":23,"key":"LIFT"},{"data":"2","floor":28,"key":"LIFT"},{"floor":32,"key":"REST"}],"neow_cost":"NONE","seed_source_timestamp":962449776210900,"circlet_count":0,"master_deck":["AscendersBane","Defend_R","Defend_R","Defend_R","Defend_R","Bash","Infernal Blade+1","Evolve+1","Wild Strike+1","Battle Trance","Headbutt","Anger","Power Through","Reaper","Seeing Red","Shrug It Off+1","Flex+1","Spot Weakness+1","Impervious+1","Armaments+1","Shockwave+1"],"relics":["Astrolabe","Membership Card","Centennial Puzzle","Matryoshka","Girya","Runic Dome","Toxic Egg 2","Juzu Bracelet","Blood Vial","Pen Nib","Enchiridion"],"potions_floor_usage":[12,14,14,16,25,25,33],"damage_taken":[{"damage":10,"enemies":"Small Slimes","floor":1,"turns":5},{"damage":9,"enemies":"Jaw Worm","floor":5,"turns":4},{"damage":0,"enemies":"Cultist","floor":7,"turns":3},{"damage":30,"enemies":"Lagavulin","floor":10,"turns":7},{"damage":6,"enemies":"Blue Slaver","floor":11,"turns":4},{"damage":10,"enemies":"Gremlin Nob","floor":12,"turns":3},{"damage":4,"enemies":"Red Slaver","floor":13,"turns":3},{"damage":8,"enemies":"Large Slime","floor":14,"turns":5},{"damage":0,"enemies":"Slime Boss","floor":16,"turns":6},{"damage":15,"enemies":"3 Byrds","floor":18,"turns":7},{"damage":12,"enemies":"Chosen","floor":20,"turns":3},{"damage":11,"enemies":"Sentry and Sphere","floor":24,"turns":4},{"damage":11,"enemies":"Book of Stabbing","floor":25,"turns":4},{"damage":26,"enemies":"Shelled Parasite and Fungi","floor":27,"turns":4},{"damage":58,"enemies":"Automaton","floor":33,"turns":8}],"seed_played":"7082959631508493144","potions_obtained":[{"floor":10,"key":"Weak Potion"},{"floor":12,"key":"Regen Potion"},{"floor":13,"key":"Weak Potion"},{"floor":14,"key":"Poison Potion"},{"floor":20,"key":"Block Potion"},{"floor":27,"key":"Dexterity Potion"}],"is_trial":false,"path_per_floor":["M","?","?","$","M","R","M","?","T","E","M","E","M","M","R","B",null,"M","?","M","$","?","R","M","E","T","M","R","$","?","?","R","B"],"character_chosen":"IRONCLAD","items_purchased":["Membership Card","Toxic Egg 2","Shrug It Off+1","Flex+1","Fire Potion","Armaments+1"],"campfire_rested":2,"item_purchase_floors":[4,21,21,21,21,29],"current_hp_per_floor":[58,75,75,75,66,66,66,66,66,36,30,20,16,22,44,44,67,58,58,50,50,50,50,48,46,46,54,54,54,33,33,55,0],"gold":13,"neow_bonus":"BOSS_RELIC","is_prod":false,"is_daily":false,"chose_seed":false,"campfire_upgraded":1,"win_rate":0,"timestamp":1564480906,"path_taken":["M","?","?","$","M","R","M","?","T","E","?","E","M","M","R","BOSS","M","?","M","$","?","R","?","E","T","M","R","$","?","?","R","BOSS"],"build_version":"2019-07-17","purchased_purges":2,"victory":false,"max_hp_per_floor":[75,75,75,75,75,75,75,75,75,75,75,75,75,75,75,75,75,75,75,75,75,75,75,75,75,75,75,75,75,75,75,75,75],"card_choices":[{"not_picked":["Twin Strike","Reckless Charge"],"picked":"Wild Strike","floor":1},{"not_picked":["Armaments","Clash","Evolve"],"picked":"SKIP","floor":5},{"not_picked":["Shrug It Off","Clash"],"picked":"Battle Trance","floor":7},{"not_picked":["Sever Soul","Blood for Blood","Cleave"],"picked":"SKIP","floor":10},{"not_picked":["Brutality","Sever Soul"],"picked":"Anger","floor":11},{"not_picked":["Heavy Blade","True Grit"],"picked":"Power Through","floor":12},{"not_picked":["Havoc","Body Slam","Corruption"],"picked":"SKIP","floor":13},{"not_picked":["Warcry","Rampage","Pommel Strike"],"picked":"SKIP","floor":14},{"not_picked":["Berserk","Offering"],"picked":"Reaper","floor":16},{"not_picked":["Burning Pact","Pommel Strike"],"picked":"Seeing Red","floor":18},{"not_picked":["Battle Trance","Sentinel","Intimidate"],"picked":"SKIP","floor":20},{"not_picked":["Sword Boomerang","Rampage","Infernal Blade+1"],"picked":"SKIP","floor":24},{"not_picked":["Perfected Strike","Fire Breathing"],"picked":"Spot Weakness+1","floor":25},{"not_picked":["Thunderclap","Headbutt"],"picked":"Impervious+1","floor":27}],"player_experience":1304346,"relics_obtained":[{"floor":9,"key":"Centennial Puzzle"},{"floor":10,"key":"Matryoshka"},{"floor":12,"key":"Girya"},{"floor":25,"key":"Juzu Bracelet"},{"floor":26,"key":"Blood Vial"},{"floor":26,"key":"Pen Nib"},{"floor":30,"key":"Enchiridion"}],"event_choices":[{"damage_healed":25,"gold_gain":0,"player_choice":"Banana","damage_taken":0,"max_hp_gain":0,"max_hp_loss":0,"event_name":"Big Fish","floor":2,"gold_loss":0},{"damage_healed":0,"gold_gain":150,"player_choice":"AGREE","damage_taken":0,"max_hp_gain":0,"max_hp_loss":0,"event_name":"Liars Game","floor":3,"gold_loss":0,"cards_obtained":["Doubt"]},{"damage_healed":0,"gold_gain":0,"cards_transformed":["Strike_R"],"player_choice":"Change","damage_taken":0,"max_hp_gain":0,"max_hp_loss":0,"event_name":"Living Wall","floor":8,"gold_loss":0,"cards_obtained":["Headbutt"]},{"cards_removed":["Strike_R"],"damage_healed":0,"gold_gain":0,"player_choice":"Gave Gold","damage_taken":0,"max_hp_gain":0,"max_hp_loss":0,"event_name":"Beggar","floor":19,"gold_loss":75},{"damage_healed":0,"gold_gain":0,"cards_transformed":["Rupture"],"player_choice":"Transformed","damage_taken":0,"max_hp_gain":0,"max_hp_loss":0,"event_name":"Transmorgrifier","floor":22,"gold_loss":0,"cards_obtained":["Blood for Blood"]},{"damage_healed":0,"gold_gain":0,"player_choice":"Obtained Book","damage_taken":21,"max_hp_gain":0,"max_hp_loss":0,"event_name":"Cursed Tome","floor":30,"gold_loss":0},{"damage_healed":0,"gold_gain":0,"player_choice":"Read","damage_taken":0,"max_hp_gain":0,"max_hp_loss":0,"event_name":"The Library","floor":31,"gold_loss":0,"cards_obtained":["Shockwave"]}],"is_beta":false,"boss_relics":[{"not_picked":["Velvet Choker","Snecko Eye"],"picked":"Runic Dome"}],"items_purged_floors":[4,29],"is_endless":false,"potions_floor_spawned":[10,12,13,14,20,24,27],"killed_by":"Automaton","ascension_level":20}