{"gold_per_floor":[119,129,149,149,149,183,183,333,358,41,41,58,84,103,103,103],"floor_reached":16,"playtime":937,"items_purged":["Doubt"],"score":204,"play_id":"1f44d961-6691-4b3a-8f6b-ab730f001293","local_time":"20190516232554","is_ascension_mode":true,"campfire_choices":[{"floor":7,"key":"REST"},{"floor":15,"key":"REST"}],"neow_cost":"NONE","seed_source_timestamp":390657865014093,"circlet_count":0,"master_deck":["AscendersBane","Defend_G","Defend_G","Defend_G","Defend_G","Defend_G","Strike_G","Strike_G","Strike_G","Strike_G","Strike_G","Survivor","Neutralize","Endless Agony","Poisoned Stab","Dagger Spray","PiercingWail","Terror","PiercingWail","Backstab"],"relics":["Ring of the Snake","Happy Flower","Juzu Bracelet","Centennial Puzzle","Omamori","Ancient Tea Set","Nunchaku"],"potions_floor_usage":[16,16],"damage_taken":[{"damage":1,"enemies":"Jaw Worm","floor":1,"turns":5},{"damage":0,"enemies":"2 Louse","floor":2,"turns":3},{"damage":0,"enemies":"Small Slimes","floor":3,"turns":2},{"damage":55,"enemies":"Gremlin Nob","floor":6,"turns":6},{"damage":2,"enemies":"Blue Slaver","floor":12,"turns":2},{"damage":17,"enemies":"3 Sentries","floor":13,"turns":11},{"damage":1,"enemies":"Red Slaver","floor":14,"turns":3},{"damage":22,"enemies":"Hexaghost","floor":16,"turns":12}],"seed_played":"-5360568326032928748","potions_obtained":[{"floor":3,"key":"SpeedPotion"},{"floor":13,"key":"Ancient Potion"}],"is_trial":false,"path_per_floor":["M","M","M","?","$","E","R","?","T","$","?","M","E","M","R","B"],"character_chosen":"THE_SILENT","items_purchased":["Terror","Omamori"],"campfire_rested":2,"item_purchase_floors":[10,10],"current_hp_per_floor":[58,58,58,58,58,3,22,22,22,22,22,20,3,2,21,0],"gold":103,"neow_bonus":"RANDOM_COMMON_RELIC","is_prod":false,"is_daily":false,"chose_seed":false,"campfire_upgraded":0,"win_rate":0,"timestamp":1558041954,"path_taken":["M","M","M","?","$","E","R","?","T","$","?","M","E","M","R","BOSS"],"build_version":"2019-01-23","purchased_purges":1,"victory":false,"max_hp_per_floor":[66,66,66,66,66,66,66,66,66,66,66,66,66,66,66,66],"card_choices":[{"not_picked":["Dodge and Roll","Riddle With Holes"],"picked":"Endless Agony","floor":1},{"not_picked":["Catalyst","Dagger Throw"],"picked":"Poisoned Stab","floor":2},{"not_picked":["Deadly Poison","Dagger Throw"],"picked":"Dagger Spray","floor":3},{"not_picked":["Deflect","Dodge and Roll"],"picked":"PiercingWail","floor":6},{"not_picked":["Finisher","Acrobatics"],"picked":"PiercingWail","floor":12},{"not_picked":["Backstab","Bane","PiercingWail"],"picked":"SKIP","floor":13},{"not_picked":["Backflip","Deadly Poison"],"picked":"Backstab","floor":14}],"player_experience":907607,"relics_obtained":[{"floor":6,"key":"Juzu Bracelet"},{"floor":9,"key":"Centennial Puzzle"},{"floor":13,"key":"Nunchaku"}],"event_choices":[{"damage_healed":0,"gold_gain":0,"player_choice":"Leave","damage_taken":0,"max_hp_gain":0,"max_hp_loss":0,"event_name":"The Cleric","floor":4,"gold_loss":0},{"damage_healed":0,"gold_gain":150,"player_choice":"AGREE","damage_taken":0,"max_hp_gain":0,"max_hp_loss":0,"event_name":"Liars Game","floor":8,"gold_loss":0,"cards_obtained":["Doubt"]},{"damage_healed":0,"gold_gain":0,"player_choice":"Box","damage_taken":0,"relics_obtained":["Ancient Tea Set"],"max_hp_gain":0,"max_hp_loss":0,"event_name":"Big Fish","floor":11,"gold_loss":0,"cards_obtained":["Regret"]}],"is_beta":false,"boss_relics":[],"items_purged_floors":[10],"is_endless":false,"potions_floor_spawned":[3,13],"killed_by":"Hexaghost","ascension_level":17}