{"path_per_floor":["M","$","M","$","M","R","M","?","T","?","R","M","M","E","R","B",null,"M","$","?","M","?","E","$","R","T","E","M","M","R","?","R"],"character_chosen":"THE_SILENT","items_purchased":["Apotheosis","Thinking Ahead","Vajra"],"gold_per_floor":[360,76,94,94,106,106,119,119,170,245,245,255,267,299,299,394,394,410,213,138,157,157,192,48,48,102,135,154,166,166,166,166],"floor_reached":33,"campfire_rested":4,"playtime":3947,"current_hp_per_floor":[63,63,63,63,63,63,61,61,61,50,67,67,65,63,63,54,67,57,57,57,56,56,35,35,55,55,55,42,32,52,40,61],"items_purged":["Parasite"],"gold":166,"score":310,"play_id":"3b15de70-4571-4f93-a3c5-e1fa1337e8da","is_prod":false,"is_daily":false,"is_ascension_mode":false,"campfire_upgraded":2,"path_taken":["M","$","M","?","M","R","M","?","T","?","R","M","M","E","R","BOSS","M","$","?","M","?","E","$","R","T","E","M","M","R","?","R","BOSS"],"build_version":"2018-02-08-PROD1","purchased_purges":3,"victory":false,"master_deck":["Defend_G","Defend_G","Defend_G","Defend_G","Strike_G","Strike_G","Strike_G","Strike_G","Strike_G","Survivor","Neutralize+1","Prepared","Apotheosis+1","Infinite Blades","Prepared","Heel Hook","Eviscerate","Storm of Steel","Thinking Ahead","Acrobatics"],"max_hp_per_floor":[70,67,67,67,67,67,67,67,67,67,67,67,67,67,67,67,67,67,67,67,67,67,67,67,67,67,67,67,67,67,72,72],"relics":["Ring of the Snake","Ancient Tea Set","Bottled Flame","Black Star","Toxic Egg 2","Smiling Mask","Vajra","Pen Nib","Orichalcum","Bag of Marbles"],"card_choices":[{"not_picked":["Bane","Deadly Poison"],"picked":"Prepared"},{"not_picked":["Dagger Spray","Masterful Stab"],"picked":"Infinite Blades"},{"not_picked":["Acrobatics","Predator"],"picked":"Prepared"},{"not_picked":["Dodge and Roll","Cloak And Dagger"],"picked":"Heel Hook"},{"not_picked":["Dagger Throw","Catalyst"],"picked":"Eviscerate"},{"not_picked":["Wraith Form","Die Die Die"],"picked":"Storm of Steel"},{"not_picked":["Deadly Poison","Poisoned Stab"],"picked":"Acrobatics"}],"player_experience":131286,"potions_floor_usage":[16,21,23,23,28,29],"damage_taken":[{"damage":7,"enemies":"Blue Slaver","floor":1,"turns":7},{"damage":0,"enemies":"Cultist","floor":3,"turns":4},{"damage":0,"enemies":"Small Slimes","floor":5,"turns":4},{"damage":2,"enemies":"Looter","floor":7,"turns":4},{"damage":0,"enemies":"2 Fungi Beasts","floor":12,"turns":3},{"damage":2,"enemies":"3 Louse","floor":13,"turns":4},{"damage":2,"enemies":"Lagavulin","floor":14,"turns":7},{"damage":21,"enemies":"Slime Boss","floor":16,"turns":8},{"damage":10,"enemies":"Shell Parasite","floor":18,"turns":7},{"damage":1,"enemies":"Chosen","floor":21,"turns":6},{"damage":21,"enemies":"Slavers","floor":23,"turns":5},{"damage":0,"enemies":"Gremlin Leader","floor":27,"turns":6},{"damage":13,"enemies":"Slaver and Parasite","floor":28,"turns":5},{"damage":10,"enemies":"Centurion and Healer","floor":29,"turns":5},{"damage":42,"enemies":"Automaton","floor":33,"turns":10}],"event_choices":[{"event_name":"Transmorgrifier","player_choice":"Transform","floor":8,"damage_taken":0},{"event_name":"World of Goop","player_choice":"Gather Gold","floor":10,"damage_taken":0},{"event_name":"Beggar","player_choice":"Gave Gold","floor":20,"damage_taken":0},{"event_name":"Addict","player_choice":"Ignored","floor":22,"damage_taken":0},{"event_name":"Forgotten Altar","player_choice":"Shed Blood","floor":31,"damage_taken":0}],"boss_relics":[{"not_picked":["Lizard Tail","White Beast Statue"],"picked":"Black Star"}],"potions_floor_spawned":[5,12,16,21,27,28],"seed_played":"7203597766837140927","killed_by":"Automaton","ascension_level":0,"is_trial":false}