{"gold_per_floor":[115,40,40,55,74,74,102,118,145,145,158,158,221,238,238,313,313,328,3,183,197,216,216],"floor_reached":23,"playtime":628,"items_purged":["Strike_B"],"score":506,"play_id":"e1d044e4-125a-4e06-b90b-a62c0c4bb210","local_time":"20190627172817","is_ascension_mode":true,"campfire_choices":[{"data":"Consume","floor":6.0,"key":"SMITH"},{"data":"Coolheaded","floor":12.0,"key":"SMITH"},{"data":"Capacitor","floor":15.0,"key":"SMITH"}],"neow_cost":"NONE","seed_source_timestamp":55373309275100,"circlet_count":0,"master_deck":["AscendersBane","Strike_B+1","Strike_B+1","Strike_B","Defend_B","Defend_B","Defend_B","Defend_B","Zap","Dualcast","Chill","Rip and Tear","Consume+1","Double Energy","Ball Lightning","Coolheaded+1","Capacitor+1","Hologram","Electrodynamics","Self Repair","Loop+1"],"special_seed":0,"relics":["Cracked Core","NeowsBlessing","Whetstone","Vajra","Tiny Chest","Runic Dome","Lantern"],"potions_floor_usage":[22],"damage_taken":[{"damage":0.0,"enemies":"2 Louse","floor":1.0,"turns":1.0},{"damage":0.0,"enemies":"Cultist","floor":4.0,"turns":1.0},{"damage":0.0,"enemies":"Small Slimes","floor":5.0,"turns":1.0},{"damage":8.0,"enemies":"3 Sentries","floor":7.0,"turns":18.0},{"damage":0.0,"enemies":"Exordium Wildlife","floor":8.0,"turns":2.0},{"damage":9.0,"enemies":"Red Slaver","floor":11.0,"turns":3.0},{"damage":9.0,"enemies":"Lagavulin","floor":13.0,"turns":7.0},{"damage":3.0,"enemies":"Blue Slaver","floor":14.0,"turns":3.0},{"damage":0.0,"enemies":"The Guardian","floor":16.0,"turns":8.0},{"damage":21.0,"enemies":"2 Thieves","floor":18.0,"turns":4.0},{"damage":3,"enemies":"Spheric Guardian","floor":21,"turns":3},{"damage":10,"enemies":"Snake Plant","floor":22,"turns":4},{"damage":14,"enemies":"Book of Stabbing","floor":23,"turns":2}],"seed_played":"9193932238881191234","potions_obtained":[{"floor":3.0,"key":"FearPotion"},{"floor":3.0,"key":"Strength Potion"},{"floor":4.0,"key":"PowerPotion"},{"floor":8.0,"key":"Explosive Potion"},{"floor":13.0,"key":"Energy Potion"},{"floor":14.0,"key":"FearPotion"},{"floor":18.0,"key":"EssenceOfSteel"}],"is_trial":false,"path_per_floor":["M","$","?","M","M","R","E","M","T","?","M","R","E","M","R","B",null,"M","$","?","M","M","E"],"character_chosen":"DEFECT","items_purchased":["Rip and Tear","Lantern","Self Repair"],"campfire_rested":0,"item_purchase_floors":[2,19,19],"current_hp_per_floor":[64,64,64,64,64,64,56,56,56,56,47,47,38,35,35,35,62,41,41,20,24,21,7],"gold":216,"neow_bonus":"THREE_ENEMY_KILL","is_prod":false,"is_daily":false,"chose_seed":false,"campfire_upgraded":3,"win_rate":0,"timestamp":1561624097,"path_taken":["M","$","?","M","M","R","E","?","T","?","M","R","E","M","R","BOSS","M","$","?","?","M","E"],"build_version":"2019-01-23","purchased_purges":1,"victory":false,"max_hp_per_floor":[71,71,71,71,71,71,71,71,71,71,71,71,71,71,71,71,71,71,71,71,71,71,71],"card_choices":[{"not_picked":["Beam Cell","Ball Lightning"],"picked":"Chill","floor":1.0},{"not_picked":["Coolheaded","Turbo"],"picked":"Consume","floor":4.0},{"not_picked":["Force Field","Lockon","Sweeping Beam"],"picked":"SKIP","floor":5.0},{"not_picked":["Aggregate","Turbo"],"picked":"Double Energy","floor":7.0},{"not_picked":["FTL","Beam Cell"],"picked":"Ball Lightning","floor":8.0},{"not_picked":["Hologram","Streamline"],"picked":"Coolheaded","floor":11.0},{"not_picked":["Chill","Steam"],"picked":"Capacitor","floor":13.0},{"not_picked":["Rebound","Streamline"],"picked":"Hologram","floor":14.0},{"not_picked":["Machine Learning","Fission"],"picked":"Electrodynamics","floor":16.0},{"not_picked":["BootSequence","Redo","Auto Shields"],"picked":"SKIP","floor":18.0},{"not_picked":["BootSequence","Leap","Sunder"],"picked":"SKIP","floor":21},{"not_picked":["Leap","Ball Lightning"],"picked":"Loop+1","floor":22}],"player_experience":829185,"relics_obtained":[{"floor":7.0,"key":"Whetstone"},{"floor":9.0,"key":"Vajra"},{"floor":13.0,"key":"Tiny Chest"}],"event_choices":[{"damage_healed":0.0,"max_hp_gain":0.0,"max_hp_loss":0.0,"gold_gain":0.0,"event_name":"Lab","player_choice":"Got Potions","floor":3.0,"gold_loss":0.0,"damage_taken":0.0},{"damage_healed":0.0,"max_hp_gain":0.0,"max_hp_loss":0.0,"gold_gain":0.0,"event_name":"Liars Game","player_choice":"Ignored","floor":10.0,"gold_loss":0.0,"damage_taken":0.0},{"damage_healed":0.0,"max_hp_gain":0.0,"max_hp_loss":0.0,"gold_gain":180.0,"event_name":"Knowing Skull","player_choice":"GOLD GOLD ","floor":20.0,"potions_obtained":[],"gold_loss":0.0,"damage_taken":21.0,"cards_obtained":[]}],"is_beta":false,"boss_relics":[{"not_picked":["Coffee Dripper","Lizard Tail"],"picked":"Runic Dome"}],"items_purged_floors":[19],"is_endless":false,"potions_floor_spawned":[4,8,13,14,18],"killed_by":"Book of Stabbing","ascension_level":20}