{"gold_per_floor":[115,127,138,41,41,66,66,95,143,169,183,183,183,216,216,288,288,308,308,322,237,83,83,83,94,94,94,94,107,142,154,154,233,233,246,258,358,358,378,378,391,391,391,7,24,24,49,66,66,66,66,66,66,10,39,39],"floor_reached":57,"playtime":2982,"items_purged":["Strike_B","Zap"],"score":2710,"play_id":"a562f8ed-8988-4f50-9284-a0df959b13b8","local_time":"20190623183628","is_ascension_mode":true,"campfire_choices":[{"floor":7.0,"key":"REST"},{"floor":12.0,"key":"REST"},{"floor":15.0,"key":"REST"},{"data":"Defragment","floor":23.0,"key":"SMITH"},{"data":"Creative AI","floor":27.0,"key":"SMITH"},{"data":"Loop","floor":32.0,"key":"SMITH"},{"data":"Fission","floor":40.0,"key":"SMITH"},{"data":"Biased Cognition","floor":42.0,"key":"SMITH"},{"floor":46.0,"key":"RECALL"},{"data":"Seek","floor":49.0,"key":"SMITH"},{"data":"Panacea","floor":53.0,"key":"SMITH"}],"neow_cost":"PERCENT_DAMAGE","seed_source_timestamp":101695725143800,"circlet_count":0,"master_deck":["AscendersBane","Defend_B","Defend_B","Defend_B","Dualcast","Defragment+1","Stack","Ball Lightning","Cold Snap","Self Repair","Cold Snap","Creative AI+1","Seek+1","Coolheaded","Tempest","Core Surge+1","Cold Snap+1","Loop+1","Ghostly","Ghostly","Ghostly","Seek","Hologram+1","Fission+1","Biased Cognition+1","Blizzard+1","PanicButton","Panacea+1","Cold Snap+1","Rainbow","Chill"],"special_seed":0,"relics":["Cracked Core","Letter Opener","DataDisk","Potion Belt","Centennial Puzzle","Velvet Choker","Nloth\u0027s Gift","Girya","Question Card","Pear","Blue Candle","Empty Cage","Calipers","Lee\u0027s Waffle","Omamori","Art of War"],"potions_floor_usage":[56,56,56,56],"damage_taken":[{"damage":1.0,"enemies":"Cultist","floor":1.0,"turns":3.0},{"damage":7.0,"enemies":"Jaw Worm","floor":2.0,"turns":3.0},{"damage":18.0,"enemies":"Small Slimes","floor":3.0,"turns":3.0},{"damage":4.0,"enemies":"Lagavulin","floor":6.0,"turns":8.0},{"damage":31.0,"enemies":"Gremlin Nob","floor":8.0,"turns":4.0},{"damage":12.0,"enemies":"Lagavulin","floor":10.0,"turns":6.0},{"damage":0.0,"enemies":"Blue Slaver","floor":11.0,"turns":4.0},{"damage":12.0,"enemies":"3 Sentries","floor":14.0,"turns":11.0},{"damage":36.0,"enemies":"The Guardian","floor":16.0,"turns":14.0},{"damage":17.0,"enemies":"2 Thieves","floor":18.0,"turns":4.0},{"damage":4.0,"enemies":"3 Byrds","floor":20.0,"turns":5.0},{"damage":2.0,"enemies":"Centurion and Healer","floor":25.0,"turns":8.0},{"damage":11.0,"enemies":"Cultist and Chosen","floor":29.0,"turns":6.0},{"damage":31.0,"enemies":"Book of Stabbing","floor":30.0,"turns":7.0},{"damage":0.0,"enemies":"Snecko","floor":31.0,"turns":6.0},{"damage":0.0,"enemies":"Collector","floor":33.0,"turns":11.0},{"damage":0.0,"enemies":"Orb Walker","floor":35.0,"turns":5.0},{"damage":0.0,"enemies":"3 Shapes","floor":36.0,"turns":4.0},{"damage":0.0,"enemies":"Mind Bloom Boss Battle","floor":37.0,"turns":5.0},{"damage":19.0,"enemies":"Spire Growth","floor":39.0,"turns":8.0},{"damage":3.0,"enemies":"Writhing Mass","floor":41.0,"turns":7.0},{"damage":0.0,"enemies":"Jaw Worm Horde","floor":45.0,"turns":5.0},{"damage":5.0,"enemies":"Giant Head","floor":47.0,"turns":11.0},{"damage":18.0,"enemies":"Sphere and 2 Shapes","floor":48.0,"turns":7.0},{"damage":16.0,"enemies":"Time Eater","floor":50.0,"turns":17.0},{"damage":2.0,"enemies":"Donu and Deca","floor":51.0,"turns":13.0},{"damage":40.0,"enemies":"Shield and Spear","floor":55.0,"turns":12.0},{"damage":9,"enemies":"The Heart","floor":56,"turns":14}],"seed_played":"-9138188710910186787","potions_obtained":[{"floor":2.0,"key":"Fire Potion"},{"floor":3.0,"key":"FocusPotion"},{"floor":10.0,"key":"Swift Potion"},{"floor":18.0,"key":"FocusPotion"},{"floor":29.0,"key":"Block Potion"},{"floor":30.0,"key":"Strength Potion"},{"floor":35.0,"key":"Dexterity Potion"},{"floor":39.0,"key":"Strength Potion"}],"is_trial":false,"path_per_floor":["M","M","M","$","?","E","R","E","T","E","M","R","?","E","R","B",null,"M","?","M","?","$","R","?","M","T","R","T","M","E","M","R","B",null,"M","M","?","?","M","R","M","R","T","$","M","R","E","M","R","B","B",null,"R","$","E","B",null],"character_chosen":"DEFECT","items_purchased":["Self Repair","Cold Snap","Loop","Lee\u0027s Waffle","PowerPotion","SpeedPotion"],"campfire_rested":3,"item_purchase_floors":[4,4,22,44,44,54],"current_hp_per_floor":[45,38,20,20,20,23,44,13,13,8,15,36,29,24,45,16,57,47,47,50,50,50,50,35,35,35,35,45,41,17,24,24,31,42,45,45,45,35,23,23,20,20,20,52,52,52,52,41,41,39,44,50,50,50,17,15],"gold":39,"neow_bonus":"TRANSFORM_TWO_CARDS","is_prod":false,"is_daily":false,"chose_seed":false,"campfire_upgraded":7,"win_rate":0,"timestamp":1561282588,"path_taken":["M","M","?","$","?","E","R","E","T","E","?","R","?","E","R","BOSS","M","?","?","?","?","R","?","M","T","R","?","M","E","M","R","BOSS","M","M","?","?","M","R","M","R","T","?","M","R","E","M","R","BOSS","BOSS","R","$","E","BOSS"],"build_version":"2019-01-23","purchased_purges":2,"victory":true,"max_hp_per_floor":[71,71,71,71,71,71,71,71,71,71,71,71,71,71,71,71,71,71,71,71,71,71,71,35,35,35,35,45,45,45,45,45,45,45,45,45,45,45,45,45,45,45,45,52,52,52,52,52,52,52,52,52,52,52,52,52],"card_choices":[{"not_picked":["Gash","Sweeping Beam"],"picked":"Ball Lightning","floor":1.0},{"not_picked":["Go for the Eyes","Ball Lightning"],"picked":"Cold Snap","floor":2.0},{"not_picked":["Sweeping Beam","Steam","Leap"],"picked":"SKIP","floor":3.0},{"not_picked":["Barrage","Auto Shields"],"picked":"Creative AI","floor":6.0},{"not_picked":["Gash","Hello World","Redo"],"picked":"SKIP","floor":8.0},{"not_picked":["Gash","Hello World","Redo"],"picked":"SKIP","floor":8.0},{"not_picked":["Sweeping Beam","Ball Lightning"],"picked":"Seek","floor":10.0},{"not_picked":["Steam Power","Rip and Tear"],"picked":"Coolheaded","floor":11.0},{"not_picked":["Beam Cell","Hologram"],"picked":"Tempest","floor":14.0},{"not_picked":["Seek","Meteor Strike+1"],"picked":"Core Surge+1","floor":16.0},{"not_picked":["Hologram","Stack"],"picked":"Cold Snap+1","floor":18.0},{"not_picked":["Compile Driver","Doom and Gloom","Beam Cell"],"picked":"SKIP","floor":20.0},{"not_picked":["Reprogram","Beam Cell"],"picked":"Seek","floor":25.0},{"not_picked":["Genetic Algorithm","BootSequence","Sweeping Beam"],"picked":"Hologram+1","floor":29.0},{"not_picked":["Compile Driver+1","Redo","Hyperbeam"],"picked":"Fission","floor":30.0},{"not_picked":["Gash","Sweeping Beam+1","Turbo","Force Field"],"picked":"SKIP","floor":31.0},{"not_picked":["Creative AI","Reboot","Core Surge"],"picked":"Biased Cognition","floor":33.0},{"not_picked":["Gash","Ball Lightning","Steam","Redo"],"picked":"SKIP","floor":35.0},{"not_picked":["Chaos+1","Rip and Tear","Storm","Recycle"],"picked":"SKIP","floor":36.0},{"not_picked":["Barrage","Beam Cell+1","Machine Learning"],"picked":"Blizzard+1","floor":37.0},{"not_picked":["Purity","Swift Strike","Flash of Steel"],"picked":"PanicButton","floor":38.0},{"not_picked":["Swift Strike","Dramatic Entrance","Bandage Up"],"picked":"Panacea","floor":38.0},{"not_picked":["Beam Cell+1","Rebound","Turbo","Conserve Battery+1"],"picked":"SKIP","floor":39.0},{"not_picked":["Fusion","Ball Lightning+1","Compile Driver"],"picked":"Cold Snap+1","floor":41.0},{"not_picked":["Steam+1","Tempest","Force Field","Stack+1"],"picked":"SKIP","floor":45.0},{"not_picked":["Go for the Eyes","Cold Snap","Beam Cell"],"picked":"Rainbow","floor":47.0},{"not_picked":["Turbo","Ball Lightning","Compile Driver","Cold Snap"],"picked":"SKIP","floor":48.0},{"not_picked":["Redo+1","Hyperbeam","Beam Cell"],"picked":"Chill","floor":55.0}],"player_experience":769492,"relics_obtained":[{"floor":6.0,"key":"Letter Opener"},{"floor":8.0,"key":"DataDisk"},{"floor":9.0,"key":"Potion Belt"},{"floor":10.0,"key":"Centennial Puzzle"},{"floor":14.0,"key":"Molten Egg 2"},{"floor":26.0,"key":"Question Card"},{"floor":28.0,"key":"Pear"},{"floor":30.0,"key":"Blue Candle"},{"floor":37.0,"key":"Calipers"},{"floor":47.0,"key":"Omamori"},{"floor":55.0,"key":"Art of War"}],"event_choices":[{"damage_healed":0.0,"max_hp_gain":0.0,"max_hp_loss":0.0,"gold_gain":0.0,"event_name":"Match and Keep!","player_choice":"1 cards matched","floor":5.0,"gold_loss":0.0,"damage_taken":0.0,"cards_obtained":["Writhe"]},{"cards_removed":["Writhe"],"damage_healed":0.0,"max_hp_gain":0.0,"max_hp_loss":0.0,"gold_gain":0.0,"event_name":"Golden Wing","player_choice":"Card Removal","floor":13.0,"gold_loss":0.0,"damage_taken":7.0},{"damage_healed":0.0,"max_hp_gain":0.0,"max_hp_loss":0.0,"gold_gain":0.0,"event_name":"N\u0027loth","player_choice":"Traded Relic","floor":19.0,"relics_lost":["Molten Egg 2"],"gold_loss":0.0,"damage_taken":0.0,"relics_obtained":["Nloth\u0027s Gift"]},{"damage_healed":0.0,"max_hp_gain":0.0,"max_hp_loss":0.0,"gold_gain":0.0,"event_name":"Addict","player_choice":"Obtained Relic","floor":21.0,"gold_loss":85.0,"damage_taken":0.0,"relics_obtained":["Girya"]},{"damage_healed":0.0,"max_hp_gain":0.0,"max_hp_loss":36.0,"gold_gain":0.0,"event_name":"Ghosts","player_choice":"Became a Ghost","floor":24.0,"gold_loss":0.0,"damage_taken":0.0,"cards_obtained":["Ghostly","Ghostly","Ghostly"]},{"damage_healed":0.0,"max_hp_gain":0.0,"max_hp_loss":0.0,"gold_gain":0.0,"event_name":"MindBloom","player_choice":"Fight","floor":37.0,"gold_loss":0.0,"damage_taken":0.0},{"damage_healed":0.0,"max_hp_gain":0.0,"max_hp_loss":0.0,"gold_gain":0.0,"event_name":"SensoryStone","player_choice":"Memory 3","floor":38.0,"gold_loss":0.0,"damage_taken":10.0}],"is_beta":false,"boss_relics":[{"not_picked":["Eternal Feather","FrozenCore"],"picked":"Velvet Choker"},{"not_picked":["Fusion Hammer","Runic Pyramid"],"picked":"Empty Cage"}],"items_purged_floors":[22,44],"is_endless":false,"potions_floor_spawned":[2,3,10,18,29,30,35,39,47],"ascension_level":20}