{"gold_per_floor":[11,11,22,22,35,62,62,90,90,90,15,15,30,65,65,65],"floor_reached":16,"playtime":409,"items_purged":["Strike_R"],"score":236,"play_id":"1ae22e84-ba24-49dc-bd76-e64e3fa42787","local_time":"20190718173517","is_ascension_mode":true,"campfire_choices":[{"data":"Spot Weakness","floor":7,"key":"SMITH"},{"data":"Bash","floor":10,"key":"SMITH"},{"floor":15,"key":"REST"}],"neow_cost":"NO_GOLD","seed_source_timestamp":489185290328400,"circlet_count":0,"master_deck":["AscendersBane","Strike_R","Defend_R","Defend_R","Defend_R","Defend_R","Bash+1","Spot Weakness+1","Infernal Blade","Twin Strike","Bash","Sword Boomerang","Dropkick"],"relics":["Burning Blood","Anchor","Gremlin Horn","Ornamental Fan","Paper Frog"],"potions_floor_usage":[6,14,16],"damage_taken":[{"damage":2,"enemies":"Jaw Worm","floor":1,"turns":5},{"damage":12,"enemies":"Cultist","floor":3,"turns":4},{"damage":4,"enemies":"Small Slimes","floor":5,"turns":4},{"damage":4,"enemies":"Gremlin Nob","floor":6,"turns":3},{"damage":15,"enemies":"3 Sentries","floor":8,"turns":7},{"damage":1,"enemies":"Exordium Wildlife","floor":13,"turns":3},{"damage":52,"enemies":"Lagavulin","floor":14,"turns":10},{"damage":34,"enemies":"The Guardian","floor":16,"turns":7}],"seed_played":"-7863730929035644132","potions_obtained":[{"floor":5,"key":"SteroidPotion"},{"floor":6,"key":"Weak Potion"},{"floor":14,"key":"Poison Potion"}],"is_trial":false,"path_per_floor":["M","?","M","?","M","E","R","E","T","R","$","?","M","E","R","B"],"character_chosen":"IRONCLAD","items_purchased":[],"campfire_rested":1,"item_purchase_floors":[],"current_hp_per_floor":[72,72,66,61,63,65,65,56,56,56,56,56,61,15,37,3],"gold":65,"neow_bonus":"REMOVE_TWO","is_prod":false,"is_daily":false,"chose_seed":false,"campfire_upgraded":2,"win_rate":0,"timestamp":1563438917,"path_taken":["M","?","?","?","M","E","R","E","T","R","?","?","M","E","R","BOSS"],"build_version":"2019-07-17","purchased_purges":1,"victory":false,"max_hp_per_floor":[75,75,75,75,75,75,75,75,75,75,75,75,75,75,75,75],"card_choices":[{"not_picked":["Flex","Sentinel","True Grit"],"picked":"SKIP","floor":1},{"not_picked":["Thunderclap","True Grit"],"picked":"Spot Weakness","floor":3},{"not_picked":["Havoc","Iron Wave"],"picked":"Infernal Blade","floor":5},{"not_picked":["Metallicize","Anger"],"picked":"Twin Strike","floor":6},{"not_picked":["Infernal Blade","Warcry","Body Slam"],"picked":"SKIP","floor":8},{"not_picked":["Infernal Blade","Thunderclap"],"picked":"Sword Boomerang","floor":13},{"not_picked":["Flame Barrier","True Grit"],"picked":"Dropkick","floor":14}],"player_experience":1088022,"relics_obtained":[{"floor":6,"key":"Gremlin Horn"},{"floor":8,"key":"Ornamental Fan"},{"floor":14,"key":"Paper Frog"}],"event_choices":[{"cards_removed":["Strike_R"],"damage_healed":0,"gold_gain":0,"player_choice":"Purged","damage_taken":0,"max_hp_gain":0,"max_hp_loss":0,"event_name":"Purifier","floor":2,"gold_loss":0},{"damage_healed":0,"gold_gain":0,"player_choice":"Success","damage_taken":5,"relics_obtained":["Anchor"],"max_hp_gain":0,"max_hp_loss":0,"event_name":"Scrap Ooze","floor":4,"gold_loss":0},{"damage_healed":0,"gold_gain":0,"player_choice":"1 cards matched","damage_taken":0,"max_hp_gain":0,"max_hp_loss":0,"event_name":"Match and Keep!","floor":12,"gold_loss":0,"cards_obtained":["Bash"]}],"is_beta":false,"boss_relics":[],"items_purged_floors":[11],"is_endless":false,"potions_floor_spawned":[5,6,14],"killed_by":"The Guardian","ascension_level":20}