{"gold_per_floor":[118,133,58,58,78,78,107,130,157,157,157,192,20,56,56,155,155,175,535,495],"floor_reached":20,"playtime":505,"items_purged":[],"score":376,"play_id":"2e0c3f8d-2fac-4d20-9f36-d708c478c495","local_time":"20190725094503","is_ascension_mode":true,"campfire_choices":[{"floor":6,"key":"RECALL"},{"floor":11,"key":"REST"},{"floor":15,"key":"REST"}],"neow_cost":"NONE","seed_source_timestamp":497861217888400,"circlet_count":0,"master_deck":["AscendersBane","Strike_B","Strike_B","Defend_B","Defend_B","Defend_B","Defend_B","Zap","Dualcast","Capacitor","Tempest","Hyperbeam","Coolheaded","FTL","Ball Lightning","Reboot","Ball Lightning","Core Surge","Sunder"],"relics":["Fusion Hammer","Smiling Mask","Art of War","Bag of Marbles","Golden Idol","Happy Flower","Vajra","Dream Catcher","Snecko Eye"],"potions_floor_usage":[12,16],"damage_taken":[{"damage":1,"enemies":"Small Slimes","floor":1,"turns":4},{"damage":4,"enemies":"2 Louse","floor":2,"turns":3},{"damage":7,"enemies":"Jaw Worm","floor":5,"turns":3},{"damage":20,"enemies":"3 Sentries","floor":7,"turns":4},{"damage":9,"enemies":"Gremlin Nob","floor":12,"turns":3},{"damage":13,"enemies":"Lagavulin","floor":14,"turns":6},{"damage":19,"enemies":"Hexaghost","floor":16,"turns":9},{"damage":12,"enemies":"3 Byrds","floor":18,"turns":3},{"damage":17,"enemies":"2 Thieves","floor":20,"turns":1}],"seed_played":"6050128583412502382","potions_obtained":[{"floor":2,"key":"Strength Potion"},{"floor":5,"key":"FearPotion"},{"floor":7,"key":"Ancient Potion"}],"is_trial":false,"path_per_floor":["M","M","?","?","M","R","E","T","T","?","R","E","$","E","R","B",null,"M","?","M"],"character_chosen":"DEFECT","items_purchased":["Vajra"],"campfire_rested":2,"item_purchase_floors":[13],"current_hp_per_floor":[63,59,59,59,52,52,32,32,32,8,29,20,20,7,28,9,56,44,9,0],"gold":495,"neow_bonus":"BOSS_RELIC","is_prod":false,"is_daily":false,"chose_seed":false,"campfire_upgraded":0,"win_rate":0,"timestamp":1564015503,"path_taken":["M","M","?","?","M","R","E","?","T","?","R","E","?","E","R","BOSS","M","?","M"],"build_version":"2019-07-17","purchased_purges":0,"victory":false,"max_hp_per_floor":[71,71,71,71,71,71,71,71,71,71,71,71,71,71,71,71,71,71,71,71],"card_choices":[{"not_picked":["Rebound","Force Field"],"picked":"Capacitor","floor":1},{"not_picked":["Rebound","Undo"],"picked":"Tempest","floor":2},{"not_picked":["Conserve Battery","Beam Cell"],"picked":"Coolheaded","floor":5},{"not_picked":["Coolheaded","Redo"],"picked":"FTL","floor":7},{"not_picked":["Turbo","Steam Power"],"picked":"Ball Lightning","floor":12},{"not_picked":["Heatsinks","Beam Cell"],"picked":"Reboot","floor":14},{"not_picked":["Steam","Streamline"],"picked":"Ball Lightning","floor":15},{"not_picked":["Fission","Hyperbeam"],"picked":"Core Surge","floor":16},{"not_picked":["Hello World","Genetic Algorithm+1"],"picked":"Sunder","floor":18}],"player_experience":1194255,"relics_obtained":[{"floor":7,"key":"Smiling Mask"},{"floor":8,"key":"Art of War"},{"floor":9,"key":"Bag of Marbles"},{"floor":12,"key":"Happy Flower"},{"floor":14,"key":"Dream Catcher"}],"event_choices":[{"cards_removed":["Strike_B"],"damage_healed":0,"gold_gain":0,"player_choice":"Card Removal","damage_taken":0,"max_hp_gain":0,"max_hp_loss":0,"event_name":"The Cleric","floor":3,"gold_loss":75},{"damage_healed":0,"gold_gain":0,"cards_transformed":["Strike_B"],"player_choice":"Change","damage_taken":0,"max_hp_gain":0,"max_hp_loss":0,"event_name":"Living Wall","floor":4,"gold_loss":0,"cards_obtained":["Hyperbeam"]},{"damage_healed":0,"gold_gain":0,"player_choice":"Take Damage","damage_taken":24,"relics_obtained":["Golden Idol"],"max_hp_gain":0,"max_hp_loss":0,"event_name":"Golden Idol","floor":10,"gold_loss":0},{"damage_healed":0,"gold_gain":360,"player_choice":"GOLD GOLD GOLD GOLD ","damage_taken":35,"max_hp_gain":0,"max_hp_loss":0,"event_name":"Knowing Skull","floor":19,"potions_obtained":[],"gold_loss":0,"cards_obtained":[]}],"is_beta":false,"boss_relics":[{"not_picked":["Runic Pyramid","Ectoplasm"],"picked":"Snecko Eye"}],"items_purged_floors":[],"is_endless":false,"potions_floor_spawned":[2,5,7],"killed_by":"2 Thieves","ascension_level":20}