{"gold_per_floor":[109,25,25,42,42,68,68,78,78,95,127,140,140,155,155,246,309,325,30,50,50,50],"floor_reached":22,"playtime":1004,"items_purged":[],"score":420,"play_id":"43711340-f838-486f-a0dd-f483d3d706a0","local_time":"20190730121125","is_ascension_mode":true,"campfire_choices":[{"data":"Reflex","floor":7,"key":"SMITH"},{"floor":15,"key":"REST"}],"neow_cost":"NONE","seed_source_timestamp":928414765420914,"circlet_count":0,"master_deck":["AscendersBane","Strike_G","Strike_G","Strike_G","Strike_G","Strike_G","Defend_G","Defend_G","Defend_G","Defend_G","Defend_G","Survivor","Neutralize","Dash","Reflex+1","Quick Slash","Burst","Backstab+1","Noxious Fumes","Caltrops","Dagger Throw","Injury","Bane","Envenom","Dagger Throw","Terror","Glass Knife","Finisher","Footwork","Finisher"],"relics":["Ring of the Snake","NeowsBlessing","Pear","Mummified Hand","Regal Pillow","Golden Idol","Tiny House"],"potions_floor_usage":[11,11,16,20],"damage_taken":[{"damage":0,"enemies":"Cultist","floor":1,"turns":1},{"damage":0,"enemies":"Small Slimes","floor":4,"turns":1},{"damage":0,"enemies":"Lagavulin","floor":6,"turns":1},{"damage":2,"enemies":"2 Louse","floor":8,"turns":3},{"damage":4,"enemies":"Looter","floor":10,"turns":3},{"damage":18,"enemies":"Gremlin Nob","floor":11,"turns":4},{"damage":3,"enemies":"3 Louse","floor":12,"turns":5},{"damage":34,"enemies":"Exordium Thugs","floor":14,"turns":6},{"damage":2,"enemies":"The Guardian","floor":16,"turns":14},{"damage":35,"enemies":"Spheric Guardian","floor":18,"turns":6},{"damage":24,"enemies":"Shell Parasite","floor":20,"turns":3},{"damage":36,"enemies":"Sentry and Sphere","floor":22,"turns":4}],"seed_played":"-1788210129573635591","potions_obtained":[{"floor":1,"key":"Fire Potion"},{"floor":8,"key":"AttackPotion"},{"floor":14,"key":"Dexterity Potion"},{"floor":17,"key":"Fire Potion"},{"floor":20,"key":"Weak Potion"}],"is_trial":false,"path_per_floor":["M","$","?","M","?","E","R","M","T","M","E","M","?","M","R","B",null,"M","$","M","?","M"],"character_chosen":"THE_SILENT","items_purchased":["Reflex","Glass Knife","Finisher","Footwork"],"campfire_rested":1,"item_purchase_floors":[2,19,19,19],"current_hp_per_floor":[59,59,59,59,59,69,69,67,67,63,45,42,42,8,45,43,73,38,38,14,30,0],"gold":50,"neow_bonus":"THREE_ENEMY_KILL","is_prod":false,"is_daily":false,"chose_seed":false,"campfire_upgraded":1,"win_rate":0,"timestamp":1564477885,"path_taken":["M","$","?","M","?","E","R","M","T","M","E","M","?","M","R","BOSS","M","$","M","?","M"],"build_version":"2019-07-17","purchased_purges":0,"victory":false,"max_hp_per_floor":[66,66,66,66,66,76,76,76,76,76,76,76,76,76,76,76,81,81,81,81,81,81],"card_choices":[{"not_picked":["Noxious Fumes","Dagger Spray"],"picked":"Dash","floor":1},{"not_picked":["Slice","Infinite Blades"],"picked":"Quick Slash","floor":4},{"not_picked":["Outmaneuver","Quick Slash"],"picked":"Burst","floor":6},{"not_picked":["Poisoned Stab","Flying Knee"],"picked":"Backstab","floor":8},{"not_picked":["Choke","Distraction"],"picked":"Noxious Fumes","floor":10},{"not_picked":["Calculated Gamble","Setup"],"picked":"Caltrops","floor":11},{"not_picked":["Flechettes","Poisoned Stab"],"picked":"Dagger Throw","floor":12},{"not_picked":["Dodge and Roll","Dagger Spray"],"picked":"Bane","floor":14},{"not_picked":["Phantasmal Killer","Wraith Form v2"],"picked":"Envenom","floor":16},{"not_picked":["Sucker Punch","Flying Knee"],"picked":"Dagger Throw","floor":17},{"not_picked":["Outmaneuver","Quick Slash"],"picked":"Terror","floor":18},{"not_picked":["Choke","PiercingWail"],"picked":"Finisher","floor":20}],"player_experience":1678482,"relics_obtained":[{"floor":6,"key":"Pear"},{"floor":9,"key":"Mummified Hand"},{"floor":11,"key":"Regal Pillow"}],"event_choices":[{"damage_healed":0,"gold_gain":0,"player_choice":"Ignored","damage_taken":0,"max_hp_gain":0,"max_hp_loss":0,"event_name":"Shining Light","floor":3,"gold_loss":0},{"damage_healed":0,"gold_gain":0,"player_choice":"Leave","damage_taken":0,"max_hp_gain":0,"max_hp_loss":0,"event_name":"The Cleric","floor":5,"gold_loss":0},{"damage_healed":0,"gold_gain":0,"player_choice":"Take Wound","damage_taken":0,"relics_obtained":["Golden Idol"],"max_hp_gain":0,"max_hp_loss":0,"event_name":"Golden Idol","floor":13,"gold_loss":0,"cards_obtained":["Injury"]},{"damage_healed":16,"gold_gain":0,"player_choice":"Heal","damage_taken":0,"max_hp_gain":0,"max_hp_loss":0,"event_name":"The Library","floor":21,"gold_loss":0}],"is_beta":false,"boss_relics":[{"not_picked":["Busted Crown","Fusion Hammer"],"picked":"Tiny House"}],"items_purged_floors":[],"is_endless":false,"potions_floor_spawned":[1,8,10,14,20],"killed_by":"Sentry and Sphere","ascension_level":18}