{"gold_per_floor":[114,8,21,21,39,39,64,64,64,64,84,117,74,103,103,176,176,196,230,155,67,67,67,67,67,94,123,123,95,95,108,108,184,184,198,198,198,27,249,283,283,296,296,330,330,357,357,369,369,369,369,369,369,16,46,46],"floor_reached":56,"playtime":2861,"items_purged":["Strike_B"],"score":2055,"play_id":"14a32a61-55d3-4a44-a40f-5dd68f0c91b6","local_time":"20190610201308","is_ascension_mode":true,"campfire_choices":[{"data":"Sunder","floor":6,"key":"SMITH"},{"data":"Consume","floor":8,"key":"SMITH"},{"data":"Buffer","floor":10,"key":"SMITH"},{"data":"Recycle","floor":15,"key":"SMITH"},{"data":"Double Energy","floor":23,"key":"SMITH"},{"floor":25,"key":"REST"},{"floor":28,"key":"REST"},{"data":"Loop","floor":32,"key":"SMITH"},{"data":"Coolheaded","floor":41,"key":"SMITH"},{"floor":47,"key":"RECALL"},{"data":"Capacitor","floor":49,"key":"SMITH"},{"data":"Coolheaded","floor":53,"key":"SMITH"}],"neow_cost":"NONE","seed_source_timestamp":193346755109600,"circlet_count":0,"master_deck":["AscendersBane","Strike_B","Defend_B","Defend_B","Defend_B","Zap+1","Dualcast","Cold Snap","Sunder+1","Coolheaded+1","Buffer+1","Consume+1","Turbo+1","Cold Snap+1","Blizzard+1","Recycle+1","Echo Form","Coolheaded+1","Double Energy+1","Self Repair","Melter+1","Biased Cognition","Seek","Darkness","Loop+1","Rainbow","Chaos+1","Capacitor+1","Tempest+1","Undo+1","Self Repair+1","PanicButton","PanicButton","Master of Strategy","Chill+1","Reprogram+1","Static Discharge"],"relics":["FrozenCore","NeowsBlessing","Matryoshka","Orichalcum","Calipers","Molten Egg 2","WingedGreaves","Red Mask","Question Card","Ancient Tea Set","War Paint","Inserter","Dream Catcher","Emotion Chip","Mercury Hourglass","Mummified Hand","Bottled Tornado"],"potions_floor_usage":[12,16,16,33,46,50,55],"damage_taken":[{"damage":0,"enemies":"Cultist","floor":1,"turns":1},{"damage":0,"enemies":"Jaw Worm","floor":3,"turns":1},{"damage":0,"enemies":"2 Louse","floor":5,"turns":1},{"damage":27,"enemies":"3 Sentries","floor":7,"turns":8},{"damage":7,"enemies":"Blue Slaver","floor":11,"turns":3},{"damage":5,"enemies":"Gremlin Nob","floor":12,"turns":3},{"damage":0,"enemies":"3 Sentries","floor":14,"turns":7},{"damage":7,"enemies":"Hexaghost","floor":16,"turns":12},{"damage":11,"enemies":"Spheric Guardian","floor":18,"turns":6},{"damage":16,"enemies":"Masked Bandits","floor":19,"turns":5},{"damage":32,"enemies":"Gremlin Leader","floor":27,"turns":8},{"damage":6,"enemies":"2 Thieves","floor":29,"turns":4},{"damage":0,"enemies":"Snake Plant","floor":31,"turns":8},{"damage":5,"enemies":"Automaton","floor":33,"turns":10},{"damage":37,"enemies":"3 Darklings","floor":35,"turns":7},{"damage":45,"enemies":"Giant Head","floor":40,"turns":13},{"damage":0,"enemies":"Orb Walker","floor":42,"turns":5},{"damage":18,"enemies":"Nemesis","floor":44,"turns":13},{"damage":0,"enemies":"Giant Head","floor":46,"turns":14},{"damage":8,"enemies":"3 Darklings","floor":48,"turns":5},{"damage":48,"enemies":"Awakened One","floor":50,"turns":15},{"damage":14,"enemies":"Time Eater","floor":51,"turns":27},{"damage":45,"enemies":"Shield and Spear","floor":55,"turns":14},{"damage":10,"enemies":"The Heart","floor":56,"turns":2}],"seed_played":"-2430194176056974278","potions_obtained":[{"floor":1,"key":"FearPotion"},{"floor":5,"key":"SkillPotion"},{"floor":14,"key":"Block Potion"},{"floor":29,"key":"Block Potion"},{"floor":44,"key":"Energy Potion"},{"floor":46,"key":"FocusPotion"}],"is_trial":false,"path_per_floor":["M","$","M","?","M","R","E","R","T","R","M","E","$","E","R","B",null,"M","?","?","$","?","R","$","R","T","E","R","M","?","M","R","B",null,"M","?","?","$","?","E","R","M","T","E","?","E","R","M","R","B","B",null,"R","$","E","B"],"character_chosen":"DEFECT","items_purchased":["Cold Snap","Sunder","Blizzard+1","Self Repair","Capacitor","FocusPotion","Mummified Hand"],"campfire_rested":2,"item_purchase_floors":[2,2,13,21,38,38,54],"current_hp_per_floor":[64,64,64,64,64,64,37,37,37,37,30,25,25,25,25,18,58,47,31,31,31,31,31,31,52,52,27,48,49,49,63,63,71,71,34,58,58,58,58,27,27,27,27,16,6,40,40,58,58,34,54,57,57,57,39,29],"gold":46,"neow_bonus":"THREE_ENEMY_KILL","is_prod":false,"is_daily":false,"chose_seed":false,"campfire_upgraded":9,"win_rate":0,"timestamp":1560165188,"path_taken":["M","?","M","?","?","R","E","R","T","R","M","E","?","E","R","BOSS","M","?","?","$","?","R","?","R","T","E","R","?","?","M","R","BOSS","M","?","?","$","?","E","R","M","T","E","?","E","R","M","R","BOSS","BOSS","R","$","E","BOSS"],"build_version":"2019-01-23","purchased_purges":1,"victory":false,"max_hp_per_floor":[71,71,71,71,71,71,71,71,71,71,71,71,71,71,71,71,71,71,71,71,71,71,71,71,71,71,71,71,71,71,71,71,71,71,71,58,58,58,58,58,58,58,58,58,58,58,58,58,58,58,58,58,58,58,58,58],"card_choices":[{"not_picked":["Reinforced Body","Go for the Eyes","Conserve Battery"],"picked":"SKIP","floor":1},{"not_picked":["Hologram","Scrape"],"picked":"Coolheaded","floor":3},{"not_picked":["Cold Snap","Sweeping Beam"],"picked":"Consume","floor":5},{"not_picked":["Compile Driver","Leap"],"picked":"Turbo","floor":7},{"not_picked":["Compile Driver","Go for the Eyes","Steam"],"picked":"SKIP","floor":11},{"not_picked":["Force Field","Barrage"],"picked":"Cold Snap","floor":12},{"not_picked":["Compile Driver+1","Streamline+1"],"picked":"Recycle","floor":14},{"not_picked":["Thunder Strike+1","Creative AI"],"picked":"Echo Form","floor":16},{"not_picked":["Go for the Eyes+1","Ball Lightning+1"],"picked":"Coolheaded","floor":18},{"not_picked":["Recycle","Redo"],"picked":"Double Energy","floor":19},{"not_picked":["Compile Driver+1","Streamline+1","Auto Shields"],"picked":"Seek","floor":27},{"not_picked":["Conserve Battery","Leap","Biased Cognition"],"picked":"Darkness","floor":29},{"not_picked":["Compile Driver+1","Beam Cell+1","Barrage+1","Streamline+1"],"picked":"SKIP","floor":31},{"not_picked":["All For One+1","Hyperbeam+1","Machine Learning"],"picked":"Rainbow","floor":33},{"not_picked":["Cold Snap+1","Recycle","Rebound+1"],"picked":"Chaos+1","floor":35},{"not_picked":["Auto Shields","Multi-Cast","Rebound+1"],"picked":"Tempest+1","floor":40},{"not_picked":["Compile Driver+1","Stack","Storm+1"],"picked":"Undo+1","floor":42},{"not_picked":["Machine Learning","Coolheaded","Heatsinks+1"],"picked":"Self Repair+1","floor":44},{"not_picked":["Deep Breath","Swift Strike+1","Trip"],"picked":"PanicButton","floor":45},{"not_picked":["Forethought","Swift Strike+1","Good Instincts"],"picked":"PanicButton","floor":45},{"not_picked":["Transmutation","Madness","Bandage Up"],"picked":"Master of Strategy","floor":45},{"not_picked":["Cold Snap+1","Chaos+1","Stack"],"picked":"Chill+1","floor":46},{"not_picked":["Skim","Ball Lightning+1","Rebound+1"],"picked":"Reprogram+1","floor":48},{"not_picked":["Go for the Eyes+1","Redo+1","Storm"],"picked":"Static Discharge","floor":55}],"player_experience":561226,"relics_obtained":[{"floor":7,"key":"Matryoshka"},{"floor":9,"key":"Orichalcum"},{"floor":9,"key":"Calipers"},{"floor":12,"key":"Molten Egg 2"},{"floor":14,"key":"WingedGreaves"},{"floor":19,"key":"Red Mask"},{"floor":26,"key":"Question Card"},{"floor":26,"key":"Ancient Tea Set"},{"floor":27,"key":"War Paint"},{"floor":40,"key":"Dream Catcher"},{"floor":44,"key":"Emotion Chip"},{"floor":46,"key":"Mercury Hourglass"},{"floor":55,"key":"Bottled Tornado"}],"event_choices":[{"damage_healed":0,"gold_gain":0,"player_choice":"1 cards matched","damage_taken":0,"max_hp_gain":0,"max_hp_loss":0,"event_name":"Match and Keep!","floor":4,"gold_loss":0,"cards_obtained":["Buffer"]},{"damage_healed":0,"gold_gain":0,"player_choice":"1 cards matched","damage_taken":0,"max_hp_gain":0,"max_hp_loss":0,"event_name":"Match and Keep!","floor":4,"gold_loss":0,"cards_obtained":["Buffer"]},{"damage_healed":0,"gold_gain":0,"player_choice":"Fought Bandits","damage_taken":0,"max_hp_gain":0,"max_hp_loss":0,"event_name":"Masked Bandits","floor":19,"gold_loss":0},{"cards_removed":["Strike_B"],"damage_healed":0,"gold_gain":0,"player_choice":"Gave Gold","damage_taken":0,"max_hp_gain":0,"max_hp_loss":0,"event_name":"Beggar","floor":20,"gold_loss":75},{"damage_healed":0,"gold_gain":0,"cards_transformed":["Defend_B","Strike_B"],"player_choice":"Became Test Subject","damage_taken":0,"max_hp_gain":0,"max_hp_loss":0,"event_name":"Drug Dealer","floor":22,"gold_loss":0,"cards_obtained":["Melter","Biased Cognition"]},{"damage_healed":0,"gold_gain":0,"player_choice":"Read","damage_taken":0,"max_hp_gain":0,"max_hp_loss":0,"event_name":"The Library","floor":30,"gold_loss":0,"cards_obtained":["Loop"]},{"damage_healed":58,"gold_gain":0,"player_choice":"Heal","damage_taken":0,"max_hp_gain":0,"max_hp_loss":13,"event_name":"The Moai Head","floor":36,"gold_loss":0},{"damage_healed":0,"gold_gain":0,"player_choice":"Ignored","damage_taken":0,"max_hp_gain":0,"max_hp_loss":0,"event_name":"Mysterious Sphere","floor":37,"gold_loss":0},{"damage_healed":0,"gold_gain":222,"player_choice":"Wore Mask","damage_taken":0,"max_hp_gain":0,"max_hp_loss":0,"event_name":"Tomb of Lord Red Mask","floor":39,"gold_loss":0},{"damage_healed":0,"gold_gain":0,"player_choice":"Memory 3","damage_taken":10,"max_hp_gain":0,"max_hp_loss":0,"event_name":"SensoryStone","floor":45,"gold_loss":0}],"is_beta":false,"boss_relics":[{"not_picked":["Eternal Feather","Runic Pyramid"],"picked":"FrozenCore"},{"not_picked":["Orrery","Astrolabe"],"picked":"Inserter"}],"items_purged_floors":[54],"is_endless":false,"potions_floor_spawned":[1,5,14,29,44,46,48],"killed_by":"The Heart","ascension_level":20}