{"gold_per_floor":[18,35,54,67,67,97,97,2,2,28,43,43,75,91,91,165,165,185,110,385,205,216,216,244,273,321,331,331,364,379,379,379,450,450,460,460,475,151,175,194,228,228,228,228,228],"floor_reached":45,"playtime":1748,"items_purged":["Clash+1","Bash"],"score":1252,"play_id":"ed0d823d-dffd-40a9-bb12-5158eeb00cf9","local_time":"20190718164642","is_ascension_mode":true,"campfire_choices":[{"data":"Bludgeon","floor":7,"key":"SMITH"},{"data":"Juggernaut","floor":12,"key":"SMITH"},{"data":"Armaments","floor":15,"key":"SMITH"},{"data":"Armaments","floor":23,"key":"SMITH"},{"floor":28,"key":"REST"},{"floor":32,"key":"REST"},{"floor":42,"key":"RECALL"},{"data":"Armaments","floor":44,"key":"SMITH"}],"neow_cost":"NO_GOLD","seed_source_timestamp":484930612035300,"circlet_count":0,"master_deck":["AscendersBane","Bludgeon+1","Juggernaut+1","Corruption","Body Slam+1","Feel No Pain","Iron Wave+1","Armaments+1","Offering","Fire Breathing","Entrench","Twin Strike+1","Spot Weakness","Headbutt+1","Wild Strike+1","Reckless Charge+1","Combust","Armaments+1","Power Through","Shockwave","Armaments+1","Power Through","Feel No Pain","Entrench","Offering","Impervious","Feel No Pain+1","Intimidate+1","Shrug It Off","Sentinel","Burning Pact"],"relics":["Burning Blood","Bronze Scales","Molten Egg 2","Art of War","Bag of Marbles","Centennial Puzzle","Pandora\u0027s Box","Boot","Red Mask","Oddly Smooth Stone","PreservedInsect","Coffee Dripper","Happy Flower","Smiling Mask","Kunai"],"potions_floor_usage":[6,10,16,16,24,24,29,30,37,45],"damage_taken":[{"damage":7,"enemies":"Jaw Worm","floor":1,"turns":2},{"damage":8,"enemies":"Small Slimes","floor":2,"turns":3},{"damage":0,"enemies":"Cultist","floor":3,"turns":2},{"damage":6,"enemies":"Looter","floor":4,"turns":2},{"damage":45,"enemies":"3 Sentries","floor":6,"turns":8},{"damage":0,"enemies":"Lagavulin","floor":10,"turns":4},{"damage":1,"enemies":"3 Louse","floor":11,"turns":2},{"damage":22,"enemies":"3 Sentries","floor":13,"turns":4},{"damage":9,"enemies":"2 Fungi Beasts","floor":14,"turns":3},{"damage":15,"enemies":"Slime Boss","floor":16,"turns":8},{"damage":11,"enemies":"2 Thieves","floor":18,"turns":2},{"damage":9,"enemies":"Spheric Guardian","floor":22,"turns":3},{"damage":29,"enemies":"Slavers","floor":24,"turns":4},{"damage":19,"enemies":"Masked Bandits","floor":25,"turns":4},{"damage":6,"enemies":"Centurion and Healer","floor":27,"turns":2},{"damage":22,"enemies":"Book of Stabbing","floor":29,"turns":6},{"damage":19,"enemies":"3 Cultists","floor":30,"turns":5},{"damage":18,"enemies":"Champ","floor":33,"turns":7},{"damage":2,"enemies":"3 Shapes","floor":35,"turns":5},{"damage":24,"enemies":"3 Darklings","floor":37,"turns":5},{"damage":42,"enemies":"Maw","floor":40,"turns":3},{"damage":8,"enemies":"Giant Head","floor":41,"turns":5},{"damage":13,"enemies":"Transient","floor":45,"turns":5}],"seed_played":"7743516407048361764","potions_obtained":[{"floor":2,"key":"Poison Potion"},{"floor":4,"key":"Swift Potion"},{"floor":10,"key":"Energy Potion"},{"floor":13,"key":"Energy Potion"},{"floor":14,"key":"Weak Potion"},{"floor":18,"key":"Dexterity Potion"},{"floor":22,"key":"Energy Potion"},{"floor":25,"key":"Weak Potion"},{"floor":29,"key":"GamblersBrew"},{"floor":30,"key":"Weak Potion"},{"floor":36,"key":"Dexterity Potion"},{"floor":40,"key":"PowerPotion"}],"is_trial":false,"path_per_floor":["M","M","M","M","?","E","R","$","T","E","M","R","E","M","R","B",null,"M","?","?","$","M","R","E","?","T","M","R","E","M","?","R","B",null,"M","?","M","$","T","M","E","R","T","R","M"],"character_chosen":"IRONCLAD","items_purchased":["Corruption","Body Slam+1","Armaments","Power Through","Happy Flower","Shrug It Off"],"campfire_rested":2,"item_purchase_floors":[8,8,21,21,38,38],"current_hp_per_floor":[67,65,71,71,66,27,27,27,27,33,38,38,22,19,19,10,59,54,54,54,54,51,51,28,15,15,15,37,21,8,8,30,18,61,65,65,47,47,47,11,9,9,9,9,0],"gold":228,"neow_bonus":"THREE_RARE_CARDS","is_prod":false,"is_daily":false,"chose_seed":false,"campfire_upgraded":5,"win_rate":0,"timestamp":1563436002,"path_taken":["M","M","M","M","?","E","R","$","T","E","M","R","E","M","R","BOSS","M","?","?","$","?","R","E","?","T","M","R","E","M","?","R","BOSS","M","?","M","$","?","M","E","R","T","R","M"],"build_version":"2019-07-17","purchased_purges":2,"victory":false,"max_hp_per_floor":[75,75,75,75,75,75,75,75,75,75,75,75,75,75,75,75,75,75,75,75,75,75,75,75,75,75,75,75,75,75,75,75,75,75,75,75,75,75,75,75,75,75,75,75,75],"card_choices":[{"not_picked":["Juggernaut","Limit Break"],"picked":"Bludgeon","floor":0},{"not_picked":["Clash","Rampage","Heavy Blade"],"picked":"SKIP","floor":1},{"not_picked":["Rage","Metallicize","Heavy Blade"],"picked":"SKIP","floor":2},{"not_picked":["Thunderclap","Bloodletting","Sever Soul"],"picked":"SKIP","floor":3},{"not_picked":["Body Slam","True Grit"],"picked":"Cleave","floor":4},{"not_picked":["Iron Wave","Inflame"],"picked":"Juggernaut","floor":6},{"not_picked":["Sword Boomerang+1","Cleave+1","Thunderclap+1"],"picked":"SKIP","floor":10},{"not_picked":["Headbutt+1","Pummel+1"],"picked":"Feel No Pain","floor":11},{"not_picked":["Clash+1","Pommel Strike+1"],"picked":"Iron Wave+1","floor":13},{"not_picked":["Clothesline+1","Headbutt+1"],"picked":"Armaments","floor":14},{"not_picked":["Reaper+1","Exhume"],"picked":"Offering","floor":16},{"not_picked":["Twin Strike+1","Corruption","Uppercut+1"],"picked":"SKIP","floor":18},{"not_picked":["Twin Strike+1","Carnage+1"],"picked":"Shockwave","floor":22},{"not_picked":["Pommel Strike+1","Twin Strike+1"],"picked":"Armaments","floor":24},{"not_picked":["Sword Boomerang+1","Rage"],"picked":"Power Through","floor":25},{"not_picked":["Flame Barrier","Armaments+1"],"picked":"Feel No Pain","floor":27},{"not_picked":["Warcry","Bloodletting"],"picked":"Entrench","floor":29},{"not_picked":["Corruption","Thunderclap+1"],"picked":"Offering","floor":30},{"not_picked":["Immolate+1","Reaper+1"],"picked":"Impervious","floor":33},{"not_picked":["Flex","Pommel Strike+1"],"picked":"Feel No Pain+1","floor":35},{"not_picked":["Clothesline+1","Twin Strike+1"],"picked":"Intimidate+1","floor":37},{"not_picked":["Heavy Blade+1","Sever Soul+1"],"picked":"Sentinel","floor":40},{"not_picked":["Rage","Headbutt+1"],"picked":"Burning Pact","floor":41}],"player_experience":1084084,"relics_obtained":[{"floor":6,"key":"Molten Egg 2"},{"floor":9,"key":"Art of War"},{"floor":10,"key":"Bag of Marbles"},{"floor":13,"key":"Centennial Puzzle"},{"floor":24,"key":"Boot"},{"floor":25,"key":"Red Mask"},{"floor":26,"key":"Oddly Smooth Stone"},{"floor":29,"key":"PreservedInsect"},{"floor":39,"key":"Smiling Mask"},{"floor":41,"key":"Kunai"}],"event_choices":[{"damage_healed":0,"gold_gain":0,"player_choice":"Success","damage_taken":5,"relics_obtained":["Bronze Scales"],"max_hp_gain":0,"max_hp_loss":0,"event_name":"Scrap Ooze","floor":5,"gold_loss":0},{"cards_removed":["Cleave"],"damage_healed":0,"gold_gain":0,"player_choice":"Gave Gold","damage_taken":0,"max_hp_gain":0,"max_hp_loss":0,"event_name":"Beggar","floor":19,"gold_loss":75},{"damage_healed":0,"gold_gain":275,"player_choice":"Desecrate","damage_taken":0,"max_hp_gain":0,"max_hp_loss":0,"event_name":"Golden Shrine","floor":20,"gold_loss":0,"cards_obtained":["Regret"]},{"damage_healed":0,"gold_gain":0,"player_choice":"Fought Bandits","damage_taken":0,"max_hp_gain":0,"max_hp_loss":0,"event_name":"Masked Bandits","floor":25,"gold_loss":0},{"cards_removed":["Regret"],"damage_healed":0,"gold_gain":0,"player_choice":"Elegance","damage_taken":0,"max_hp_gain":0,"max_hp_loss":0,"event_name":"Back to Basics","floor":31,"gold_loss":0},{"damage_healed":0,"gold_gain":0,"player_choice":"Got Potions","damage_taken":0,"max_hp_gain":0,"max_hp_loss":0,"event_name":"Lab","floor":36,"gold_loss":0}],"is_beta":false,"boss_relics":[{"not_picked":["Orrery","Calling Bell"],"picked":"Pandora\u0027s Box"},{"not_picked":["Velvet Choker","Black Blood"],"picked":"Coffee Dripper"}],"items_purged_floors":[21,38],"is_endless":false,"potions_floor_spawned":[2,4,10,13,14,18,22,25,29,30,40,41],"killed_by":"Transient","ascension_level":20}