{"gold_per_floor":[112,112,112,15,27,27,27,27,27,52,70,89,101,112,112,214,214,226,32,32,45,0,0],"floor_reached":23,"playtime":1253,"items_purged":[],"score":277,"play_id":"4c2ec93d-5244-4458-8e6e-ec8ea5bbe67f","local_time":"20190619191510","is_ascension_mode":true,"campfire_choices":[{"floor":6.0,"key":"REST"},{"data":"Bouncing Flask","floor":8.0,"key":"SMITH"},{"floor":15.0,"key":"REST"}],"neow_cost":"NONE","seed_source_timestamp":0,"circlet_count":0,"master_deck":["Defend_G","Defend_G","Defend_G","Defend_G","Defend_G","Strike_G","Strike_G","Strike_G","Strike_G","Strike_G","Survivor","Neutralize","Bouncing Flask+1","Deadly Poison","Poisoned Stab","Deadly Poison","Tactician","Eviscerate","Underhanded Strike","Noxious Fumes","Poisoned Stab","Acrobatics"],"special_seed":0,"relics":["Ring of the Snake","Dream Catcher","Singing Bowl","Tough Bandages","Black Star","Pen Nib","MutagenicStrength"],"potions_floor_usage":[18,18,23,23],"damage_taken":[{"damage":10.0,"enemies":"Small Slimes","floor":1.0,"turns":6.0},{"damage":0.0,"enemies":"2 Louse","floor":5.0,"turns":3.0},{"damage":24.0,"enemies":"3 Sentries","floor":10.0,"turns":9.0},{"damage":1.0,"enemies":"Cultist","floor":11.0,"turns":3.0},{"damage":6.0,"enemies":"Lots of Slimes","floor":12.0,"turns":6.0},{"damage":6.0,"enemies":"Blue Slaver","floor":13.0,"turns":4.0},{"damage":3.0,"enemies":"3 Louse","floor":14.0,"turns":4.0},{"damage":40.0,"enemies":"Slime Boss","floor":16.0,"turns":8.0},{"damage":18,"enemies":"3 Byrds","floor":18,"turns":5},{"damage":18,"enemies":"Shell Parasite","floor":21,"turns":6},{"damage":33,"enemies":"Book of Stabbing","floor":23,"turns":4}],"seed_played":"5255835138721875472","potions_obtained":[{"floor":1.0,"key":"Regen Potion"},{"floor":11.0,"key":"SkillPotion"},{"floor":12.0,"key":"SkillPotion"},{"floor":14.0,"key":"SkillPotion"},{"floor":18,"key":"EssenceOfSteel"}],"is_trial":false,"path_per_floor":["M","?","?","$","M","R","$","R","T","E","M","M","M","M","R","B",null,"M","$","?","M","?","E"],"character_chosen":"THE_SILENT","items_purchased":["Deadly Poison","Poisoned Stab","Pen Nib","AttackPotion"],"campfire_rested":2,"item_purchase_floors":[4,4,19,19],"current_hp_per_floor":[53,53,53,53,53,70,70,70,70,46,45,39,47,44,67,29,63,47,47,47,29,29,0],"gold":0,"neow_bonus":"RANDOM_COMMON_RELIC","is_prod":false,"is_daily":false,"chose_seed":false,"campfire_upgraded":1,"win_rate":0,"timestamp":1560960910,"path_taken":["M","?","?","$","?","R","$","R","T","E","M","?","M","M","R","BOSS","M","$","?","M","?","E"],"build_version":"2019-01-23","purchased_purges":0,"victory":false,"max_hp_per_floor":[70,70,70,70,70,70,70,70,70,70,70,70,70,70,72,74,74,76,76,76,76,76,76],"card_choices":[{"not_picked":["Underhanded Strike","Infinite Blades"],"picked":"Bouncing Flask","floor":1.0},{"not_picked":["All Out Attack","Sucker Punch","Acrobatics"],"picked":"SKIP","floor":5.0},{"not_picked":["Predator","Terror"],"picked":"Deadly Poison","floor":6.0},{"not_picked":["Choke","Dodge and Roll"],"picked":"Tactician","floor":10.0},{"not_picked":["Accuracy","Bane"],"picked":"Eviscerate","floor":11.0},{"not_picked":["Acrobatics","Dash"],"picked":"Underhanded Strike","floor":12.0},{"not_picked":["PiercingWail","Slice"],"picked":"Noxious Fumes","floor":13.0},{"not_picked":["PiercingWail","Riddle With Holes"],"picked":"Poisoned Stab","floor":14.0},{"not_picked":["Quick Slash","Skewer","Dash"],"picked":"Singing Bowl","floor":15.0},{"not_picked":["A Thousand Cuts","After Image","Doppelganger"],"picked":"Singing Bowl","floor":16.0},{"not_picked":["Outmaneuver+1","Dodge and Roll+1","Blade Dance+1"],"picked":"Singing Bowl","floor":18},{"not_picked":["Flying Knee","Bouncing Flask"],"picked":"Acrobatics","floor":21}],"player_experience":1545680,"relics_obtained":[{"floor":9.0,"key":"Singing Bowl"},{"floor":10.0,"key":"Tough Bandages"}],"event_choices":[{"damage_healed":0.0,"max_hp_gain":0.0,"max_hp_loss":0.0,"gold_gain":0.0,"event_name":"Golden Wing","player_choice":"Ignored","floor":2.0,"gold_loss":0.0,"damage_taken":0.0},{"damage_healed":0.0,"max_hp_gain":0.0,"max_hp_loss":0.0,"gold_gain":0.0,"event_name":"Purifier","player_choice":"Ignored","floor":3.0,"gold_loss":0.0,"damage_taken":0.0},{"damage_healed":0,"gold_gain":0,"player_choice":"Inject Mutagens","damage_taken":0,"relics_obtained":["MutagenicStrength"],"max_hp_gain":0,"max_hp_loss":0,"event_name":"Drug Dealer","floor":20,"gold_loss":0},{"damage_healed":0,"gold_gain":0,"player_choice":"Paid Fearfully","damage_taken":0,"max_hp_gain":0,"max_hp_loss":0,"event_name":"Masked Bandits","floor":22,"gold_loss":45}],"is_beta":false,"boss_relics":[{"not_picked":["Coffee Dripper","Calling Bell"],"picked":"Black Star"}],"items_purged_floors":[],"is_endless":false,"potions_floor_spawned":[1,11,12,14,18],"killed_by":"Book of Stabbing","ascension_level":9}