{"gold_per_floor":[114,114,39,59,59,59,75,102,172,172,189,207,217,248,248,321,321,337,337,316,332,45,45],"floor_reached":23,"playtime":932,"items_purged":[],"score":506,"play_id":"247f64d9-1967-4969-a116-67d89b1f54d1","local_time":"20190623154323","is_ascension_mode":true,"campfire_choices":[{"floor":6,"key":"REST"},{"floor":15,"key":"REST"}],"neow_cost":"NONE","seed_source_timestamp":93719156743000,"circlet_count":0,"master_deck":["AscendersBane","Strike_B+1","Strike_B+1","Defend_B","Zap","Dualcast","Cold Snap","Melter","Coolheaded","Consume","Loop","Glacier","White Noise","Meteor Strike","Multi-Cast+1","Loop+1","Echo Form+1","Chaos+1","Capacitor","Darkness"],"relics":["Fusion Hammer","Whetstone","Mercury Hourglass","Ancient Tea Set","Astrolabe","Orichalcum","ClockworkSouvenir"],"potions_floor_usage":[5,8,16,16],"damage_taken":[{"damage":0,"enemies":"2 Louse","floor":1,"turns":2},{"damage":0,"enemies":"Jaw Worm","floor":4,"turns":3},{"damage":0,"enemies":"Cultist","floor":7,"turns":3},{"damage":42,"enemies":"Gremlin Nob","floor":8,"turns":5},{"damage":1,"enemies":"Large Slime","floor":11,"turns":5},{"damage":2,"enemies":"Red Slaver","floor":12,"turns":5},{"damage":1,"enemies":"Blue Slaver","floor":13,"turns":4},{"damage":1,"enemies":"3 Sentries","floor":14,"turns":9},{"damage":0,"enemies":"The Guardian","floor":16,"turns":9},{"damage":0,"enemies":"Spheric Guardian","floor":18,"turns":4},{"damage":23,"enemies":"2 Thieves","floor":20,"turns":4},{"damage":8,"enemies":"Centurion and Healer","floor":21,"turns":8},{"damage":23,"enemies":"Slavers","floor":23,"turns":2}],"seed_played":"-2412686425196038917","potions_obtained":[{"floor":5,"key":"Fruit Juice"},{"floor":5,"key":"GamblersBrew"},{"floor":8,"key":"Swift Potion"},{"floor":11,"key":"SpeedPotion"},{"floor":13,"key":"Poison Potion"},{"floor":18,"key":"SpeedPotion"}],"is_trial":false,"path_per_floor":["M","?","?","M","?","R","M","E","T","$","M","M","M","E","R","B",null,"M","?","M","M","$","E"],"character_chosen":"DEFECT","items_purchased":["ClockworkSouvenir","Darkness"],"campfire_rested":2,"item_purchase_floors":[22,22],"current_hp_per_floor":[64,57,57,57,62,76,76,34,34,34,33,31,30,29,51,51,70,70,70,47,39,39,16],"gold":45,"neow_bonus":"BOSS_RELIC","is_prod":false,"is_daily":false,"chose_seed":false,"campfire_upgraded":0,"win_rate":0,"timestamp":1561272203,"path_taken":["M","?","?","M","?","R","M","E","T","$","M","?","M","E","R","BOSS","M","?","M","?","?","E"],"build_version":"2019-01-23","purchased_purges":0,"victory":false,"max_hp_per_floor":[71,71,71,71,76,76,76,76,76,76,76,76,76,76,76,76,76,76,76,76,76,76,76],"card_choices":[{"not_picked":["Steam","Go for the Eyes"],"picked":"Cold Snap","floor":1},{"not_picked":["Stack","Darkness"],"picked":"Melter","floor":4},{"not_picked":["Beam Cell","Turbo","Chaos"],"picked":"SKIP","floor":7},{"not_picked":["Chaos","Barrage"],"picked":"Coolheaded","floor":8},{"not_picked":["Streamline","Rebound"],"picked":"Consume","floor":11},{"not_picked":["Sunder","Rebound"],"picked":"Loop","floor":12},{"not_picked":["BootSequence","Buffer"],"picked":"Glacier","floor":13},{"not_picked":["Amplify","Cold Snap"],"picked":"White Noise","floor":14},{"not_picked":["Amplify","Multi-Cast"],"picked":"Meteor Strike","floor":16},{"not_picked":["Redo","Compile Driver"],"picked":"Chaos+1","floor":18},{"not_picked":["Scrape","Beam Cell","Force Field"],"picked":"SKIP","floor":20},{"not_picked":["Beam Cell","Skim+1"],"picked":"Capacitor","floor":21}],"player_experience":762494,"relics_obtained":[{"floor":8,"key":"Whetstone"},{"floor":9,"key":"Mercury Hourglass"},{"floor":14,"key":"Ancient Tea Set"}],"event_choices":[{"cards_removed":["Strike_B"],"damage_healed":0,"gold_gain":0,"player_choice":"Card Removal","damage_taken":7,"max_hp_gain":0,"max_hp_loss":0,"event_name":"Golden Wing","floor":2,"gold_loss":0},{"cards_removed":["Defend_B"],"damage_healed":0,"gold_gain":0,"player_choice":"Card Removal","damage_taken":0,"max_hp_gain":0,"max_hp_loss":0,"event_name":"The Cleric","floor":3,"gold_loss":75},{"damage_healed":0,"gold_gain":0,"player_choice":"Got Potions","damage_taken":0,"max_hp_gain":0,"max_hp_loss":0,"event_name":"Lab","floor":5,"gold_loss":0},{"damage_healed":0,"gold_gain":0,"player_choice":"Gave Potion","damage_taken":0,"relics_obtained":["Orichalcum"],"max_hp_gain":0,"max_hp_loss":0,"event_name":"WeMeetAgain","floor":19,"gold_loss":0}],"is_beta":false,"boss_relics":[{"not_picked":["Empty Cage","Eternal Feather"],"picked":"Astrolabe"}],"items_purged_floors":[],"is_endless":false,"potions_floor_spawned":[8,11,12,13,18],"killed_by":"Slavers","ascension_level":20}