{"gold_per_floor":[119,33,44,57,77,77,109,109,160,177,177,177,177,191,191,268,268,285,285,285,301,316,316,326,326,350,365,365,365],"floor_reached":29,"playtime":856,"items_purged":[],"score":454,"play_id":"6d206882-f917-41c1-8730-24b1a4487437","local_time":"20190728190054","is_ascension_mode":true,"campfire_choices":[{"data":"Sunder","floor":6,"key":"SMITH"},{"floor":8,"key":"REST"},{"data":"Creative AI","floor":15,"key":"SMITH"},{"data":"Capacitor","floor":23,"key":"SMITH"},{"data":"Biased Cognition","floor":25,"key":"SMITH"},{"floor":28,"key":"REST"}],"neow_cost":"NONE","seed_source_timestamp":790061391116300,"circlet_count":0,"master_deck":["AscendersBane","Strike_B","Strike_B","Strike_B","Defend_B","Defend_B","Defend_B","Defend_B","Zap","Dualcast","Sunder+1","Capacitor+1","Creative AI+1","Chill","Glacier","Ball Lightning","Biased Cognition+1","Consume+1"],"relics":["Cracked Core","NeowsBlessing","Darkstone Periapt","Bag of Marbles","Velvet Choker","Centennial Puzzle"],"potions_floor_usage":[5,16,18,24,29],"damage_taken":[{"damage":0,"enemies":"Cultist","floor":1,"turns":1},{"damage":0,"enemies":"Small Slimes","floor":3,"turns":1},{"damage":0,"enemies":"2 Louse","floor":4,"turns":1},{"damage":21,"enemies":"Large Slime","floor":5,"turns":5},{"damage":39,"enemies":"Lagavulin","floor":7,"turns":10},{"damage":14,"enemies":"Exordium Wildlife","floor":10,"turns":4},{"damage":1,"enemies":"Gremlin Gang","floor":14,"turns":5},{"damage":18,"enemies":"Slime Boss","floor":16,"turns":8},{"damage":1,"enemies":"3 Byrds","floor":18,"turns":6},{"damage":6,"enemies":"Spheric Guardian","floor":21,"turns":3},{"damage":0,"enemies":"Snecko","floor":22,"turns":6},{"damage":31,"enemies":"3 Cultists","floor":24,"turns":6},{"damage":19,"enemies":"Shelled Parasite and Fungi","floor":27,"turns":7},{"damage":16,"enemies":"Cultist and Chosen","floor":29,"turns":4}],"seed_played":"-4153051581966437945","potions_obtained":[{"floor":4,"key":"Fruit Juice"},{"floor":5,"key":"LiquidBronze"},{"floor":7,"key":"FocusPotion"},{"floor":14,"key":"FocusPotion"},{"floor":16,"key":"SkillPotion"},{"floor":22,"key":"AttackPotion"},{"floor":27,"key":"AttackPotion"}],"is_trial":false,"path_per_floor":["M","$","M","M","M","R","E","R","T","M","?","?","?","M","R","B",null,"M","?","?","M","M","R","M","R","T","M","R","M"],"character_chosen":"DEFECT","items_purchased":["Sunder"],"campfire_rested":2,"item_purchase_floors":[2],"current_hp_per_floor":[64,64,64,64,48,48,9,31,31,17,17,42,35,34,34,16,61,60,60,60,54,54,54,23,23,23,4,26,10],"gold":365,"neow_bonus":"THREE_ENEMY_KILL","is_prod":false,"is_daily":false,"chose_seed":false,"campfire_upgraded":4,"win_rate":0,"timestamp":1564308054,"path_taken":["M","$","?","M","M","R","E","R","T","M","?","?","?","M","R","BOSS","M","?","?","M","?","R","M","R","T","M","R","M"],"build_version":"2019-07-17","purchased_purges":0,"victory":false,"max_hp_per_floor":[71,71,71,71,76,76,76,76,76,76,76,76,76,76,76,76,76,76,76,76,76,76,76,76,76,76,76,76,76],"card_choices":[{"not_picked":["Leap","Steam Power","Recycle"],"picked":"SKIP","floor":1},{"not_picked":["Turbo","Chaos"],"picked":"Capacitor","floor":3},{"not_picked":["Go for the Eyes","Stack"],"picked":"Creative AI","floor":4},{"not_picked":["Stack","Beam Cell"],"picked":"Chill","floor":5},{"not_picked":["Sweeping Beam","Go for the Eyes"],"picked":"Glacier","floor":7},{"not_picked":["Leap","Go for the Eyes"],"picked":"Ball Lightning","floor":10},{"not_picked":["Lockon","Leap","Scrape"],"picked":"SKIP","floor":14},{"not_picked":["Meteor Strike","Core Surge"],"picked":"Biased Cognition","floor":16},{"not_picked":["Compile Driver+1","Turbo","Doom and Gloom"],"picked":"SKIP","floor":18},{"not_picked":["Streamline","Melter","Steam"],"picked":"SKIP","floor":21},{"not_picked":["Barrage+1","Turbo","Stack"],"picked":"SKIP","floor":22},{"not_picked":["Barrage+1","Turbo","Stack"],"picked":"SKIP","floor":22},{"not_picked":["BootSequence","Reinforced Body","Rip and Tear"],"picked":"SKIP","floor":24},{"not_picked":["Compile Driver","Leap","Turbo"],"picked":"SKIP","floor":27}],"player_experience":1257822,"relics_obtained":[{"floor":7,"key":"Darkstone Periapt"},{"floor":9,"key":"Bag of Marbles"},{"floor":26,"key":"Centennial Puzzle"}],"event_choices":[{"damage_healed":0,"gold_gain":0,"player_choice":"Ignored","damage_taken":0,"max_hp_gain":0,"max_hp_loss":0,"event_name":"Shining Light","floor":11,"gold_loss":0},{"damage_healed":25,"gold_gain":0,"player_choice":"Banana","damage_taken":0,"max_hp_gain":0,"max_hp_loss":0,"event_name":"Big Fish","floor":12,"gold_loss":0},{"cards_removed":["Strike_B"],"damage_healed":0,"gold_gain":0,"player_choice":"Card Removal","damage_taken":7,"max_hp_gain":0,"max_hp_loss":0,"event_name":"Golden Wing","floor":13,"gold_loss":0},{"damage_healed":0,"gold_gain":0,"player_choice":"Read","damage_taken":0,"max_hp_gain":0,"max_hp_loss":0,"event_name":"The Library","floor":19,"gold_loss":0,"cards_obtained":["Consume"]},{"damage_healed":0,"gold_gain":0,"player_choice":"Upgraded","damage_taken":0,"max_hp_gain":0,"max_hp_loss":0,"event_name":"Upgrade Shrine","floor":20,"gold_loss":0,"cards_upgraded":["Consume"]}],"is_beta":false,"boss_relics":[{"not_picked":["Lizard Tail","White Beast Statue"],"picked":"Velvet Choker"}],"items_purged_floors":[],"is_endless":false,"potions_floor_spawned":[4,5,7,10,14,16,22,27],"killed_by":"Cultist and Chosen","ascension_level":20}