{"gold_per_floor":[117,117,133,143,153,212,212,227,275,307,307,142,167,183,183,183],"floor_reached":16,"playtime":537,"items_purged":["Strike_R"],"score":244,"play_id":"cb36f915-ca1d-4053-8b8f-d7274752bcda","local_time":"20190712153525","is_ascension_mode":true,"campfire_choices":[{"data":"Armaments","floor":7,"key":"SMITH"},{"floor":11,"key":"REST"},{"data":"Carnage","floor":15,"key":"SMITH"}],"neow_cost":"NONE","seed_source_timestamp":88356201817000,"circlet_count":0,"master_deck":["AscendersBane","Strike_R","Strike_R","Strike_R","Defend_R","Defend_R","Defend_R","Defend_R","Bash","Pommel Strike","Armaments+1","Cleave","Shrug It Off","Battle Trance","Shockwave","Carnage+1"],"relics":["Burning Blood","NeowsBlessing","Tiny Chest","Ancient Tea Set","Mummified Hand","Vajra"],"potions_floor_usage":[13,16,16],"damage_taken":[{"damage":0,"enemies":"Small Slimes","floor":1,"turns":1},{"damage":0,"enemies":"Cultist","floor":3,"turns":1},{"damage":0,"enemies":"Jaw Worm","floor":4,"turns":1},{"damage":7,"enemies":"Looter","floor":5,"turns":4},{"damage":32,"enemies":"Gremlin Nob","floor":6,"turns":4},{"damage":5,"enemies":"Lots of Slimes","floor":8,"turns":3},{"damage":47,"enemies":"3 Sentries","floor":10,"turns":10},{"damage":25,"enemies":"Lagavulin","floor":13,"turns":5},{"damage":0,"enemies":"Large Slime","floor":14,"turns":3},{"damage":14,"enemies":"Slime Boss","floor":16,"turns":6}],"seed_played":"-1434587862612291607","potions_obtained":[{"floor":4,"key":"EssenceOfSteel"},{"floor":6,"key":"Poison Potion"},{"floor":10,"key":"Fire Potion"},{"floor":14,"key":"Dexterity Potion"}],"is_trial":false,"path_per_floor":["M","?","M","M","M","E","R","M","T","E","R","$","E","M","R","B"],"character_chosen":"IRONCLAD","items_purchased":["Carnage"],"campfire_rested":1,"item_purchase_floors":[12],"current_hp_per_floor":[74,74,75,75,74,48,48,49,49,8,30,30,11,17,17,3],"gold":183,"neow_bonus":"THREE_ENEMY_KILL","is_prod":false,"is_daily":false,"chose_seed":false,"campfire_upgraded":2,"win_rate":0,"timestamp":1562913325,"path_taken":["M","?","?","M","M","E","R","M","T","E","R","$","E","M","R","BOSS"],"build_version":"2019-07-05","purchased_purges":1,"victory":false,"max_hp_per_floor":[75,75,75,75,75,75,75,75,75,75,75,75,75,75,75,75],"card_choices":[{"not_picked":["Uppercut","Warcry"],"picked":"Pommel Strike","floor":1},{"not_picked":["Body Slam","Blood for Blood","Fire Breathing"],"picked":"SKIP","floor":3},{"not_picked":["Flame Barrier","Infernal Blade"],"picked":"Armaments","floor":4},{"not_picked":["Clothesline","Infernal Blade"],"picked":"Cleave","floor":5},{"not_picked":["Warcry","Heavy Blade"],"picked":"Shrug It Off","floor":6},{"not_picked":["Body Slam","True Grit"],"picked":"Battle Trance","floor":8},{"not_picked":["Warcry","Limit Break"],"picked":"Shockwave","floor":10},{"not_picked":["Sever Soul","Entrench","Dual Wield"],"picked":"SKIP","floor":13},{"not_picked":["Armaments","Wild Strike","Havoc"],"picked":"SKIP","floor":14}],"player_experience":985610,"relics_obtained":[{"floor":6,"key":"Tiny Chest"},{"floor":9,"key":"Ancient Tea Set"},{"floor":10,"key":"Mummified Hand"},{"floor":13,"key":"Vajra"}],"event_choices":[{"cards_removed":["Strike_R"],"damage_healed":0,"gold_gain":0,"player_choice":"Offered Basic","damage_taken":0,"max_hp_gain":0,"max_hp_loss":0,"event_name":"Bonfire Elementals","floor":2,"gold_loss":0}],"is_beta":false,"boss_relics":[],"items_purged_floors":[12],"is_endless":false,"potions_floor_spawned":[4,6,10,14],"killed_by":"Slime Boss","ascension_level":20}