{"gold_per_floor":[117,42,57,67,77,77,105,105,105,125,144,174,174,193,193,295,295,307,307,336,336,336,336],"floor_reached":23,"playtime":1863,"items_purged":["Strike_B"],"score":231,"play_id":"a369df3f-0cf2-4435-a980-898263c7d932","local_time":"20190201070522","is_ascension_mode":true,"campfire_choices":[{"data":"Barrage","floor":6,"key":"SMITH"},{"floor":15,"key":"REST"}],"neow_cost":"NONE","seed_source_timestamp":37678273163489,"circlet_count":0,"master_deck":["Strike_B","Strike_B","Strike_B","Defend_B","Defend_B","Defend_B","Defend_B","Zap","Dualcast","Barrage+1","Ball Lightning","Rebound","Coolheaded+1","Gash+1","Conserve Battery","Go for the Eyes","Defragment","Double Energy","Loop","Echo Form","Cold Snap","Redo"],"relics":["Cracked Core","Vajra","Dream Catcher","Question Card","Busted Crown","MutagenicStrength","Red Mask","Unceasing Top"],"potions_floor_usage":[23,23],"damage_taken":[{"damage":2,"enemies":"Jaw Worm","floor":1,"turns":3},{"damage":0,"enemies":"Small Slimes","floor":3,"turns":3},{"damage":7,"enemies":"2 Louse","floor":4,"turns":3},{"damage":1,"enemies":"Looter","floor":5,"turns":2},{"damage":29,"enemies":"Lagavulin","floor":7,"turns":4},{"damage":9,"enemies":"Exordium Wildlife","floor":10,"turns":3},{"damage":4,"enemies":"Red Slaver","floor":11,"turns":4},{"damage":14,"enemies":"Gremlin Nob","floor":12,"turns":3},{"damage":12,"enemies":"Lots of Slimes","floor":14,"turns":4},{"damage":18,"enemies":"Hexaghost","floor":16,"turns":9},{"damage":16,"enemies":"Spheric Guardian","floor":18,"turns":4},{"damage":29,"enemies":"Masked Bandits","floor":20,"turns":4},{"damage":25,"enemies":"Colosseum Slavers","floor":21,"turns":4},{"damage":13,"enemies":"Slavers","floor":23,"turns":2}],"seed_played":"878268679525031404","potions_obtained":[{"floor":1,"key":"SpeedPotion"},{"floor":5,"key":"SpeedPotion"},{"floor":7,"key":"GamblersBrew"},{"floor":16,"key":"Strength Potion"}],"is_trial":false,"path_per_floor":["M","$","M","M","M","R","E","?","T","M","M","E","?","M","R","B",null,"M","?","?","?","T","E"],"character_chosen":"DEFECT","items_purchased":[],"campfire_rested":1,"item_purchase_floors":[],"current_hp_per_floor":[80,80,80,73,72,72,43,70,70,61,57,43,27,15,39,21,82,66,66,37,12,12,0],"gold":336,"neow_bonus":"TEN_PERCENT_HP_BONUS","is_prod":false,"is_daily":false,"chose_seed":false,"campfire_upgraded":1,"win_rate":0,"timestamp":1549001122,"path_taken":["M","$","M","M","M","R","E","?","T","M","M","E","?","M","R","BOSS","M","?","?","?","?","E"],"build_version":"2019-01-23","purchased_purges":1,"victory":false,"max_hp_per_floor":[82,82,82,82,82,82,82,82,82,82,82,82,82,82,82,82,82,82,82,82,82,82,82],"card_choices":[{"not_picked":["Leap","Fusion"],"picked":"Barrage","floor":1},{"not_picked":["Steam","Go for the Eyes"],"picked":"Ball Lightning","floor":3},{"not_picked":["Reprogram","Go for the Eyes"],"picked":"Rebound","floor":4},{"not_picked":["White Noise","Sweeping Beam"],"picked":"Coolheaded","floor":5},{"not_picked":["Conserve Battery","Sweeping Beam"],"picked":"Gash","floor":7},{"not_picked":["Barrage","Sweeping Beam"],"picked":"Conserve Battery","floor":10},{"not_picked":["Turbo","Compile Driver"],"picked":"Go for the Eyes","floor":11},{"not_picked":["Hyperbeam","Scrape"],"picked":"Defragment","floor":12},{"not_picked":["Streamline","Conserve Battery","Go for the Eyes"],"picked":"Double Energy","floor":14},{"not_picked":["Conserve Battery","Darkness","Steam Power"],"picked":"Loop","floor":15},{"not_picked":["Thunder Strike","Buffer","Biased Cognition"],"picked":"Echo Form","floor":16},{"not_picked":["Reprogram"],"picked":"Cold Snap","floor":18},{"not_picked":["Auto Shields"],"picked":"Redo","floor":20}],"player_experience":287843,"relics_obtained":[{"floor":7,"key":"Vajra"},{"floor":9,"key":"Dream Catcher"},{"floor":12,"key":"Question Card"},{"floor":20,"key":"Red Mask"},{"floor":22,"key":"Unceasing Top"}],"event_choices":[{"damage_healed":27,"gold_gain":0,"player_choice":"Banana","damage_taken":0,"max_hp_gain":0,"max_hp_loss":0,"event_name":"Big Fish","floor":8,"gold_loss":0},{"damage_healed":0,"gold_gain":0,"player_choice":"Entered Light","damage_taken":16,"max_hp_gain":0,"max_hp_loss":0,"event_name":"Shining Light","floor":13,"gold_loss":0,"cards_upgraded":["Gash","Coolheaded"]},{"damage_healed":0,"gold_gain":0,"player_choice":"Inject Mutagens","damage_taken":0,"relics_obtained":["MutagenicStrength"],"max_hp_gain":0,"max_hp_loss":0,"event_name":"Drug Dealer","floor":19,"gold_loss":0},{"damage_healed":0,"gold_gain":0,"player_choice":"Fought Bandits","damage_taken":0,"max_hp_gain":0,"max_hp_loss":0,"event_name":"Masked Bandits","floor":20,"gold_loss":0},{"damage_healed":0,"gold_gain":0,"player_choice":"Fight","damage_taken":0,"max_hp_gain":0,"max_hp_loss":0,"event_name":"Colosseum","floor":21,"gold_loss":0},{"damage_healed":0,"gold_gain":0,"player_choice":"Fled From Nobs","damage_taken":0,"max_hp_gain":0,"max_hp_loss":0,"event_name":"Colosseum","floor":21,"gold_loss":0}],"is_beta":false,"boss_relics":[{"not_picked":["Ectoplasm","Eternal Feather"],"picked":"Busted Crown"}],"items_purged_floors":[2],"is_endless":false,"potions_floor_spawned":[1,5,7,14,16],"killed_by":"Slavers","ascension_level":3}