{"gold_per_floor":[109,109,120,135,47,77,77,77,77,2,20,33,47,57,57,152,152,172,172,186,111,26,26,26,41,41,53,76,0,12,39,51,63],"floor_reached":33,"playtime":1409,"items_purged":["Strike_R"],"score":423,"play_id":"a856a9d8-fd40-4f3d-ab1b-bad14e1bd4c6","local_time":"20190201131536","is_ascension_mode":true,"campfire_choices":[{"floor":7,"key":"REST"},{"floor":15,"key":"REST"},{"floor":23,"key":"REST"},{"floor":30,"key":"REST"},{"floor":32,"key":"REST"}],"neow_cost":"NONE","seed_source_timestamp":1164986536719859,"circlet_count":0,"master_deck":["AscendersBane","Bash","Uppercut","Flame Barrier","Sword Boomerang","Panacea","Shrug It Off","Headbutt","Intimidate","Shockwave","Feed","Wild Strike","Iron Wave","Blood for Blood","Seeing Red","Rupture","Pommel Strike","Combust","Dual Wield","Combust+1","Spot Weakness","Thunderclap+1","Second Wind+1"],"relics":["Burning Blood","Bag of Marbles","Matryoshka","NlothsMask","Ancient Tea Set","Pandora\u0027s Box","Nilry\u0027s Codex","Pear","Dodecahedron","MawBank"],"potions_floor_usage":[20,33,33],"damage_taken":[{"damage":9,"enemies":"2 Louse","floor":1,"turns":3},{"damage":0,"enemies":"Cultist","floor":3,"turns":2},{"damage":7,"enemies":"Small Slimes","floor":4,"turns":2},{"damage":58,"enemies":"Lagavulin","floor":6,"turns":9},{"damage":22,"enemies":"Gremlin Gang","floor":11,"turns":7},{"damage":4,"enemies":"Blue Slaver","floor":12,"turns":5},{"damage":0,"enemies":"Large Slime","floor":13,"turns":5},{"damage":3,"enemies":"2 Fungi Beasts","floor":14,"turns":3},{"damage":63,"enemies":"The Guardian","floor":16,"turns":16},{"damage":20,"enemies":"Spheric Guardian","floor":18,"turns":4},{"damage":14,"enemies":"Chosen","floor":20,"turns":4},{"damage":31,"enemies":"Snake Plant","floor":25,"turns":3},{"damage":37,"enemies":"Snecko","floor":28,"turns":5},{"damage":12,"enemies":"Cultist and Chosen","floor":31,"turns":5},{"damage":90,"enemies":"Collector","floor":33,"turns":6}],"seed_played":"-6252047552715399566","potions_obtained":[{"floor":1,"key":"SpeedPotion"},{"floor":2,"key":"LiquidBronze"},{"floor":2,"key":"BloodPotion"},{"floor":25,"key":"SkillPotion"}],"is_trial":false,"path_per_floor":["M","?","M","M","$","E","R","?","T","$","M","M","M","M","R","B",null,"M","?","M","?","?","R","$","M","T","?","M","?","R","M","R","B"],"character_chosen":"IRONCLAD","items_purchased":["Panacea"],"campfire_rested":5,"item_purchase_floors":[5],"current_hp_per_floor":[69,69,75,74,74,22,46,46,46,46,30,32,38,41,65,8,62,48,32,32,32,42,69,69,47,47,47,19,19,47,41,69,0],"gold":63,"neow_bonus":"RANDOM_COMMON_RELIC","is_prod":false,"is_daily":false,"chose_seed":false,"campfire_upgraded":0,"win_rate":0,"timestamp":1549044936,"path_taken":["M","?","?","M","?","E","R","?","T","$","M","M","?","M","R","BOSS","M","?","M","?","?","R","$","M","T","?","M","?","R","M","R","BOSS"],"build_version":"2019-01-23","purchased_purges":1,"victory":false,"max_hp_per_floor":[80,80,80,80,80,80,80,80,80,80,80,80,80,80,80,80,80,80,80,80,80,90,90,90,93,93,93,96,96,96,96,96,96],"card_choices":[{"not_picked":["True Grit","Havoc"],"picked":"Uppercut","floor":1},{"not_picked":["Blood for Blood","Feel No Pain"],"picked":"Flame Barrier","floor":3},{"not_picked":["Flex","Evolve"],"picked":"Sword Boomerang","floor":4},{"not_picked":["Clothesline","Brutality"],"picked":"Shrug It Off","floor":6},{"not_picked":["Sword Boomerang","Twin Strike"],"picked":"Anger","floor":11},{"not_picked":["Body Slam","True Grit"],"picked":"Headbutt","floor":12},{"not_picked":["Sword Boomerang","Armaments"],"picked":"Intimidate","floor":13},{"not_picked":["Thunderclap","Shrug It Off"],"picked":"Shockwave","floor":14},{"not_picked":["Bludgeon","Berserk"],"picked":"Feed","floor":16},{"not_picked":["Body Slam","Shrug It Off"],"picked":"Dual Wield","floor":18},{"not_picked":["Anger","Havoc"],"picked":"Combust+1","floor":20},{"not_picked":["Bludgeon","Twin Strike"],"picked":"Spot Weakness","floor":25},{"not_picked":["Reckless Charge","Pommel Strike+1"],"picked":"Thunderclap+1","floor":28},{"not_picked":["Shrug It Off","Cleave"],"picked":"Second Wind+1","floor":31}],"player_experience":574963,"relics_obtained":[{"floor":6,"key":"Matryoshka"},{"floor":9,"key":"Ancient Tea Set"},{"floor":19,"key":"Nilry\u0027s Codex"},{"floor":26,"key":"Dodecahedron"},{"floor":26,"key":"MawBank"}],"event_choices":[{"damage_healed":0,"gold_gain":0,"player_choice":"Got Potions","damage_taken":0,"max_hp_gain":0,"max_hp_loss":0,"event_name":"Lab","floor":2,"gold_loss":0},{"damage_healed":0,"gold_gain":0,"player_choice":"Trade","damage_taken":0,"relics_obtained":["NlothsMask"],"max_hp_gain":0,"max_hp_loss":0,"event_name":"FaceTrader","floor":8,"gold_loss":0},{"damage_healed":0,"gold_gain":0,"player_choice":"Obtained Book","damage_taken":16,"max_hp_gain":0,"max_hp_loss":0,"event_name":"Cursed Tome","floor":19,"gold_loss":0},{"cards_removed":["Anger"],"damage_healed":0,"gold_gain":0,"player_choice":"Gave Gold","damage_taken":0,"max_hp_gain":0,"max_hp_loss":0,"event_name":"Beggar","floor":21,"gold_loss":75},{"damage_healed":0,"gold_gain":0,"player_choice":"Obtained Relic","damage_taken":0,"relics_obtained":["Pear"],"max_hp_gain":0,"max_hp_loss":0,"event_name":"Addict","floor":22,"gold_loss":85},{"cards_removed":["Bludgeon"],"damage_healed":0,"gold_gain":0,"player_choice":"Elegance","damage_taken":0,"max_hp_gain":0,"max_hp_loss":0,"event_name":"Back to Basics","floor":27,"gold_loss":0},{"damage_healed":0,"gold_gain":0,"player_choice":"Paid Fearfully","damage_taken":0,"max_hp_gain":0,"max_hp_loss":0,"event_name":"Masked Bandits","floor":29,"gold_loss":88}],"is_beta":true,"boss_relics":[{"not_picked":["Black Star","Cursed Key"],"picked":"Pandora\u0027s Box"}],"items_purged_floors":[10],"is_endless":false,"potions_floor_spawned":[1,3,4,6,16,25,28,31],"killed_by":"Collector","ascension_level":12}