{"gold_per_floor":[10,26,43,43,54,83,83,113,113,147,222,232,232,243,243,346,346,360,377,52,66,66,100,115,115],"floor_reached":25,"playtime":1845,"items_purged":["Strike_R"],"score":306,"play_id":"7eb0b2a5-7997-4d44-b60d-d082cfebd585","local_time":"20180925213316","is_ascension_mode":true,"campfire_choices":[{"floor":7.0,"key":"REST"},{"floor":13.0,"key":"REST"},{"floor":15.0,"key":"REST"}],"neow_cost":"NO_GOLD","seed_source_timestamp":343817285700270,"circlet_count":0,"master_deck":["Strike_R","Strike_R","Strike_R","Defend_R","Defend_R","Defend_R","Bash","Reaper","Perfected Strike","Ghostly Armor","Shrug It Off","Headbutt","Demon Form","Perfected Strike","Twin Strike","Pommel Strike","True Grit","Shockwave","Wild Strike","Shrug It Off","Limit Break","Warcry","Inflame","Inflame","Infernal Blade","Sword Boomerang+1","Twin Strike"],"special_seed":0,"relics":["Black Blood","Dream Catcher","Bronze Scales","Boot","Sundial","Lantern","PreservedInsect"],"potions_floor_usage":[23,23,23],"damage_taken":[{"damage":6.0,"enemies":"Jaw Worm","floor":1.0,"turns":6.0},{"damage":11.0,"enemies":"Cultist","floor":2.0,"turns":4.0},{"damage":5.0,"enemies":"Small Slimes","floor":3.0,"turns":5.0},{"damage":11.0,"enemies":"2 Fungi Beasts","floor":5.0,"turns":4.0},{"damage":57.0,"enemies":"Lagavulin","floor":6.0,"turns":10.0},{"damage":24.0,"enemies":"3 Sentries","floor":8.0,"turns":7.0},{"damage":22.0,"enemies":"Lagavulin","floor":10.0,"turns":5.0},{"damage":0.0,"enemies":"Looter","floor":12.0,"turns":1.0},{"damage":25.0,"enemies":"Gremlin Gang","floor":14.0,"turns":3.0},{"damage":53.0,"enemies":"The Guardian","floor":16.0,"turns":8.0},{"damage":20.0,"enemies":"3 Byrds","floor":18.0,"turns":3.0},{"damage":20.0,"enemies":"Shell Parasite","floor":19.0,"turns":5.0},{"damage":21,"enemies":"Sentry and Sphere","floor":21,"turns":5},{"damage":50,"enemies":"Slavers","floor":23,"turns":4},{"damage":10,"enemies":"Snecko","floor":24,"turns":4},{"damage":18,"enemies":"Snake Plant","floor":25,"turns":2}],"seed_played":"4310923129480608510","potions_obtained":[{"floor":6.0,"key":"SkillPotion"},{"floor":8.0,"key":"Swift Potion"},{"floor":10.0,"key":"Fire Potion"},{"floor":12.0,"key":"Explosive Potion"},{"floor":19.0,"key":"Regen Potion"},{"floor":21,"key":"SkillPotion"}],"is_trial":false,"path_per_floor":["M","M","M","?","M","E","R","E","T","E","?","M","R","M","R","B",null,"M","M","$","M","?","E","M"],"character_chosen":"IRONCLAD","items_purchased":["Lantern","Inflame","Infernal Blade"],"campfire_rested":3,"item_purchase_floors":[20,20,20],"current_hp_per_floor":[80,79,80,73,75,30,54,44,44,32,21,27,51,41,65,22,66,62,52,52,41,41,18,18,0],"gold":115,"neow_bonus":"THREE_RARE_CARDS","is_prod":false,"is_daily":false,"chose_seed":false,"campfire_upgraded":0,"win_rate":0,"timestamp":1537925596,"path_taken":["M","M","M","?","M","E","R","E","T","E","?","M","R","M","R","BOSS","M","M","$","M","?","E","M","M"],"build_version":"2018-09-20","purchased_purges":1,"victory":false,"max_hp_per_floor":[80,80,80,80,80,80,80,80,80,80,80,80,80,80,80,80,80,80,80,80,80,80,80,80,80],"card_choices":[{"not_picked":["Dark Embrace","Bludgeon"],"picked":"Reaper","floor":0.0},{"not_picked":["Clothesline","Hemokinesis"],"picked":"Perfected Strike","floor":1.0},{"not_picked":["Iron Wave","Headbutt"],"picked":"Ghostly Armor","floor":2.0},{"not_picked":["Bloodletting","Seeing Red"],"picked":"Shrug It Off","floor":3.0},{"not_picked":["Thunderclap","Heavy Blade"],"picked":"Headbutt","floor":5.0},{"not_picked":["Body Slam","Juggernaut"],"picked":"Demon Form","floor":6.0},{"not_picked":["Havoc","Entrench"],"picked":"Perfected Strike","floor":7.0},{"not_picked":["Iron Wave","Rupture"],"picked":"Twin Strike","floor":8.0},{"not_picked":["Thunderclap","Uppercut"],"picked":"Pommel Strike","floor":10.0},{"not_picked":["Entrench","Sentinel"],"picked":"True Grit","floor":12.0},{"not_picked":["Warcry","Whirlwind"],"picked":"Shockwave","floor":13.0},{"not_picked":["Dropkick","Exhume"],"picked":"Wild Strike","floor":14.0},{"not_picked":["Dual Wield","Clash"],"picked":"Shrug It Off","floor":15.0},{"not_picked":["Exhume","Brutality"],"picked":"Limit Break","floor":16.0},{"not_picked":["Second Wind","Uppercut"],"picked":"Warcry","floor":18.0},{"not_picked":["Thunderclap","Clash"],"picked":"Inflame","floor":19.0},{"not_picked":["Headbutt+1","Whirlwind+1"],"picked":"Sword Boomerang+1","floor":21},{"not_picked":["Headbutt","Evolve","Cleave"],"picked":"SKIP","floor":23},{"not_picked":["Dual Wield","Brutality"],"picked":"Twin Strike","floor":24}],"player_experience":471525,"relics_obtained":[{"floor":6.0,"key":"Dream Catcher"},{"floor":8.0,"key":"Bronze Scales"},{"floor":9.0,"key":"Boot"},{"floor":10.0,"key":"Sundial"},{"floor":23,"key":"PreservedInsect"}],"event_choices":[{"event_name":"Golden Wing","player_choice":"Card Removal","floor":4.0,"damage_taken":0.0},{"event_name":"World of Goop","player_choice":"Gather Gold","floor":11.0,"damage_taken":0.0},{"event_name":"Purifier","player_choice":"One Purge","floor":22,"damage_taken":0}],"is_beta":false,"boss_relics":[{"not_picked":["Pandora\u0027s Box","Runic Cube"],"picked":"Black Blood"}],"items_purged_floors":[20],"is_endless":false,"potions_floor_spawned":[6,8,10,12,14,19,21],"killed_by":"Snake Plant","ascension_level":5}