{"gold_per_floor":[114,114,130,130,55,87,87,120,120,154,172,207,207,222,222,323,323,343,343,22,40,54,54,79,79,79,79,79,92,124,86,86,86],"floor_reached":33,"playtime":1942,"items_purged":["Defend_R"],"score":560,"play_id":"e34aa9bc-cab2-4709-9167-2c5c73596072","local_time":"20181031161525","is_ascension_mode":true,"campfire_choices":[{"data":"Shockwave","floor":7.0,"key":"SMITH"},{"floor":13.0,"key":"REST"},{"floor":15.0,"key":"REST"},{"floor":23.0,"key":"REST"},{"floor":25.0,"key":"REST"},{"floor":27.0,"key":"REST"},{"floor":32,"key":"REST"}],"neow_cost":"NONE","seed_source_timestamp":0,"circlet_count":0,"master_deck":["Strike_R","Strike_R","Strike_R","Defend_R","Defend_R","Defend_R","Bash","AscendersBane","Disarm","Inflame","Shockwave+1","Demon Form+1","Barricade+1","Headbutt","Power Through","Armaments","Juggernaut+1","Evolve+1","Shrug It Off","Spot Weakness","Entrench","Heavy Blade","Power Through+1","Writhe","Iron Wave","Heavy Blade+1","Feel No Pain+1"],"special_seed":0,"relics":["Burning Blood","NeowsBlessing","Dodecahedron","Frozen Egg 2","Sundial","Letter Opener","Potion Belt","Mark of Pain","TheAbacus","Ornamental Fan","Shuriken","Oddly Smooth Stone","Ancient Tea Set"],"potions_floor_usage":[33],"damage_taken":[{"damage":0.0,"enemies":"2 Louse","floor":1.0,"turns":1.0},{"damage":1.0,"enemies":"Small Slimes","floor":3.0,"turns":2.0},{"damage":0.0,"enemies":"Gremlin Nob","floor":6.0,"turns":1.0},{"damage":36.0,"enemies":"3 Sentries","floor":8.0,"turns":12.0},{"damage":18.0,"enemies":"Gremlin Nob","floor":10.0,"turns":5.0},{"damage":9.0,"enemies":"Jaw Worm","floor":11.0,"turns":4.0},{"damage":25.0,"enemies":"3 Sentries","floor":12.0,"turns":10.0},{"damage":15.0,"enemies":"2 Fungi Beasts","floor":14.0,"turns":4.0},{"damage":10.0,"enemies":"Hexaghost","floor":16.0,"turns":10.0},{"damage":25.0,"enemies":"Spheric Guardian","floor":18.0,"turns":4.0},{"damage":12.0,"enemies":"Chosen","floor":21.0,"turns":5.0},{"damage":41.0,"enemies":"Centurion and Healer","floor":22.0,"turns":7.0},{"damage":30.0,"enemies":"Gremlin Leader","floor":24.0,"turns":7.0},{"damage":14.0,"enemies":"Snake Plant","floor":29.0,"turns":6.0},{"damage":43.0,"enemies":"Slavers","floor":30.0,"turns":6.0},{"damage":53,"enemies":"Collector","floor":33,"turns":6}],"seed_played":"-6166643734646611642","potions_obtained":[{"floor":1.0,"key":"PowerPotion"},{"floor":6.0,"key":"Block Potion"},{"floor":11.0,"key":"LiquidBronze"},{"floor":14.0,"key":"SmokeBomb"},{"floor":21.0,"key":"SpeedPotion"},{"floor":29.0,"key":"GamblersBrew"}],"is_trial":false,"path_per_floor":["M","?","M","?","$","E","R","E","T","E","M","E","R","M","R","B",null,"M","?","$","M","M","R","E","R","T","R","?","M","E","$","R"],"character_chosen":"IRONCLAD","items_purchased":["Shrug It Off","TheAbacus","Spot Weakness","Feel No Pain+1"],"campfire_rested":6,"item_purchase_floors":[20,20,20,31],"current_hp_per_floor":[78,71,76,76,76,80,80,50,50,38,35,16,40,31,55,51,73,54,54,54,48,13,37,13,37,37,61,61,53,16,16,40,0],"gold":86,"neow_bonus":"THREE_ENEMY_KILL","is_prod":false,"is_daily":false,"chose_seed":false,"campfire_upgraded":1,"win_rate":0,"timestamp":1541016925,"path_taken":["M","?","?","?","$","E","R","E","T","E","M","E","R","M","R","BOSS","M","?","?","M","?","R","E","R","T","R","?","M","E","$","R","BOSS"],"build_version":"2018-10-25v2","purchased_purges":1,"victory":false,"max_hp_per_floor":[80,80,80,80,80,80,80,80,80,80,80,80,80,80,80,80,80,80,80,80,80,80,80,80,80,80,80,80,80,80,80,80,80],"card_choices":[{"not_picked":["Cleave","Headbutt"],"picked":"Disarm","floor":1.0},{"not_picked":["Clothesline","Sword Boomerang"],"picked":"Inflame","floor":3.0},{"not_picked":["Body Slam","Ghostly Armor"],"picked":"Shockwave","floor":6.0},{"not_picked":["Flex","Seeing Red"],"picked":"Demon Form","floor":8.0},{"not_picked":["Cleave","Shrug It Off"],"picked":"Barricade+1","floor":10.0},{"not_picked":["Pummel","Searing Blow"],"picked":"Headbutt","floor":11.0},{"not_picked":["Carnage","Sentinel"],"picked":"Power Through","floor":12.0},{"not_picked":["Thunderclap","Twin Strike"],"picked":"Armaments","floor":14.0},{"not_picked":["Offering","Brutality+1"],"picked":"Juggernaut+1","floor":16.0},{"not_picked":["Bloodletting+1","Pommel Strike"],"picked":"Evolve+1","floor":18.0},{"not_picked":["Blood for Blood+1","Rupture+1"],"picked":"Entrench","floor":21.0},{"not_picked":["Sword Boomerang","Infernal Blade"],"picked":"Heavy Blade","floor":22.0},{"not_picked":["Clothesline+1","Shockwave"],"picked":"Power Through+1","floor":24.0},{"not_picked":["Whirlwind","Hemokinesis"],"picked":"Iron Wave","floor":29.0},{"not_picked":["Rage","Flex"],"picked":"Heavy Blade+1","floor":30}],"player_experience":671261,"relics_obtained":[{"floor":6.0,"key":"Dodecahedron"},{"floor":8.0,"key":"Frozen Egg 2"},{"floor":9.0,"key":"Sundial"},{"floor":10.0,"key":"Letter Opener"},{"floor":12.0,"key":"Potion Belt"},{"floor":24.0,"key":"Ornamental Fan"},{"floor":26.0,"key":"Shuriken"},{"floor":30,"key":"Ancient Tea Set"}],"event_choices":[{"cards_removed":["Strike_R"],"damage_healed":0.0,"max_hp_gain":0.0,"max_hp_loss":0.0,"gold_gain":0.0,"event_name":"Golden Wing","player_choice":"Card Removal","floor":2.0,"gold_loss":0.0,"damage_taken":7.0},{"cards_removed":["Strike_R"],"damage_healed":0.0,"max_hp_gain":0.0,"max_hp_loss":0.0,"gold_gain":0.0,"event_name":"Bonfire Elementals","player_choice":"Offered Basic","floor":4.0,"gold_loss":0.0,"damage_taken":0.0},{"damage_healed":0.0,"max_hp_gain":0.0,"max_hp_loss":0.0,"gold_gain":0.0,"event_name":"Ghosts","player_choice":"Ignored","floor":19.0,"gold_loss":0.0,"damage_taken":0.0},{"damage_healed":0.0,"max_hp_gain":0.0,"max_hp_loss":0.0,"gold_gain":0.0,"event_name":"The Mausoleum","player_choice":"Opened","floor":28.0,"gold_loss":0.0,"damage_taken":0.0,"relics_obtained":["Oddly Smooth Stone"],"cards_obtained":["Writhe"]}],"is_beta":false,"boss_relics":[{"not_picked":["Calling Bell","Pandora\u0027s Box"],"picked":"Mark of Pain"}],"items_purged_floors":[5],"is_endless":false,"potions_floor_spawned":[1,6,8,11,14,21,29],"killed_by":"Collector","ascension_level":11}