{"gold_per_floor":[113,113,113,136,148,160,204,226,238,260,291,321,333,364,376,518,530,558,594,606,618,545,557,569,597,633,645,756,768,824,836,848,860],"floor_reached":33,"playtime":2133,"items_purged":[],"score":315,"play_id":"3cbb46d8-6eae-4bb8-bdf3-ef90627dc7e3","local_time":"20181104072003","is_ascension_mode":false,"campfire_choices":[{"data":"Dualcast","floor":6,"key":"SMITH"},{"floor":15,"key":"REST"},{"floor":23,"key":"REST"},{"floor":29,"key":"REST"},{"floor":32,"key":"REST"}],"neow_cost":"NONE","seed_source_timestamp":551875181963415,"circlet_count":0,"master_deck":["Strike_B+1","Strike_B+1","Strike_B+1","Defend_B+1","Defend_B+1","Defend_B+1","Zap","Dualcast+1","Ball Lightning","Hologram","Fusion+1","Aggregate","Sweeping Beam","Echo Form","Ball Lightning","Injury","Undo","Rainbow+1","Conserve Battery","Doom and Gloom","Streamline","Coolheaded","Double Energy+1","Rainbow"],"relics":["Cracked Core","MawBank","Juzu Bracelet","Shuriken","Golden Idol","Fusion Hammer","Orichalcum","Pen Nib","Ornamental Fan","War Paint"],"potions_floor_usage":[12,16],"damage_taken":[{"damage":0,"enemies":"2 Louse","floor":1,"turns":2},{"damage":0,"enemies":"Jaw Worm","floor":4,"turns":3},{"damage":36,"enemies":"Lagavulin","floor":7,"turns":6},{"damage":1,"enemies":"Small Slimes","floor":8,"turns":2},{"damage":10,"enemies":"3 Louse","floor":10,"turns":3},{"damage":16,"enemies":"Blue Slaver","floor":11,"turns":5},{"damage":4,"enemies":"Exordium Wildlife","floor":12,"turns":5},{"damage":11,"enemies":"3 Louse","floor":14,"turns":2},{"damage":0,"enemies":"Slime Boss","floor":16,"turns":6},{"damage":18,"enemies":"3 Byrds","floor":18,"turns":4},{"damage":18,"enemies":"Shell Parasite","floor":19,"turns":5},{"damage":7,"enemies":"Snecko","floor":25,"turns":4},{"damage":53,"enemies":"Gremlin Leader","floor":30,"turns":6},{"damage":62,"enemies":"Automaton","floor":33,"turns":6}],"seed_played":"7462503171014947402","potions_obtained":[{"floor":1,"key":"Swift Potion"},{"floor":8,"key":"Poison Potion"},{"floor":10,"key":"Block Potion"},{"floor":12,"key":"PowerPotion"},{"floor":16,"key":"Poison Potion"},{"floor":19,"key":"Energy Potion"},{"floor":30,"key":"Fire Potion"}],"is_trial":false,"path_per_floor":["M","?","T","M","?","R","E","M","T","M","M","M","?","M","R","B",null,"M","M","?","?","?","R","$","M","T","?","?","R","E","?","R","B"],"character_chosen":"DEFECT","items_purchased":[],"campfire_rested":4,"item_purchase_floors":[],"current_hp_per_floor":[82,82,82,82,82,82,46,45,45,35,19,15,15,4,28,28,82,64,46,46,46,46,70,70,63,63,63,63,82,29,29,53,0],"gold":860,"neow_bonus":"TEN_PERCENT_HP_BONUS","is_prod":false,"is_daily":false,"chose_seed":false,"campfire_upgraded":1,"win_rate":0.0,"timestamp":1541334003,"path_taken":["M","?","?","M","?","R","E","M","T","M","M","M","?","M","R","BOSS","M","M","?","?","?","R","?","M","T","?","?","R","E","?","R","BOSS"],"build_version":"2018-11-01","purchased_purges":0,"victory":false,"max_hp_per_floor":[82,82,82,82,82,82,82,82,82,82,82,82,82,82,82,82,82,82,82,82,82,82,82,82,82,82,82,82,82,82,82,82,82],"card_choices":[{"not_picked":["Reinforced Body","Capacitor"],"picked":"Ball Lightning","floor":1},{"not_picked":["Static Discharge","Self Repair"],"picked":"Hologram","floor":4},{"not_picked":["Conserve Battery","Steam"],"picked":"Fusion","floor":7},{"not_picked":["Streamline","Go for the Eyes"],"picked":"Aggregate","floor":8},{"not_picked":["Steam","Static Discharge"],"picked":"Sweeping Beam","floor":10},{"not_picked":["Compile Driver","Static Discharge"],"picked":"Echo Form","floor":11},{"not_picked":["Barrage","Auto Shields"],"picked":"Ball Lightning","floor":12},{"not_picked":["Gash","Compile Driver"],"picked":"Undo","floor":14},{"not_picked":["Seek","Machine Learning"],"picked":"Rainbow","floor":16},{"not_picked":["Streamline","Rip and Tear"],"picked":"Conserve Battery","floor":18},{"not_picked":["Rebound","Ball Lightning"],"picked":"Doom and Gloom","floor":19},{"not_picked":["Aggregate","Cold Snap"],"picked":"Double Energy+1","floor":25},{"not_picked":["Lockon","Go for the Eyes"],"picked":"Rainbow","floor":30}],"player_experience":9672,"relics_obtained":[{"floor":3,"key":"MawBank"},{"floor":7,"key":"Juzu Bracelet"},{"floor":9,"key":"Shuriken"},{"floor":26,"key":"Pen Nib"},{"floor":30,"key":"Ornamental Fan"}],"event_choices":[{"damage_healed":0,"gold_gain":0,"player_choice":"Ignored","damage_taken":0,"max_hp_gain":0,"max_hp_loss":0,"event_name":"Liars Game","floor":2,"gold_loss":0},{"damage_healed":0,"gold_gain":0,"player_choice":"Ignored","damage_taken":0,"max_hp_gain":0,"max_hp_loss":0,"event_name":"Golden Wing","floor":5,"gold_loss":0},{"damage_healed":0,"gold_gain":0,"player_choice":"Take Wound","damage_taken":0,"relics_obtained":["Golden Idol"],"max_hp_gain":0,"max_hp_loss":0,"event_name":"Golden Idol","floor":13,"gold_loss":0,"cards_obtained":["Injury"]},{"damage_healed":0,"gold_gain":0,"cards_transformed":["Defend_B","Strike_B"],"player_choice":"Became Test Subject","damage_taken":0,"max_hp_gain":0,"max_hp_loss":0,"event_name":"Drug Dealer","floor":20,"gold_loss":0,"cards_obtained":["Streamline","Coolheaded"]},{"damage_healed":0,"gold_gain":0,"player_choice":"Simplicity","damage_taken":0,"max_hp_gain":0,"max_hp_loss":0,"event_name":"Back to Basics","floor":21,"gold_loss":0,"cards_upgraded":["Strike_B","Strike_B","Strike_B","Defend_B","Defend_B","Defend_B"]},{"damage_healed":0,"gold_gain":0,"player_choice":"Obtained Relic","damage_taken":0,"relics_obtained":["Orichalcum"],"max_hp_gain":0,"max_hp_loss":0,"event_name":"Addict","floor":22,"gold_loss":85},{"damage_healed":0,"gold_gain":0,"player_choice":"Ignored","damage_taken":0,"max_hp_gain":0,"max_hp_loss":0,"event_name":"Vampires","floor":27,"gold_loss":0},{"damage_healed":0,"gold_gain":99,"player_choice":"Stole From Cult","damage_taken":0,"max_hp_gain":0,"max_hp_loss":0,"event_name":"Nest","floor":28,"gold_loss":0},{"damage_healed":0,"gold_gain":0,"player_choice":"Opened","damage_taken":0,"relics_obtained":["War Paint"],"max_hp_gain":0,"max_hp_loss":0,"event_name":"The Mausoleum","floor":31,"gold_loss":0}],"is_beta":false,"boss_relics":[{"not_picked":["Busted Crown","Runic Pyramid"],"picked":"Fusion Hammer"}],"items_purged_floors":[],"is_endless":false,"potions_floor_spawned":[1,8,10,12,16,19,30],"killed_by":"Automaton","ascension_level":0}