{"gold_per_floor":[114,129,144,159,114,114,114,129,154,25,40,40,55,70,70,70],"floor_reached":16,"playtime":646,"items_purged":["Pain"],"score":96,"play_id":"f27a6b46-a921-43ae-9011-de8e802ca8b6","local_time":"20181113015729","daily_mods":["Chimera","Colorless Cards","Lethality"],"is_ascension_mode":false,"campfire_choices":[{"floor":6,"key":"REST"},{"floor":12,"key":"REST"},{"floor":15,"key":"REST"}],"neow_cost":"","seed_source_timestamp":0,"circlet_count":0,"master_deck":["Bash","Survivor","Zap","Strike_R","Strike_G","Strike_B","Defend_R","Defend_G","Defend_B","Gash","Swift Strike","Aggregate","Turbo","Turbo","Finesse","Turbo","Go for the Eyes","Steam","Steam Power"],"special_seed":17848,"relics":["Cracked Core","WarpedTongs","Ancient Tea Set"],"potions_floor_usage":[11,16],"damage_taken":[{"damage":4,"enemies":"Cultist","floor":1,"turns":3},{"damage":0,"enemies":"Small Slimes","floor":2,"turns":2},{"damage":0,"enemies":"2 Louse","floor":3,"turns":1},{"damage":19,"enemies":"Large Slime","floor":4,"turns":5},{"damage":29,"enemies":"Lots of Slimes","floor":8,"turns":3},{"damage":7,"enemies":"Exordium Thugs","floor":11,"turns":3},{"damage":31,"enemies":"Large Slime","floor":13,"turns":6},{"damage":7,"enemies":"2 Fungi Beasts","floor":14,"turns":3},{"damage":61,"enemies":"Slime Boss","floor":16,"turns":6}],"seed_played":"-6844763107300469572","potions_obtained":[{"floor":1,"key":"SkillPotion"},{"floor":3,"key":"GamblersBrew"},{"floor":13,"key":"Energy Potion"}],"is_trial":false,"path_per_floor":["M","M","M","M","$","R","?","M","T","$","M","R","M","M","R","B"],"character_chosen":"DEFECT","items_purchased":["Turbo","Turbo"],"campfire_rested":3,"item_purchase_floors":[5,10],"current_hp_per_floor":[71,71,71,52,52,74,74,45,45,45,38,60,29,22,44,0],"gold":70,"neow_bonus":"","is_prod":false,"is_daily":true,"chose_seed":false,"campfire_upgraded":0,"win_rate":0,"timestamp":1542092249,"path_taken":["M","M","M","?","$","R","?","M","T","$","?","R","M","M","R","BOSS"],"build_version":"2018-11-08","purchased_purges":1,"victory":false,"max_hp_per_floor":[75,75,75,75,75,75,75,75,75,75,75,75,75,75,75,75],"card_choices":[{"not_picked":["Skim","Chaos"],"picked":"Gash","floor":1},{"not_picked":["Leap","Beam Cell"],"picked":"Swift Strike","floor":2},{"not_picked":["Doom and Gloom","Defragment"],"picked":"Aggregate","floor":3},{"not_picked":["Streamline","Steam"],"picked":"Turbo","floor":4},{"not_picked":["Turbo","Leap"],"picked":"Finesse","floor":8},{"not_picked":["Stack","Conserve Battery"],"picked":"Go for the Eyes","floor":11},{"not_picked":["Cold Snap","Tempest"],"picked":"Steam","floor":13},{"not_picked":["Melter","Rebound"],"picked":"Steam Power","floor":14}],"player_experience":66865,"relics_obtained":[{"floor":9,"key":"Ancient Tea Set"}],"event_choices":[{"damage_healed":0,"gold_gain":0,"player_choice":"Rummage","damage_taken":0,"relics_obtained":["WarpedTongs"],"max_hp_gain":0,"max_hp_loss":0,"event_name":"Accursed Blacksmith","floor":7,"gold_loss":0,"cards_obtained":["Pain"]}],"is_beta":false,"boss_relics":[],"items_purged_floors":[10],"is_endless":false,"potions_floor_spawned":[1,3,13],"killed_by":"Slime Boss","ascension_level":0}