{"gold_per_floor":[114,114,131,131,148,148,177,177,200,230,245,273,16,16],"floor_reached":14,"playtime":408,"items_purged":[],"score":140,"play_id":"b88619a1-0a34-42a0-ac03-443f6e4244fb","local_time":"20190129205810","is_ascension_mode":true,"campfire_choices":[{"data":"Loop","floor":6,"key":"SMITH"},{"floor":8,"key":"REST"}],"neow_cost":"NONE","seed_source_timestamp":1043915413267961,"circlet_count":0,"master_deck":["Strike_B+1","Strike_B","Strike_B","Strike_B","Defend_B","Defend_B","Defend_B","Defend_B","Zap+1","Dualcast","Loop+1","Go for the Eyes+1","Leap","All For One","Cold Snap","Sunder","Sweeping Beam"],"relics":["Cracked Core","Vajra","Bronze Scales","Du-Vu Doll","Whetstone","Bottled Flame","Frozen Egg 2","Ancient Tea Set"],"potions_floor_usage":[12,14],"damage_taken":[{"damage":8,"enemies":"2 Louse","floor":1,"turns":2},{"damage":8,"enemies":"Small Slimes","floor":3,"turns":2},{"damage":1,"enemies":"Cultist","floor":5,"turns":3},{"damage":20,"enemies":"Lagavulin","floor":7,"turns":7},{"damage":26,"enemies":"3 Sentries","floor":10,"turns":6},{"damage":0,"enemies":"Exordium Wildlife","floor":11,"turns":3},{"damage":15,"enemies":"Lagavulin","floor":12,"turns":5},{"damage":8,"enemies":"Red Slaver","floor":14,"turns":1}],"seed_played":"1370782902705342070","potions_obtained":[{"floor":3,"key":"Block Potion"},{"floor":5,"key":"LiquidBronze"},{"floor":10,"key":"Strength Potion"},{"floor":12,"key":"Strength Potion"}],"is_trial":false,"path_per_floor":["M","?","M","?","M","R","E","R","T","E","M","E","$","M"],"character_chosen":"DEFECT","items_purchased":["Sweeping Beam","Ancient Tea Set","PowerPotion"],"campfire_rested":1,"item_purchase_floors":[13,13,13],"current_hp_per_floor":[60,53,45,45,44,44,24,46,46,20,20,5,5,0],"gold":16,"neow_bonus":"RANDOM_COMMON_RELIC","is_prod":false,"is_daily":false,"chose_seed":false,"campfire_upgraded":1,"win_rate":0,"timestamp":1548824290,"path_taken":["M","?","M","?","M","R","E","R","T","E","M","E","$","M"],"build_version":"2019-01-23","purchased_purges":0,"victory":false,"max_hp_per_floor":[75,75,75,75,75,75,75,75,75,75,75,75,75,75],"card_choices":[{"not_picked":["Barrage","Go for the Eyes"],"picked":"Loop","floor":1},{"not_picked":["Hologram","Undo"],"picked":"Go for the Eyes","floor":3},{"not_picked":["Steam","Tempest","Reprogram"],"picked":"SKIP","floor":5},{"not_picked":["Coolheaded","White Noise"],"picked":"Leap","floor":7},{"not_picked":["Beam Cell","Lockon"],"picked":"All For One","floor":10},{"not_picked":["Scrape","Reprogram"],"picked":"Cold Snap","floor":11},{"not_picked":["Lockon","Barrage"],"picked":"Sunder","floor":12}],"player_experience":282086,"relics_obtained":[{"floor":7,"key":"Du-Vu Doll"},{"floor":9,"key":"Whetstone"},{"floor":10,"key":"Bottled Flame"},{"floor":12,"key":"Frozen Egg 2"}],"event_choices":[{"damage_healed":0,"gold_gain":0,"player_choice":"Success","damage_taken":7,"relics_obtained":["Bronze Scales"],"max_hp_gain":0,"max_hp_loss":0,"event_name":"Scrap Ooze","floor":2,"gold_loss":0},{"damage_healed":0,"gold_gain":0,"player_choice":"Forge","damage_taken":0,"max_hp_gain":0,"max_hp_loss":0,"event_name":"Accursed Blacksmith","floor":4,"gold_loss":0,"cards_upgraded":["Zap"]}],"is_beta":false,"boss_relics":[],"items_purged_floors":[],"is_endless":false,"potions_floor_spawned":[3,5,10,11,12],"killed_by":"Red Slaver","ascension_level":6}