{"gold_per_floor":[13,13,88,108,123,452,452,470,542,577,40,51,65,80,80,179,179,198,210,221,241,261,289,302,319,319,331,358,376,376,18,18,121,121,134,134,153,163,177,202,213,246,246,246,16,33,14,87,87,87],"floor_reached":50,"playtime":6403,"items_purged":["Strike_G"],"score":727,"play_id":"23f5fb66-7ca8-4fdc-a34f-a06bba1bd387","local_time":"20180919193533","is_ascension_mode":true,"campfire_choices":[{"floor":7.0,"key":"REST"},{"floor":15.0,"key":"REST"},{"floor":32.0,"key":"REST"},{"floor":44.0,"key":"REST"},{"floor":49.0,"key":"REST"}],"neow_cost":"NO_GOLD","seed_source_timestamp":0,"circlet_count":0,"master_deck":["Defend_G+1","Defend_G+1","Defend_G+1","Strike_G+1","Strike_G+1","Strike_G+1","Survivor","Neutralize","Well Laid Plans","Deadly Poison","Cloak And Dagger","Backstab","Blur","After Image","Flying Knee","Bouncing Flask","Cloak And Dagger","Sucker Punch","Malaise","Crippling Poison","Masterful Stab","Dagger Spray+1","Footwork+1","Outmaneuver+1","Acrobatics","Blade Dance","Tools of the Trade","Footwork+1","Bane","Caltrops+1","Bullet Time","Catalyst+1","After Image","Dagger Throw","Blade Dance","PiercingWail","Heel Hook","Dodge and Roll","Sucker Punch+1","Pain","Accuracy","The Bomb","Expertise","Deadly Poison+1","Quick Slash+1","Injury"],"special_seed":0,"relics":["Ring of the Snake","Old Coin","Mercury Hourglass","Oddly Smooth Stone","Meat on the Bone","Vajra","Fusion Hammer","Pantograph","Strawberry","Pen Nib","Shuriken","Cursed Key","Nunchaku","Molten Egg 2","The Courier","Ninja Scroll"],"potions_floor_usage":[50,50],"damage_taken":[{"damage":0.0,"enemies":"Small Slimes","floor":1.0,"turns":4.0},{"damage":0.0,"enemies":"Jaw Worm","floor":4.0,"turns":5.0},{"damage":0.0,"enemies":"2 Louse","floor":5.0,"turns":2.0},{"damage":21.0,"enemies":"3 Sentries","floor":6.0,"turns":10.0},{"damage":4.0,"enemies":"Large Slime","floor":8.0,"turns":6.0},{"damage":11.0,"enemies":"Lagavulin","floor":10.0,"turns":8.0},{"damage":0.0,"enemies":"Blue Slaver","floor":12.0,"turns":3.0},{"damage":0.0,"enemies":"Exordium Wildlife","floor":13.0,"turns":2.0},{"damage":0.0,"enemies":"Gremlin Gang","floor":14.0,"turns":3.0},{"damage":12.0,"enemies":"Slime Boss","floor":16.0,"turns":10.0},{"damage":0.0,"enemies":"Chosen","floor":18.0,"turns":4.0},{"damage":0.0,"enemies":"3 Byrds","floor":19.0,"turns":3.0},{"damage":4.0,"enemies":"Snecko","floor":20.0,"turns":5.0},{"damage":0.0,"enemies":"Cultist and Chosen","floor":21.0,"turns":4.0},{"damage":6.0,"enemies":"Snake Plant","floor":22.0,"turns":6.0},{"damage":16.0,"enemies":"Book of Stabbing","floor":23.0,"turns":6.0},{"damage":0.0,"enemies":"Chosen and Byrds","floor":24.0,"turns":4.0},{"damage":1.0,"enemies":"Centurion and Healer","floor":25.0,"turns":5.0},{"damage":8.0,"enemies":"Snake Plant","floor":27.0,"turns":5.0},{"damage":0.0,"enemies":"Gremlin Leader","floor":28.0,"turns":7.0},{"damage":13.0,"enemies":"Cultist and Chosen","floor":29.0,"turns":6.0},{"damage":8.0,"enemies":"Collector","floor":33.0,"turns":10.0},{"damage":0.0,"enemies":"3 Shapes","floor":35.0,"turns":4.0},{"damage":6.0,"enemies":"3 Darklings","floor":37.0,"turns":4.0},{"damage":0.0,"enemies":"Transient","floor":38.0,"turns":5.0},{"damage":16.0,"enemies":"Sphere and 2 Shapes","floor":39.0,"turns":5.0},{"damage":20.0,"enemies":"Giant Head","floor":40.0,"turns":9.0},{"damage":0.0,"enemies":"Reptomancer","floor":41.0,"turns":5.0},{"damage":4.0,"enemies":"Nemesis","floor":42.0,"turns":7.0},{"damage":28.0,"enemies":"Spire Growth","floor":46.0,"turns":4.0},{"damage":84,"enemies":"Awakened One","floor":50,"turns":10}],"seed_played":"-4556541177952503251","potions_obtained":[{"floor":4.0,"key":"SteroidPotion"},{"floor":5.0,"key":"EssenceOfSteel"},{"floor":8.0,"key":"Fire Potion"},{"floor":18.0,"key":"Regen Potion"},{"floor":33.0,"key":"Dexterity Potion"},{"floor":37.0,"key":"Energy Potion"},{"floor":38.0,"key":"Energy Potion"},{"floor":42.0,"key":"Fire Potion"}],"is_trial":false,"path_per_floor":["M","?","?","M","M","E","R","M","T","E","$","M","M","M","R","B",null,"M","M","M","M","M","E","M","M","T","M","E","M","?","$","R","B",null,"M","?","M","M","M","E","M","E","T","R","$","M","$","T","R"],"character_chosen":"THE_SILENT","items_purchased":["Meat on the Bone","Vajra","Flying Knee","Shuriken","Fruit Juice","Accuracy","The Bomb","Expertise","Quick Slash+1"],"campfire_rested":5,"item_purchase_floors":[11,11,11,31,31,45,45,45,47],"current_hp_per_floor":[70,63,52,52,52,31,52,48,48,37,37,37,37,37,58,46,70,70,70,66,66,60,44,44,43,50,42,42,41,41,46,70,74,82,82,82,76,76,60,52,52,48,48,72,72,44,44,44,68,0],"gold":87,"neow_bonus":"REMOVE_TWO","is_prod":false,"is_daily":false,"chose_seed":false,"campfire_upgraded":0,"win_rate":0,"timestamp":1537400133,"path_taken":["M","?","?","M","M","E","R","M","T","E","$","M","M","?","R","BOSS","M","M","M","M","?","E","M","M","T","M","E","M","?","$","R","BOSS","M","?","M","M","M","E","?","E","T","R","$","M","$","?","R","BOSS"],"build_version":"2018-09-06","purchased_purges":1,"victory":false,"max_hp_per_floor":[70,70,70,70,70,70,70,70,70,70,70,70,70,70,70,70,70,70,70,70,70,70,70,70,70,77,77,77,77,77,82,82,82,82,82,82,82,82,82,82,82,82,82,82,82,82,82,82,82,82],"card_choices":[{"not_picked":["PiercingWail","Accuracy"],"picked":"Well Laid Plans","floor":1.0},{"not_picked":["Slice","Dodge and Roll"],"picked":"Deadly Poison","floor":4.0},{"not_picked":["Dodge and Roll","PiercingWail"],"picked":"Cloak And Dagger","floor":5.0},{"not_picked":["Quick Slash","Wraith Form v2"],"picked":"Backstab","floor":6.0},{"not_picked":["Sucker Punch","Deflect"],"picked":"Blur","floor":8.0},{"not_picked":["Calculated Gamble","Masterful Stab"],"picked":"After Image","floor":10.0},{"not_picked":["Slice","Acrobatics"],"picked":"Bouncing Flask","floor":12.0},{"not_picked":["Setup","Dodge and Roll"],"picked":"Cloak And Dagger","floor":13.0},{"not_picked":["PiercingWail","Deflect"],"picked":"Sucker Punch","floor":14.0},{"not_picked":["Tools of the Trade","Envenom"],"picked":"Malaise","floor":16.0},{"not_picked":["PiercingWail","Expertise"],"picked":"Crippling Poison","floor":18.0},{"not_picked":["Bouncing Flask","Deadly Poison"],"picked":"Masterful Stab","floor":19.0},{"not_picked":["Well Laid Plans+1","Dagger Throw"],"picked":"Dagger Spray+1","floor":20.0},{"not_picked":["Sucker Punch","Setup+1"],"picked":"Footwork+1","floor":21.0},{"not_picked":["Expertise","Endless Agony"],"picked":"Outmaneuver+1","floor":22.0},{"not_picked":["Deflect+1","Masterful Stab"],"picked":"Acrobatics","floor":23.0},{"not_picked":["Quick Slash","Backflip"],"picked":"Blade Dance","floor":24.0},{"not_picked":["Flying Knee","Poisoned Stab"],"picked":"Tools of the Trade","floor":25.0},{"not_picked":["Dodge and Roll","Quick Slash"],"picked":"Footwork+1","floor":27.0},{"not_picked":["Slice","Tactician"],"picked":"Bane","floor":28.0},{"not_picked":["Endless Agony+1","Infinite Blades"],"picked":"Caltrops+1","floor":29.0},{"not_picked":["Storm of Steel","Phantasmal Killer"],"picked":"Bullet Time","floor":33.0},{"not_picked":["Eviscerate","Sucker Punch+1"],"picked":"Catalyst+1","floor":35.0},{"not_picked":["Outmaneuver+1","Quick Slash"],"picked":"Dagger Throw","floor":37.0},{"not_picked":["Deflect+1","Bouncing Flask+1"],"picked":"Blade Dance","floor":38.0},{"not_picked":["Expertise+1","Deadly Poison+1"],"picked":"PiercingWail","floor":39.0},{"not_picked":["Dagger Throw+1","Leg Sweep+1"],"picked":"Heel Hook","floor":40.0},{"not_picked":["Dagger Spray","Slice+1"],"picked":"Dodge and Roll","floor":41.0},{"not_picked":["Malaise","Endless Agony"],"picked":"Sucker Punch+1","floor":42.0},{"not_picked":["Setup+1","Quick Slash+1"],"picked":"Deadly Poison+1","floor":46.0}],"player_experience":427284,"relics_obtained":[{"floor":6.0,"key":"Old Coin"},{"floor":9.0,"key":"Mercury Hourglass"},{"floor":10.0,"key":"Oddly Smooth Stone"},{"floor":23.0,"key":"Pantograph"},{"floor":26.0,"key":"Strawberry"},{"floor":28.0,"key":"Pen Nib"},{"floor":40.0,"key":"Nunchaku"},{"floor":42.0,"key":"Molten Egg 2"},{"floor":43.0,"key":"The Courier"},{"floor":48.0,"key":"Ninja Scroll"}],"event_choices":[{"event_name":"Golden Wing","player_choice":"Card Removal","floor":2.0,"damage_taken":0.0},{"event_name":"World of Goop","player_choice":"Gather Gold","floor":3.0,"damage_taken":0.0},{"event_name":"Back to Basics","player_choice":"Simplicity","floor":30.0,"damage_taken":0.0},{"event_name":"Duplicator","player_choice":"One dupe","floor":36.0,"damage_taken":0.0}],"is_beta":false,"boss_relics":[{"not_picked":["Empty Cage","WristBlade"],"picked":"Fusion Hammer"},{"not_picked":["Calling Bell","Ring of the Serpent"],"picked":"Cursed Key"}],"items_purged_floors":[11],"is_endless":false,"potions_floor_spawned":[4,5,8,16,18,20,21,23,25,28,33,37,38,39,42],"killed_by":"Awakened One","ascension_level":3}