{"gold_per_floor":[112,122,122,136,136,163,183,183,183,213,363,378,88,106,106,184,184,197,197,208,224,239,239,273,273,297,297,347,380,99,119,119,119],"floor_reached":33,"playtime":1670,"items_purged":["Combust","Parasite"],"score":549,"play_id":"56e06b74-3459-43f7-b306-8255a41e3532","local_time":"20190131220334","is_ascension_mode":true,"campfire_choices":[{"floor":8,"key":"REST"},{"floor":15,"key":"REST"},{"floor":23,"key":"REST"},{"data":"Armaments","floor":25,"key":"SMITH"},{"floor":27,"key":"REST"},{"data":"True Grit","floor":32,"key":"SMITH"}],"neow_cost":"CURSE","seed_source_timestamp":446174550018740,"circlet_count":0,"master_deck":["AscendersBane","Strike_R","Strike_R","Strike_R","Strike_R","Defend_R","Defend_R","Defend_R","Bash","Combust","True Grit+1","Shrug It Off","Double Tap","Perfected Strike","Iron Wave","Offering","Heavy Blade","Armaments+1","Carnage+1","Metallicize","Power Through+1","Burning Pact","Evolve","Clothesline"],"relics":["Burning Blood","Omamori","Self Forming Clay","Anchor","Centennial Puzzle","Brimstone","Cursed Key","Question Card","Smiling Mask","Matryoshka","Medical Kit"],"potions_floor_usage":[33],"damage_taken":[{"damage":4,"enemies":"Small Slimes","floor":1,"turns":3},{"damage":9,"enemies":"Cultist","floor":2,"turns":3},{"damage":2,"enemies":"2 Louse","floor":4,"turns":3},{"damage":35,"enemies":"Gremlin Nob","floor":6,"turns":4},{"damage":9,"enemies":"2 Fungi Beasts","floor":7,"turns":2},{"damage":29,"enemies":"Lagavulin","floor":10,"turns":5},{"damage":1,"enemies":"Looter","floor":12,"turns":3},{"damage":5,"enemies":"3 Louse","floor":14,"turns":3},{"damage":12,"enemies":"Slime Boss","floor":16,"turns":8},{"damage":37,"enemies":"3 Byrds","floor":18,"turns":5},{"damage":6,"enemies":"Spheric Guardian","floor":20,"turns":2},{"damage":6,"enemies":"Centurion and Healer","floor":21,"turns":4},{"damage":10,"enemies":"3 Cultists","floor":22,"turns":3},{"damage":20,"enemies":"Slavers","floor":24,"turns":4},{"damage":12,"enemies":"Book of Stabbing","floor":29,"turns":5},{"damage":17,"enemies":"Cultist and Chosen","floor":31,"turns":5},{"damage":76,"enemies":"Automaton","floor":33,"turns":8}],"seed_played":"9138264522601526816","potions_obtained":[{"floor":4,"key":"EssenceOfSteel"},{"floor":7,"key":"FearPotion"},{"floor":22,"key":"Strength Potion"},{"floor":31,"key":"FairyPotion"}],"is_trial":false,"path_per_floor":["M","M","?","M","?","E","M","R","T","E","?","M","$","M","R","B",null,"M","?","M","M","M","R","E","R","T","R","?","E","$","M","R","B"],"character_chosen":"IRONCLAD","items_purchased":["Brimstone","Medical Kit"],"campfire_rested":4,"item_purchase_floors":[13,30],"current_hp_per_floor":[70,67,49,53,58,29,26,50,50,27,27,32,32,33,57,51,73,42,42,42,42,38,62,48,48,48,72,72,66,66,55,55,0],"gold":119,"neow_bonus":"TRANSFORM_TWO_CARDS","is_prod":false,"is_daily":false,"chose_seed":false,"campfire_upgraded":2,"win_rate":0,"timestamp":1548990214,"path_taken":["M","M","?","M","?","E","M","R","T","E","?","M","$","M","R","BOSS","M","?","M","M","M","R","E","R","T","R","?","E","$","?","R","BOSS"],"build_version":"2019-01-23","purchased_purges":2,"victory":false,"max_hp_per_floor":[75,75,75,75,80,80,80,80,80,80,80,80,80,80,80,80,80,80,80,80,80,80,80,80,80,80,80,80,80,77,77,77,77],"card_choices":[{"not_picked":["Thunderclap","Power Through"],"picked":"True Grit","floor":1},{"not_picked":["Sentinel","Wild Strike"],"picked":"Shrug It Off","floor":2},{"not_picked":["Reckless Charge","Bloodletting","Thunderclap"],"picked":"SKIP","floor":4},{"not_picked":["Burning Pact","Twin Strike"],"picked":"Double Tap","floor":6},{"not_picked":["Burning Pact","Cleave"],"picked":"Perfected Strike","floor":7},{"not_picked":["Brutality","Corruption","Cleave"],"picked":"SKIP","floor":10},{"not_picked":["Thunderclap","Rage","Anger"],"picked":"SKIP","floor":12},{"not_picked":["Fire Breathing","Intimidate"],"picked":"Iron Wave","floor":14},{"not_picked":["Berserk","Dark Embrace"],"picked":"Offering","floor":16},{"not_picked":["Dropkick","Clothesline"],"picked":"Heavy Blade","floor":18},{"not_picked":["Evolve","Wild Strike"],"picked":"Carnage+1","floor":20},{"not_picked":["Body Slam","Headbutt"],"picked":"Metallicize","floor":21},{"not_picked":["Entrench+1","Ghostly Armor"],"picked":"Power Through+1","floor":22},{"not_picked":["Carnage","Armaments"],"picked":"Burning Pact","floor":24},{"not_picked":["Twin Strike","Disarm","Clothesline"],"picked":"Evolve","floor":29},{"not_picked":["Seeing Red","Havoc","Wild Strike"],"picked":"Clothesline","floor":31}],"player_experience":961967,"relics_obtained":[{"floor":6,"key":"Self Forming Clay"},{"floor":9,"key":"Anchor"},{"floor":10,"key":"Centennial Puzzle"},{"floor":24,"key":"Question Card"},{"floor":26,"key":"Smiling Mask"},{"floor":29,"key":"Matryoshka"}],"event_choices":[{"damage_healed":0,"gold_gain":0,"player_choice":"Success","damage_taken":18,"relics_obtained":["Omamori"],"max_hp_gain":0,"max_hp_loss":0,"event_name":"Scrap Ooze","floor":3,"gold_loss":0},{"damage_healed":0,"gold_gain":0,"player_choice":"Donut","damage_taken":0,"max_hp_gain":5,"max_hp_loss":0,"event_name":"Big Fish","floor":5,"gold_loss":0},{"damage_healed":0,"gold_gain":150,"player_choice":"AGREE","damage_taken":0,"max_hp_gain":0,"max_hp_loss":0,"event_name":"Liars Game","floor":11,"gold_loss":0,"cards_obtained":["Doubt"]},{"damage_healed":0,"gold_gain":0,"player_choice":"Read","damage_taken":0,"max_hp_gain":0,"max_hp_loss":0,"event_name":"The Library","floor":19,"gold_loss":0,"cards_obtained":["Armaments"]},{"damage_healed":0,"gold_gain":50,"player_choice":"Pray","damage_taken":0,"max_hp_gain":0,"max_hp_loss":0,"event_name":"Golden Shrine","floor":28,"gold_loss":0}],"is_beta":false,"boss_relics":[{"not_picked":["Tiny House","Coffee Dripper"],"picked":"Cursed Key"}],"items_purged_floors":[13,30],"is_endless":false,"potions_floor_spawned":[4,7,10,12,14,21,22,31],"killed_by":"Automaton","ascension_level":17}