{"gold_per_floor":[111,127,141,152,165,165,181,240,292,292,324,340,369,217,217,296,296,313,213,232,242,269,295,295,328,399,412,423,472,472,488,488,565,565,584,584,237,237,248,274,287,287,338,358,389,389,409,438,438,438,438,438,438,47,76,76],"floor_reached":57,"playtime":7265,"items_purged":["Strike_R","Strike_R","Bloodletting"],"score":3012,"play_id":"5a4b53cb-b4bf-461c-a29c-dd68624a9a4b","local_time":"20190130215923","is_ascension_mode":true,"campfire_choices":[{"data":"Uppercut","floor":6,"key":"SMITH"},{"data":"True Grit","floor":15,"key":"SMITH"},{"data":"Armaments","floor":24,"key":"SMITH"},{"data":"Evolve","floor":32,"key":"SMITH"},{"data":"Limit Break","floor":42,"key":"SMITH"},{"floor":46,"key":"RECALL"},{"data":"Flame Barrier","floor":49,"key":"SMITH"},{"floor":53,"key":"REST"}],"neow_cost":"NONE","seed_source_timestamp":1116531695632975,"circlet_count":0,"master_deck":["AscendersBane","Bash","Wild Strike","Uppercut+1","Wild Strike","Shrug It Off","Armaments+1","Flame Barrier+1","Evolve+1","Bludgeon","True Grit+1","Shrug It Off","Impervious","Metallicize","Limit Break+1","Perfected Strike","Sentinel","Infernal Blade","Clothesline","Havoc","Impervious","Barricade","Shrug It Off","Shrug It Off","Corruption+1","True Grit+1","True Grit+1"],"relics":["Burning Blood","Vajra","Tiny Chest","Strawberry","Letter Opener","Mercury Hourglass","Meat on the Bone","Snecko Eye","Lantern","Happy Flower","Orichalcum","Paper Frog","Bronze Scales","Pandora\u0027s Box","Pen Nib","Bottled Tornado","Toxic Egg 2","Singing Bowl","Dead Branch","Oddly Smooth Stone"],"potions_floor_usage":[7,8,23,33,55,56],"damage_taken":[{"damage":1,"enemies":"Cultist","floor":1,"turns":3},{"damage":2,"enemies":"Jaw Worm","floor":2,"turns":3},{"damage":0,"enemies":"2 Louse","floor":3,"turns":3},{"damage":18,"enemies":"Large Slime","floor":4,"turns":7},{"damage":6,"enemies":"Looter","floor":5,"turns":2},{"damage":4,"enemies":"Lots of Slimes","floor":7,"turns":4},{"damage":1,"enemies":"Gremlin Nob","floor":8,"turns":3},{"damage":30,"enemies":"Lagavulin","floor":11,"turns":5},{"damage":4,"enemies":"Large Slime","floor":12,"turns":5},{"damage":17,"enemies":"3 Sentries","floor":13,"turns":7},{"damage":21,"enemies":"The Guardian","floor":16,"turns":12},{"damage":0,"enemies":"3 Byrds","floor":18,"turns":3},{"damage":0,"enemies":"2 Thieves","floor":20,"turns":3},{"damage":15,"enemies":"Snake Plant","floor":21,"turns":4},{"damage":13,"enemies":"Book of Stabbing","floor":23,"turns":5},{"damage":5,"enemies":"Slavers","floor":25,"turns":5},{"damage":0,"enemies":"3 Cultists","floor":27,"turns":3},{"damage":0,"enemies":"Shelled Parasite and Fungi","floor":28,"turns":3},{"damage":9,"enemies":"Snake Plant","floor":31,"turns":3},{"damage":55,"enemies":"Champ","floor":33,"turns":9},{"damage":1,"enemies":"3 Shapes","floor":35,"turns":4},{"damage":0,"enemies":"3 Darklings","floor":39,"turns":3},{"damage":0,"enemies":"Giant Head","floor":40,"turns":6},{"damage":0,"enemies":"4 Shapes","floor":41,"turns":4},{"damage":7,"enemies":"Jaw Worm Horde","floor":44,"turns":4},{"damage":7,"enemies":"Nemesis","floor":45,"turns":7},{"damage":0,"enemies":"3 Darklings","floor":47,"turns":3},{"damage":0,"enemies":"Giant Head","floor":48,"turns":7},{"damage":0,"enemies":"Time Eater","floor":50,"turns":10},{"damage":75,"enemies":"Awakened One","floor":51,"turns":13},{"damage":43,"enemies":"Shield and Spear","floor":55,"turns":4},{"damage":52,"enemies":"The Heart","floor":56,"turns":12}],"seed_played":"6231486840994782529","potions_obtained":[{"floor":2,"key":"Energy Potion"},{"floor":4,"key":"EssenceOfSteel"},{"floor":5,"key":"AttackPotion"},{"floor":11,"key":"Ancient Potion"},{"floor":16,"key":"Weak Potion"},{"floor":20,"key":"SteroidPotion"},{"floor":23,"key":"FairyPotion"},{"floor":25,"key":"SpeedPotion"},{"floor":31,"key":"PowerPotion"},{"floor":55,"key":"Dexterity Potion"}],"is_trial":false,"path_per_floor":["M","M","M","M","M","R","M","E","T","T","E","M","E","$","R","B",null,"M","$","M","M","T","E","R","E","T","M","M","T","?","M","R","B",null,"M","?","$","?","M","E","M","R","T","M","E","R","M","E","R","B","B",null,"R","$","E","B",null],"character_chosen":"IRONCLAD","items_purchased":["True Grit","Shrug It Off","Pen Nib","Dexterity Potion","Dead Branch","True Grit+1"],"campfire_rested":1,"item_purchase_floors":[14,14,37,37,54,54],"current_hp_per_floor":[73,75,75,63,63,63,65,70,77,77,53,55,44,44,44,41,72,78,78,82,73,73,66,66,67,67,73,79,79,79,76,76,39,71,76,76,76,76,82,82,82,82,82,81,80,80,82,84,84,84,27,70,84,84,61,27],"gold":76,"neow_bonus":"RANDOM_COMMON_RELIC","is_prod":false,"is_daily":false,"chose_seed":false,"campfire_upgraded":6,"win_rate":0,"timestamp":1548914363,"path_taken":["M","M","?","M","?","R","M","E","T","?","E","M","E","$","R","BOSS","M","$","M","M","?","E","R","E","T","M","M","?","?","M","R","BOSS","M","?","$","?","M","E","M","R","T","M","E","R","?","E","R","BOSS","BOSS","R","$","E","BOSS"],"build_version":"2019-01-23","purchased_purges":3,"victory":true,"max_hp_per_floor":[75,75,75,75,75,75,75,75,82,82,82,82,82,82,82,82,82,82,82,82,82,82,82,82,82,82,82,82,82,82,82,82,82,82,82,82,82,82,82,82,82,82,82,82,82,82,82,84,84,84,84,84,84,84,86,86],"card_choices":[{"not_picked":["Flame Barrier","Clash"],"picked":"Wild Strike","floor":1},{"not_picked":["Power Through","Flex","Blood for Blood"],"picked":"SKIP","floor":2},{"not_picked":["Flame Barrier","Blood for Blood"],"picked":"Uppercut","floor":3},{"not_picked":["Inflame","Warcry"],"picked":"Wild Strike","floor":4},{"not_picked":["True Grit","Flex"],"picked":"Shrug It Off","floor":5},{"not_picked":["Thunderclap","Sword Boomerang","Demon Form"],"picked":"SKIP","floor":7},{"not_picked":["Power Through","Thunderclap"],"picked":"Armaments","floor":8},{"not_picked":["Iron Wave","Anger"],"picked":"Flame Barrier","floor":11},{"not_picked":["Anger","Perfected Strike"],"picked":"Evolve","floor":12},{"not_picked":["Wild Strike","Sentinel"],"picked":"Bludgeon","floor":13},{"not_picked":["Bludgeon","Barricade"],"picked":"Impervious","floor":16},{"not_picked":["Anger+1","Cleave","Warcry"],"picked":"SKIP","floor":18},{"not_picked":["Wild Strike","Warcry+1"],"picked":"Metallicize","floor":20},{"not_picked":["Flex","Seeing Red","Shrug It Off"],"picked":"SKIP","floor":21},{"not_picked":["Sword Boomerang","Second Wind","Cleave"],"picked":"SKIP","floor":23},{"not_picked":["Headbutt","Combust+1","Twin Strike+1"],"picked":"SKIP","floor":25},{"not_picked":["Exhume","Flex","Twin Strike"],"picked":"SKIP","floor":27},{"not_picked":["Havoc","Combust+1","Shrug It Off"],"picked":"SKIP","floor":28},{"not_picked":["Intimidate","Wild Strike+1","Reckless Charge"],"picked":"SKIP","floor":31},{"not_picked":["Immolate","Impervious"],"picked":"Limit Break","floor":33},{"not_picked":["Headbutt","Body Slam+1","Anger"],"picked":"SKIP","floor":35},{"not_picked":["Feed","Havoc","Pommel Strike"],"picked":"SKIP","floor":39},{"not_picked":["Thunderclap","Perfected Strike+1"],"picked":"Shrug It Off","floor":40},{"not_picked":["Heavy Blade","Havoc"],"picked":"Shrug It Off","floor":41},{"not_picked":["Berserk","Carnage"],"picked":"Corruption+1","floor":44},{"not_picked":["Pommel Strike+1","Clash+1","Infernal Blade"],"picked":"SKIP","floor":45},{"not_picked":["Pommel Strike+1","Clash+1","Infernal Blade"],"picked":"SKIP","floor":45},{"not_picked":["Evolve+1","Havoc+1"],"picked":"True Grit+1","floor":47},{"not_picked":["Barricade","Armaments+1","Iron Wave"],"picked":"Singing Bowl","floor":48},{"not_picked":["Carnage","Armaments+1","Flex+1"],"picked":"Singing Bowl","floor":55}],"player_experience":741634,"relics_obtained":[{"floor":8,"key":"Tiny Chest"},{"floor":9,"key":"Strawberry"},{"floor":10,"key":"Letter Opener"},{"floor":11,"key":"Mercury Hourglass"},{"floor":13,"key":"Meat on the Bone"},{"floor":22,"key":"Lantern"},{"floor":23,"key":"Happy Flower"},{"floor":25,"key":"Orichalcum"},{"floor":26,"key":"Paper Frog"},{"floor":29,"key":"Bronze Scales"},{"floor":40,"key":"Bottled Tornado"},{"floor":45,"key":"Toxic Egg 2"},{"floor":48,"key":"Singing Bowl"},{"floor":55,"key":"Oddly Smooth Stone"}],"event_choices":[{"damage_healed":0,"gold_gain":0,"player_choice":"Ignored","damage_taken":0,"max_hp_gain":0,"max_hp_loss":0,"event_name":"Ghosts","floor":30,"gold_loss":0},{"damage_healed":0,"gold_gain":0,"player_choice":"Ignored","damage_taken":0,"max_hp_gain":0,"max_hp_loss":0,"event_name":"Tomb of Lord Red Mask","floor":36,"gold_loss":0},{"damage_healed":0,"gold_gain":0,"player_choice":"1 cards matched","damage_taken":0,"max_hp_gain":0,"max_hp_loss":0,"event_name":"Match and Keep!","floor":38,"gold_loss":0,"cards_obtained":["Barricade"]}],"is_beta":false,"boss_relics":[{"not_picked":["Astrolabe","White Beast Statue"],"picked":"Snecko Eye"},{"not_picked":["Runic Cube","Empty Cage"],"picked":"Pandora\u0027s Box"}],"items_purged_floors":[14,19,37],"is_endless":false,"potions_floor_spawned":[2,4,5,11,16,20,23,25,31,39,41,48,55],"ascension_level":20}