{"gold_per_floor":[119,134,147,147,164,196,196,224,276,305,325,237,237,5,5,104,154,166,182,132,132,145,172,172,202,202,215,129,158,158,168,168,168],"floor_reached":33,"playtime":3129,"items_purged":["Strike_R","Strike_R","Strike_R"],"score":339,"play_id":"257228b1-407f-4e76-91c8-d508fa0985aa","local_time":"20190202034056","is_ascension_mode":true,"campfire_choices":[{"data":"Whirlwind","floor":7.0,"key":"SMITH"},{"data":"Bash","floor":15.0,"key":"SMITH"},{"data":"Limit Break","floor":24.0,"key":"SMITH"},{"data":"Inflame","floor":32.0,"key":"SMITH"}],"neow_cost":"TEN_PERCENT_HP_LOSS","seed_source_timestamp":110237713600873,"circlet_count":0,"master_deck":["Strike_R","Defend_R","Defend_R","Defend_R+1","Defend_R","Bash+1","Whirlwind+1","Pommel Strike","Armaments","Cleave","Metallicize","Inflame+1","Uppercut+1","Carnage+1","Offering","Reaper+1","Body Slam+1","Shrug It Off","Limit Break+1","Whirlwind+1","Metallicize","Ghostly Armor","Twin Strike+1"],"special_seed":0,"relics":["Burning Blood","Turnip","Bird Faced Urn","Molten Egg 2","Orichalcum","Smiling Mask","Odd Mushroom","Membership Card","Tiny House","Question Card","Ice Cream","Red Skull","Vajra"],"potions_floor_usage":[],"damage_taken":[{"damage":8.0,"enemies":"2 Louse","floor":1.0,"turns":4.0},{"damage":3.0,"enemies":"Small Slimes","floor":2.0,"turns":3.0},{"damage":1.0,"enemies":"Cultist","floor":3.0,"turns":3.0},{"damage":20.0,"enemies":"Red Slaver","floor":5.0,"turns":5.0},{"damage":24.0,"enemies":"Gremlin Nob","floor":6.0,"turns":5.0},{"damage":18.0,"enemies":"3 Sentries","floor":8.0,"turns":4.0},{"damage":27.0,"enemies":"Lagavulin","floor":10.0,"turns":10.0},{"damage":1.0,"enemies":"The Mushroom Lair","floor":11.0,"turns":2.0},{"damage":16.0,"enemies":"Slime Boss","floor":16.0,"turns":8.0},{"damage":6.0,"enemies":"3 Byrds","floor":18.0,"turns":5.0},{"damage":19.0,"enemies":"2 Thieves","floor":19.0,"turns":4.0},{"damage":30.0,"enemies":"Snake Plant","floor":22.0,"turns":4.0},{"damage":22.0,"enemies":"Gremlin Leader","floor":23.0,"turns":6.0},{"damage":1.0,"enemies":"Slavers","floor":25.0,"turns":2.0},{"damage":24.0,"enemies":"Shelled Parasite and Fungi","floor":27.0,"turns":7.0},{"damage":27.0,"enemies":"Book of Stabbing","floor":29.0,"turns":4.0},{"damage":1.0,"enemies":"Centurion and Healer","floor":31.0,"turns":7.0},{"damage":66,"enemies":"Automaton","floor":33,"turns":6}],"seed_played":"871935251207782677","potions_obtained":[{"floor":2.0,"key":"Regen Potion"},{"floor":5.0,"key":"Weak Potion"},{"floor":10.0,"key":"Explosive Potion"},{"floor":13.0,"key":"SteroidPotion"},{"floor":13.0,"key":"Poison Potion"},{"floor":13.0,"key":"LiquidBronze"},{"floor":16.0,"key":"PowerPotion"},{"floor":17.0,"key":"Fruit Juice"},{"floor":18.0,"key":"Energy Potion"},{"floor":23.0,"key":"SteroidPotion"},{"floor":27.0,"key":"Energy Potion"}],"is_trial":false,"path_per_floor":["M","M","M","?","M","E","R","E","T","E","?","$","?","$","R","B",null,"M","M","$","?","M","E","R","E","T","M","$","E","?","M","R","B"],"character_chosen":"IRONCLAD","items_purchased":["Carnage+1","Membership Card","Offering","Metallicize"],"campfire_rested":0,"item_purchase_floors":[12,14,14,28],"current_hp_per_floor":[70,72,72,77,63,45,45,35,35,31,36,36,36,36,36,30,82,87,76,76,76,56,61,61,66,66,57,57,38,38,49,49,0],"gold":168,"neow_bonus":"ONE_RARE_RELIC","is_prod":false,"is_daily":false,"chose_seed":false,"campfire_upgraded":4,"win_rate":0,"timestamp":1549075256,"path_taken":["M","M","M","?","M","E","R","E","T","E","?","$","?","$","R","BOSS","M","M","$","?","M","E","R","E","T","?","$","E","?","M","R","BOSS"],"build_version":"2019-01-23","purchased_purges":3,"victory":false,"max_hp_per_floor":[72,72,72,77,77,77,77,77,77,77,77,77,77,77,77,77,82,87,87,87,87,87,87,87,87,87,87,87,87,87,87,87,87],"card_choices":[{"not_picked":["Havoc","Heavy Blade"],"picked":"Whirlwind","floor":1.0},{"not_picked":["True Grit","Heavy Blade"],"picked":"Pommel Strike","floor":2.0},{"not_picked":["Combust","Rage"],"picked":"Armaments","floor":3.0},{"not_picked":["Twin Strike","Armaments"],"picked":"Cleave","floor":5.0},{"not_picked":["Wild Strike","Havoc"],"picked":"Metallicize","floor":6.0},{"not_picked":["Intimidate","Armaments","Combust"],"picked":"SKIP","floor":8.0},{"not_picked":["Brutality","Infernal Blade"],"picked":"Inflame","floor":10.0},{"not_picked":["Anger+1","Wild Strike+1"],"picked":"Uppercut+1","floor":11.0},{"not_picked":["Juggernaut","Bludgeon+1"],"picked":"Reaper+1","floor":16.0},{"not_picked":["Metallicize","Rampage+1"],"picked":"Body Slam+1","floor":18.0},{"not_picked":["Twin Strike+1","Evolve","Rupture"],"picked":"SKIP","floor":19.0},{"not_picked":["Clash+1","Wild Strike+1"],"picked":"Shrug It Off","floor":22.0},{"not_picked":["Bloodletting","True Grit"],"picked":"Limit Break","floor":23.0},{"not_picked":["Anger+1","Iron Wave+1","Cleave+1"],"picked":"Whirlwind+1","floor":25.0},{"not_picked":["Bloodletting","Second Wind","Sentinel","Infernal Blade"],"picked":"SKIP","floor":27.0},{"not_picked":["Havoc","Twin Strike+1","Body Slam+1"],"picked":"Ghostly Armor","floor":29.0},{"not_picked":["Clothesline+1","Havoc","Perfected Strike+1"],"picked":"Twin Strike+1","floor":31.0}],"player_experience":291924,"relics_obtained":[{"floor":6.0,"key":"Bird Faced Urn"},{"floor":8.0,"key":"Molten Egg 2"},{"floor":9.0,"key":"Orichalcum"},{"floor":10.0,"key":"Smiling Mask"},{"floor":11.0,"key":"Odd Mushroom"},{"floor":23.0,"key":"Question Card"},{"floor":25.0,"key":"Ice Cream"},{"floor":26.0,"key":"Red Skull"},{"floor":29.0,"key":"Vajra"}],"event_choices":[{"damage_healed":0.0,"max_hp_gain":5.0,"max_hp_loss":0.0,"gold_gain":0.0,"event_name":"Big Fish","player_choice":"Donut","floor":4.0,"gold_loss":0.0,"damage_taken":0.0},{"damage_healed":0.0,"max_hp_gain":0.0,"max_hp_loss":0.0,"gold_gain":0.0,"event_name":"Mushrooms","player_choice":"Fought Mushrooms","floor":11.0,"gold_loss":0.0,"damage_taken":0.0},{"damage_healed":0.0,"max_hp_gain":0.0,"max_hp_loss":0.0,"gold_gain":0.0,"event_name":"Lab","player_choice":"Got Potions","floor":13.0,"gold_loss":0.0,"damage_taken":0.0},{"damage_healed":0.0,"max_hp_gain":0.0,"max_hp_loss":0.0,"gold_gain":0.0,"event_name":"N\u0027loth","player_choice":"Ignored","floor":21.0,"gold_loss":0.0,"damage_taken":0.0},{"cards_removed":["Strike_R"],"damage_healed":0.0,"max_hp_gain":0.0,"max_hp_loss":0.0,"gold_gain":0.0,"event_name":"Purifier","player_choice":"Purged","floor":30.0,"gold_loss":0.0,"damage_taken":0.0}],"is_beta":false,"boss_relics":[{"not_picked":["Fusion Hammer","Ectoplasm"],"picked":"Tiny House"}],"items_purged_floors":[12,20,28],"is_endless":false,"potions_floor_spawned":[2,5,10,16,18,23,27],"killed_by":"Automaton","ascension_level":1}