{"gold_per_floor":[115,115,132,132,143,170,170,200,227,245,257,267,284,284,284,284],"floor_reached":16,"playtime":3357,"items_purged":[],"score":200,"play_id":"b27e3ce3-a207-410f-a8ef-ea1a65dda9ae","local_time":"20190104215036","is_ascension_mode":true,"campfire_choices":[{"floor":7,"key":"REST"},{"floor":15,"key":"REST"}],"neow_cost":"TEN_PERCENT_HP_LOSS","seed_source_timestamp":1507638929256,"circlet_count":0,"master_deck":["AscendersBane","Strike_R","Strike_R","Strike_R","Strike_R+1","Defend_R","Defend_R","Defend_R+1","Defend_R","Bash","Juggernaut+1","Warcry","Entrench","Immolate","Sword Boomerang+1","Inflame","Shrug It Off+1","Shrug It Off","Clothesline","Second Wind"],"relics":["Burning Blood","Whetstone","Happy Flower","War Paint"],"potions_floor_usage":[11,16,16],"damage_taken":[{"damage":3,"enemies":"Small Slimes","floor":1,"turns":4},{"damage":0,"enemies":"Cultist","floor":3,"turns":4},{"damage":10,"enemies":"2 Louse","floor":5,"turns":3},{"damage":40,"enemies":"Gremlin Nob","floor":6,"turns":5},{"damage":25,"enemies":"3 Sentries","floor":8,"turns":4},{"damage":17,"enemies":"Exordium Wildlife","floor":10,"turns":3},{"damage":12,"enemies":"Exordium Thugs","floor":11,"turns":3},{"damage":12,"enemies":"3 Louse","floor":12,"turns":3},{"damage":2,"enemies":"Large Slime","floor":13,"turns":4},{"damage":35,"enemies":"The Guardian","floor":16,"turns":10}],"seed_played":"-4875533400750751331","potions_obtained":[{"floor":1,"key":"LiquidBronze"},{"floor":5,"key":"Energy Potion"},{"floor":11,"key":"Strength Potion"},{"floor":12,"key":"PowerPotion"}],"is_trial":false,"path_per_floor":["M","?","M","?","M","E","R","E","T","M","M","M","M","?","R","B"],"character_chosen":"IRONCLAD","items_purchased":[],"campfire_rested":2,"item_purchase_floors":[],"current_hp_per_floor":[68,68,68,68,64,30,50,31,31,20,14,8,12,12,32,0],"gold":284,"neow_bonus":"THREE_RARE_CARDS","is_prod":false,"is_daily":false,"chose_seed":false,"campfire_upgraded":0,"win_rate":0,"timestamp":1546656636,"path_taken":["M","?","M","?","M","E","R","E","T","M","?","M","M","?","R","BOSS"],"build_version":"2019-01-03v4","purchased_purges":0,"victory":false,"max_hp_per_floor":[68,68,68,68,68,68,68,68,68,68,68,68,68,68,68,68],"card_choices":[{"not_picked":["Offering","Feed"],"picked":"Juggernaut","floor":0},{"not_picked":["Power Through","Wild Strike"],"picked":"Warcry","floor":1},{"not_picked":["Blood for Blood","Dropkick"],"picked":"Entrench","floor":3},{"not_picked":["Headbutt","Heavy Blade"],"picked":"Sword Boomerang","floor":5},{"not_picked":["Searing Blow","Anger"],"picked":"Inflame","floor":6},{"not_picked":["True Grit","Hemokinesis"],"picked":"Shrug It Off","floor":8},{"not_picked":["Perfected Strike","Intimidate","Twin Strike"],"picked":"SKIP","floor":10},{"not_picked":["Wild Strike","Body Slam"],"picked":"Shrug It Off","floor":11},{"not_picked":["True Grit","Twin Strike"],"picked":"Clothesline","floor":12},{"not_picked":["Reckless Charge","Havoc"],"picked":"Second Wind","floor":13}],"player_experience":825061,"relics_obtained":[{"floor":6,"key":"Whetstone"},{"floor":8,"key":"Happy Flower"},{"floor":9,"key":"War Paint"}],"event_choices":[{"damage_healed":0,"gold_gain":0,"player_choice":"Grow","damage_taken":0,"max_hp_gain":0,"max_hp_loss":0,"event_name":"Living Wall","floor":2,"gold_loss":0,"cards_upgraded":["Juggernaut"]},{"damage_healed":0,"gold_gain":0,"cards_transformed":["Strike_R"],"player_choice":"Transformed","damage_taken":0,"max_hp_gain":0,"max_hp_loss":0,"event_name":"Transmorgrifier","floor":4,"gold_loss":0,"cards_obtained":["Immolate"]},{"damage_healed":0,"gold_gain":0,"player_choice":"Ignored","damage_taken":0,"max_hp_gain":0,"max_hp_loss":0,"event_name":"Liars Game","floor":14,"gold_loss":0}],"is_beta":false,"boss_relics":[],"items_purged_floors":[],"is_endless":false,"potions_floor_spawned":[1,5,8,11,12],"killed_by":"The Guardian","ascension_level":15}