{"gold_per_floor":[217,20,32,42,42,77,92,92,118,151,151,20,44,44,44,163,226,251,265,265,284,34,34,47,81,127,140,165,165,184,197,197,321,321,337,357,357,357,30,155,155,190,190,190,190,190,190,233,233,233],"floor_reached":50,"playtime":2265,"items_purged":["Strike_R","Strike_R"],"score":663,"play_id":"59b2c0d0-3579-480a-9329-9c20a18d9d75","local_time":"20190110225958","is_ascension_mode":true,"campfire_choices":[{"floor":8,"key":"REST"},{"data":"Hemokinesis","floor":11,"key":"SMITH"},{"data":"Sword Boomerang","floor":15,"key":"SMITH"},{"floor":23,"key":"REST"},{"floor":29,"key":"REST"},{"floor":32,"key":"REST"},{"data":"True Grit","floor":41,"key":"SMITH"},{"floor":45,"key":"REST"},{"data":"Armaments","floor":47,"key":"SMITH"},{"data":"Demon Form","floor":49,"key":"SMITH"}],"neow_cost":"NONE","seed_source_timestamp":180622033367748,"circlet_count":0,"master_deck":["Strike_R","Strike_R+1","Defend_R","Defend_R","Defend_R","Bash","Iron Wave","Twin Strike","Hemokinesis+1","Thunderclap","Inflame","Whirlwind","Sword Boomerang+1","Demon Form+1","Heavy Blade","Flex+1","Spot Weakness+1","Armaments+1","Ghostly Armor","Second Wind+1","Disarm","True Grit+1","Pommel Strike","True Grit+1"],"relics":["Burning Blood","Membership Card","Golden Idol","Happy Flower","Art of War","Ancient Tea Set","Orichalcum","Tiny House","Red Skull","Blood Vial","Strawberry","Centennial Puzzle","Philosopher\u0027s Stone","TheAbacus","Regal Pillow","Magic Flower","Boot","Bag of Marbles","Meat on the Bone","Gremlin Horn"],"potions_floor_usage":[6,10,13,19,20,25,25,28,33,35,50,50],"damage_taken":[{"damage":11,"enemies":"2 Louse","floor":1,"turns":4},{"damage":7,"enemies":"Jaw Worm","floor":3,"turns":3},{"damage":1,"enemies":"Cultist","floor":4,"turns":4},{"damage":31,"enemies":"Lagavulin","floor":6,"turns":6},{"damage":11,"enemies":"Blue Slaver","floor":7,"turns":3},{"damage":11,"enemies":"Gremlin Nob","floor":10,"turns":3},{"damage":14,"enemies":"Exordium Wildlife","floor":13,"turns":2},{"damage":27,"enemies":"Hexaghost","floor":16,"turns":9},{"damage":24,"enemies":"Shell Parasite","floor":18,"turns":4},{"damage":7,"enemies":"Spheric Guardian","floor":19,"turns":3},{"damage":35,"enemies":"Colosseum Slavers","floor":20,"turns":4},{"damage":24,"enemies":"Snecko","floor":21,"turns":4},{"damage":22,"enemies":"Centurion and Healer","floor":24,"turns":4},{"damage":26,"enemies":"Book of Stabbing","floor":25,"turns":4},{"damage":10,"enemies":"Chosen and Byrds","floor":27,"turns":3},{"damage":15,"enemies":"Snake Plant","floor":28,"turns":4},{"damage":5,"enemies":"Snecko","floor":30,"turns":3},{"damage":7,"enemies":"Chosen and Byrds","floor":31,"turns":4},{"damage":69,"enemies":"Automaton","floor":33,"turns":7},{"damage":6,"enemies":"3 Darklings","floor":35,"turns":1},{"damage":13,"enemies":"Orb Walker","floor":36,"turns":3},{"damage":8,"enemies":"Mind Bloom Boss Battle","floor":40,"turns":6},{"damage":69,"enemies":"Giant Head","floor":42,"turns":7},{"damage":53,"enemies":"Reptomancer","floor":48,"turns":5},{"damage":75,"enemies":"Donu and Deca","floor":50,"turns":4}],"seed_played":"3814734738100187623","potions_obtained":[{"floor":3,"key":"Swift Potion"},{"floor":4,"key":"Poison Potion"},{"floor":7,"key":"SteroidPotion"},{"floor":16,"key":"SpeedPotion"},{"floor":17,"key":"Dexterity Potion"},{"floor":18,"key":"Fire Potion"},{"floor":21,"key":"SteroidPotion"},{"floor":24,"key":"SkillPotion"},{"floor":28,"key":"AttackPotion"},{"floor":33,"key":"SkillPotion"},{"floor":42,"key":"Regen Potion"}],"is_trial":false,"path_per_floor":["M","$","M","M","?","E","M","R","T","E","R","$","M","?","R","B",null,"M","M","?","M","$","R","M","E","T","M","M","R","M","M","R","B",null,"M","M","?","?","$","?","R","E","T","T","R","?","R","E","R","B"],"character_chosen":"IRONCLAD","items_purchased":["Membership Card","Orichalcum","Inflame","Whirlwind","Armaments","Ghostly Armor","Red Skull","Blood Vial","True Grit","TheAbacus","Regal Pillow","Pommel Strike","Fire Potion","SpeedPotion"],"campfire_rested":5,"item_purchase_floors":[2,12,12,12,22,22,22,22,39,39,39,39,39,39],"current_hp_per_floor":[75,75,74,79,59,34,29,53,53,48,48,48,40,33,33,12,85,67,66,37,19,19,44,30,19,19,17,10,37,40,41,68,7,92,92,85,85,85,85,85,85,28,28,28,70,70,70,47,47,0],"gold":233,"neow_bonus":"HUNDRED_GOLD","is_prod":false,"is_daily":false,"chose_seed":false,"campfire_upgraded":5,"win_rate":0,"timestamp":1547189998,"path_taken":["M","$","M","M","?","E","M","R","T","E","R","$","M","?","R","BOSS","M","M","?","M","$","R","M","E","T","M","M","R","M","M","R","BOSS","M","M","?","?","$","?","R","E","T","?","R","?","R","E","R","BOSS"],"build_version":"2019-01-10","purchased_purges":2,"victory":false,"max_hp_per_floor":[80,80,80,80,80,80,80,80,80,80,80,80,80,80,80,80,85,85,85,85,85,85,85,85,92,92,92,92,92,92,92,92,92,92,92,92,92,92,92,92,92,92,92,92,92,87,87,87,87,87],"card_choices":[{"not_picked":["Armaments","Seeing Red"],"picked":"Iron Wave","floor":1},{"not_picked":["Warcry","Burning Pact"],"picked":"Twin Strike","floor":3},{"not_picked":["Seeing Red","Flex"],"picked":"Hemokinesis","floor":4},{"not_picked":["Uppercut","Armaments"],"picked":"Thunderclap","floor":6},{"not_picked":["Carnage","Evolve","Anger"],"picked":"SKIP","floor":7},{"not_picked":["Barricade","Wild Strike","Corruption"],"picked":"SKIP","floor":10},{"not_picked":["Headbutt","Blood for Blood"],"picked":"Sword Boomerang","floor":13},{"not_picked":["Reaper","Berserk"],"picked":"Demon Form","floor":16},{"not_picked":["Iron Wave","Warcry"],"picked":"Heavy Blade","floor":17},{"not_picked":["Anger","Warcry"],"picked":"Flex+1","floor":18},{"not_picked":["Havoc","Wild Strike"],"picked":"Spot Weakness+1","floor":19},{"not_picked":["Headbutt+1","Burning Pact","Pommel Strike+1"],"picked":"SKIP","floor":21},{"not_picked":["Dual Wield","Blood for Blood","Rampage"],"picked":"SKIP","floor":24},{"not_picked":["Perfected Strike","Fire Breathing+1","Anger+1"],"picked":"SKIP","floor":25},{"not_picked":["Heavy Blade","Anger","Cleave"],"picked":"SKIP","floor":27},{"not_picked":["Havoc","Cleave","Headbutt"],"picked":"SKIP","floor":28},{"not_picked":["Anger+1","Thunderclap+1"],"picked":"Second Wind+1","floor":30},{"not_picked":["Heavy Blade","Havoc+1","Infernal Blade+1"],"picked":"SKIP","floor":31},{"not_picked":["Twin Strike+1","Heavy Blade","Wild Strike"],"picked":"SKIP","floor":35},{"not_picked":["Cleave","Sword Boomerang"],"picked":"Disarm","floor":36},{"not_picked":["Clash","Wild Strike","Flex"],"picked":"SKIP","floor":42},{"not_picked":["Thunderclap","Wild Strike"],"picked":"True Grit+1","floor":48}],"player_experience":135485,"relics_obtained":[{"floor":6,"key":"Happy Flower"},{"floor":9,"key":"Art of War"},{"floor":10,"key":"Ancient Tea Set"},{"floor":25,"key":"Strawberry"},{"floor":26,"key":"Centennial Puzzle"},{"floor":40,"key":"Magic Flower"},{"floor":42,"key":"Boot"},{"floor":43,"key":"Bag of Marbles"},{"floor":44,"key":"Meat on the Bone"},{"floor":48,"key":"Gremlin Horn"}],"event_choices":[{"damage_healed":0,"gold_gain":0,"player_choice":"Take Damage","damage_taken":20,"relics_obtained":["Golden Idol"],"max_hp_gain":0,"max_hp_loss":0,"event_name":"Golden Idol","floor":5,"gold_loss":0},{"cards_removed":["Strike_R"],"damage_healed":0,"gold_gain":0,"player_choice":"Card Removal","damage_taken":7,"max_hp_gain":0,"max_hp_loss":0,"event_name":"Golden Wing","floor":14,"gold_loss":0},{"damage_healed":0,"gold_gain":0,"player_choice":"Fight","damage_taken":0,"max_hp_gain":0,"max_hp_loss":0,"event_name":"Colosseum","floor":20,"gold_loss":0},{"damage_healed":0,"gold_gain":0,"player_choice":"Fled From Nobs","damage_taken":0,"max_hp_gain":0,"max_hp_loss":0,"event_name":"Colosseum","floor":20,"gold_loss":0},{"damage_healed":0,"gold_gain":0,"player_choice":"Ignored","damage_taken":0,"max_hp_gain":0,"max_hp_loss":0,"event_name":"Mysterious Sphere","floor":37,"gold_loss":0},{"cards_removed":["Defend_R"],"damage_healed":0,"gold_gain":0,"player_choice":"Removed Skill","damage_taken":0,"max_hp_gain":0,"max_hp_loss":0,"event_name":"Falling","floor":38,"gold_loss":0},{"damage_healed":0,"gold_gain":0,"player_choice":"Fight","damage_taken":0,"max_hp_gain":0,"max_hp_loss":0,"event_name":"MindBloom","floor":40,"gold_loss":0},{"damage_healed":0,"gold_gain":0,"player_choice":"Max HP","damage_taken":0,"max_hp_gain":0,"max_hp_loss":5,"event_name":"Winding Halls","floor":46,"gold_loss":0}],"is_beta":false,"boss_relics":[{"not_picked":["Lizard Tail","Pandora\u0027s Box"],"picked":"Tiny House"},{"not_picked":["Calling Bell","Runic Pyramid"],"picked":"Philosopher\u0027s Stone"}],"items_purged_floors":[22,39],"is_endless":false,"potions_floor_spawned":[3,4,7,16,18,21,24,28,33,42],"killed_by":"Donu and Deca","ascension_level":3}