{"gold_per_floor":[119,131,131,144,159,30,30,55,55,90,102,126,148,189,201,318,330,361,74,90,90,107,135,151,151,151,166,193,213,0,12,12,111,111,130,150,168,268,268],"floor_reached":39,"playtime":3436,"items_purged":["Pain","Strike_R"],"score":496,"play_id":"84653153-4e4e-4bfe-ba38-9de989728c44","local_time":"20190209172030","is_ascension_mode":true,"campfire_choices":[{"floor":7,"key":"REST"},{"floor":11,"key":"REST"},{"floor":15,"key":"REST"},{"floor":25,"key":"REST"},{"floor":32,"key":"REST"}],"neow_cost":"NONE","seed_source_timestamp":362089776026969,"circlet_count":0,"master_deck":["Bash","Havoc+1","Headbutt","Iron Wave","Seeing Red+1","Flex+1","Anger","Sword Boomerang+1","Shrug It Off+1","Thunderclap+1","Dark Embrace","Dark Embrace","Havoc+1","Seeing Red+1","Flex+1","Feel No Pain","Havoc+1","Disarm+1","True Grit+1","Sentinel+1","Feel No Pain","Warcry+1","Pummel+1","Fiend Fire+1","Exhume+1","Fiend Fire+1","Dropkick+1","Reckless Charge+1","Seeing Red+1","Wild Strike+1","Armaments+1","Demon Form","Inflame","Dark Embrace"],"relics":["Black Star","WarpedTongs","Sundial","Toxic Egg 2","Molten Egg 2","Bag of Preparation","MawBank","Lantern","Ornamental Fan","Sozu","PreservedInsect","War Paint","The Courier","Bottled Flame","Matryoshka","Pandora\u0027s Box","Peace Pipe"],"potions_floor_usage":[8,16,16,23],"damage_taken":[{"damage":7,"enemies":"Small Slimes","floor":1,"turns":5},{"damage":7,"enemies":"Cultist","floor":2,"turns":5},{"damage":6,"enemies":"2 Louse","floor":4,"turns":3},{"damage":9,"enemies":"Blue Slaver","floor":5,"turns":3},{"damage":17,"enemies":"Lagavulin","floor":8,"turns":8},{"damage":9,"enemies":"3 Sentries","floor":10,"turns":8},{"damage":0,"enemies":"2 Fungi Beasts","floor":12,"turns":3},{"damage":0,"enemies":"Gremlin Gang","floor":13,"turns":4},{"damage":14,"enemies":"Gremlin Nob","floor":14,"turns":3},{"damage":28,"enemies":"The Guardian","floor":16,"turns":9},{"damage":9,"enemies":"Shell Parasite","floor":18,"turns":3},{"damage":3,"enemies":"3 Byrds","floor":20,"turns":4},{"damage":15,"enemies":"Snake Plant","floor":22,"turns":3},{"damage":34,"enemies":"Slavers","floor":23,"turns":5},{"damage":0,"enemies":"Shelled Parasite and Fungi","floor":24,"turns":3},{"damage":3,"enemies":"Centurion and Healer","floor":27,"turns":3},{"damage":0,"enemies":"Book of Stabbing","floor":28,"turns":4},{"damage":7,"enemies":"Cultist and Chosen","floor":29,"turns":6},{"damage":0,"enemies":"Chosen and Byrds","floor":31,"turns":8},{"damage":5,"enemies":"Champ","floor":33,"turns":4},{"damage":0,"enemies":"3 Darklings","floor":35,"turns":2},{"damage":22,"enemies":"3 Shapes","floor":36,"turns":2},{"damage":50,"enemies":"Jaw Worm Horde","floor":37,"turns":4},{"damage":1,"enemies":"Mind Bloom Boss Battle","floor":38,"turns":3},{"damage":7,"enemies":"Writhing Mass","floor":39,"turns":3}],"seed_played":"4016832229677740452","potions_obtained":[{"floor":1,"key":"Weak Potion"},{"floor":5,"key":"SteroidPotion"},{"floor":8,"key":"Weak Potion"},{"floor":10,"key":"Block Potion"}],"is_trial":false,"path_per_floor":["M","M","?","M","M","$","R","E","T","E","R","M","M","E","R","B",null,"M","$","M","?","M","E","M","R","T","M","E","M","?","M","R","B",null,"M","M","M","?","M"],"character_chosen":"IRONCLAD","items_purchased":["Flex","Seeing Red+1","Flex+1","Feel No Pain"],"campfire_rested":5,"item_purchase_floors":[6,19,19,19],"current_hp_per_floor":[73,66,66,60,51,51,75,58,58,49,73,73,73,59,80,52,80,71,71,68,68,53,19,19,43,43,40,40,33,33,33,57,52,80,80,58,8,7,0],"gold":268,"neow_bonus":"BOSS_RELIC","is_prod":false,"is_daily":false,"chose_seed":false,"campfire_upgraded":0,"win_rate":0,"timestamp":1549750830,"path_taken":["M","M","?","M","M","?","R","E","T","E","R","?","M","E","R","BOSS","M","$","M","?","M","E","M","R","T","?","E","M","?","M","R","BOSS","M","M","M","?","M"],"build_version":"2019-01-23","purchased_purges":2,"victory":false,"max_hp_per_floor":[80,80,80,80,80,80,80,80,80,80,80,80,80,80,80,80,80,80,80,80,80,80,80,80,80,80,80,80,80,80,80,80,80,80,80,80,80,80,80],"card_choices":[{"not_picked":["Sever Soul","Flame Barrier"],"picked":"Havoc","floor":1},{"not_picked":["Uppercut","Hemokinesis"],"picked":"Headbutt","floor":2},{"not_picked":["Whirlwind","Heavy Blade"],"picked":"Iron Wave","floor":4},{"not_picked":["Clothesline","Iron Wave"],"picked":"Seeing Red","floor":5},{"not_picked":["Shockwave","Battle Trance"],"picked":"Anger","floor":8},{"not_picked":["Clothesline+1","Barricade"],"picked":"Sword Boomerang+1","floor":10},{"not_picked":["Second Wind+1","Anger+1"],"picked":"Shrug It Off+1","floor":12},{"not_picked":["Reckless Charge+1","Body Slam+1"],"picked":"Thunderclap+1","floor":13},{"not_picked":["Feel No Pain","Havoc+1"],"picked":"Dark Embrace","floor":14},{"not_picked":["Brutality","Berserk"],"picked":"Dark Embrace","floor":16},{"not_picked":["Blood for Blood+1","Pummel+1"],"picked":"Havoc+1","floor":18},{"not_picked":["Warcry+1","Seeing Red+1"],"picked":"Havoc+1","floor":20},{"not_picked":["Twin Strike+1","Entrench+1"],"picked":"Disarm+1","floor":22},{"not_picked":["Intimidate+1","Wild Strike+1"],"picked":"True Grit+1","floor":23},{"not_picked":["Uppercut+1","Power Through+1"],"picked":"Sentinel+1","floor":24},{"not_picked":["Perfected Strike+1","Clash+1"],"picked":"Feel No Pain","floor":27},{"not_picked":["Ghostly Armor+1","Sword Boomerang+1"],"picked":"Warcry+1","floor":28},{"not_picked":["Clothesline+1","Cleave+1"],"picked":"Pummel+1","floor":29},{"not_picked":["Twin Strike+1","Wild Strike+1"],"picked":"Fiend Fire+1","floor":31},{"not_picked":["Double Tap+1","Juggernaut"],"picked":"Exhume+1","floor":33},{"not_picked":["Twin Strike+1","Heavy Blade+1","Thunderclap+1"],"picked":"SKIP","floor":35},{"not_picked":["True Grit+1","Flex+1","Armaments+1"],"picked":"SKIP","floor":36},{"not_picked":["Sever Soul+1","Thunderclap+1"],"picked":"Dark Embrace","floor":37}],"player_experience":107854,"relics_obtained":[{"floor":8,"key":"Sundial"},{"floor":8,"key":"Toxic Egg 2"},{"floor":9,"key":"Molten Egg 2"},{"floor":10,"key":"Bag of Preparation"},{"floor":10,"key":"MawBank"},{"floor":14,"key":"Lantern"},{"floor":14,"key":"Ornamental Fan"},{"floor":23,"key":"PreservedInsect"},{"floor":23,"key":"War Paint"},{"floor":26,"key":"The Courier"},{"floor":28,"key":"Bottled Flame"},{"floor":28,"key":"Matryoshka"},{"floor":38,"key":"Peace Pipe"}],"event_choices":[{"damage_healed":0,"gold_gain":0,"player_choice":"Rummage","damage_taken":0,"relics_obtained":["WarpedTongs"],"max_hp_gain":0,"max_hp_loss":0,"event_name":"Accursed Blacksmith","floor":3,"gold_loss":0,"cards_obtained":["Pain"]},{"damage_healed":0,"gold_gain":0,"player_choice":"Upgraded","damage_taken":0,"max_hp_gain":0,"max_hp_loss":0,"event_name":"Upgrade Shrine","floor":21,"gold_loss":0,"cards_upgraded":["Seeing Red"]},{"damage_healed":0,"gold_gain":0,"player_choice":"Paid Fearfully","damage_taken":0,"max_hp_gain":0,"max_hp_loss":0,"event_name":"Masked Bandits","floor":30,"gold_loss":213},{"damage_healed":0,"gold_gain":0,"player_choice":"Fight","damage_taken":0,"max_hp_gain":0,"max_hp_loss":0,"event_name":"MindBloom","floor":38,"gold_loss":0}],"is_beta":false,"boss_relics":[{"not_picked":["Runic Pyramid","Fusion Hammer"],"picked":"Sozu"},{"not_picked":["Coffee Dripper","Runic Cube"],"picked":"Pandora\u0027s Box"}],"items_purged_floors":[6,19],"is_endless":false,"potions_floor_spawned":[1,5,8,10,14,22,27,28,35,36],"killed_by":"Writhing Mass","ascension_level":1}