{"gold_per_floor":[119,132,151,151,168,195,215,250,250,250,250,250,250],"floor_reached":13,"playtime":532,"items_purged":[],"score":100,"play_id":"9236415f-19cc-4bc6-adfb-b9e17f3f359f","local_time":"20190107222409","is_ascension_mode":true,"campfire_choices":[{"floor":10,"key":"REST"},{"data":"Zap","floor":12,"key":"SMITH"}],"neow_cost":"NONE","seed_source_timestamp":1569305673157136,"circlet_count":0,"master_deck":["Strike_B","Strike_B","Strike_B","Defend_B","Defend_B","Defend_B","Defend_B","Zap+1","Dualcast","Go for the Eyes","Conserve Battery","Barrage","BootSequence","Sweeping Beam","White Noise+1","Consume+1"],"relics":["Cracked Core","Bottled Flame","Toxic Egg 2","Ice Cream"],"potions_floor_usage":[8,8,13],"damage_taken":[{"damage":1,"enemies":"Cultist","floor":1,"turns":4},{"damage":7,"enemies":"2 Louse","floor":2,"turns":2},{"damage":5,"enemies":"Jaw Worm","floor":3,"turns":3},{"damage":4,"enemies":"Blue Slaver","floor":5,"turns":4},{"damage":54,"enemies":"Gremlin Nob","floor":6,"turns":5},{"damage":0,"enemies":"3 Louse","floor":7,"turns":3},{"damage":14,"enemies":"3 Sentries","floor":8,"turns":6},{"damage":47,"enemies":"Gremlin Nob","floor":13,"turns":4}],"seed_played":"-8572263912209471425","potions_obtained":[{"floor":3,"key":"Ancient Potion"},{"floor":5,"key":"Strength Potion"},{"floor":6,"key":"Fire Potion"}],"is_trial":false,"path_per_floor":["M","M","M","?","M","E","M","E","T","R","?","R","E"],"character_chosen":"DEFECT","items_purchased":[],"campfire_rested":1,"item_purchase_floors":[],"current_hp_per_floor":[81,74,69,74,70,16,16,2,2,28,28,28,0],"gold":250,"neow_bonus":"TEN_PERCENT_HP_BONUS","is_prod":false,"is_daily":false,"chose_seed":false,"campfire_upgraded":1,"win_rate":0,"timestamp":1546928649,"path_taken":["M","?","M","?","M","E","M","E","T","R","?","R","E"],"build_version":"2019-01-03v4","purchased_purges":0,"victory":false,"max_hp_per_floor":[82,82,82,87,87,87,87,87,87,87,87,87,87],"card_choices":[{"not_picked":["Gash","Steam"],"picked":"Go for the Eyes","floor":1},{"not_picked":["Stack","White Noise","Gash"],"picked":"SKIP","floor":2},{"not_picked":["Redo","Static Discharge"],"picked":"Conserve Battery","floor":3},{"not_picked":["Heatsinks","Capacitor"],"picked":"Barrage","floor":5},{"not_picked":["Darkness","White Noise"],"picked":"BootSequence","floor":6},{"not_picked":["Conserve Battery","White Noise"],"picked":"Sweeping Beam","floor":7},{"not_picked":["Steam","Leap"],"picked":"White Noise","floor":8}],"player_experience":115705,"relics_obtained":[{"floor":6,"key":"Bottled Flame"},{"floor":8,"key":"Toxic Egg 2"},{"floor":9,"key":"Ice Cream"}],"event_choices":[{"damage_healed":0,"gold_gain":0,"player_choice":"Donut","damage_taken":0,"max_hp_gain":5,"max_hp_loss":0,"event_name":"Big Fish","floor":4,"gold_loss":0},{"damage_healed":0,"gold_gain":0,"cards_transformed":["Strike_B"],"player_choice":"Transformed","damage_taken":0,"max_hp_gain":0,"max_hp_loss":0,"event_name":"Transmorgrifier","floor":11,"gold_loss":0,"cards_obtained":["Consume"]}],"is_beta":false,"boss_relics":[],"items_purged_floors":[],"is_endless":false,"potions_floor_spawned":[3,5,6],"killed_by":"Gremlin Nob","ascension_level":1}