{"gold_per_floor":[117,128,138,148,160,191,191,221,221,240,275,77,77,89,89,194,194,210,210,210,226,125,125,125,155,155,2,59,59,87,97,97,196,196,216,216,228,100,118,150,150,8,88,88,119,134,144,163,163,163],"floor_reached":51,"playtime":5063,"items_purged":["Strike_B","Writhe","Strike_B","Strike_B","Strike_B"],"score":787,"play_id":"a93e6b04-f4ef-4a51-8886-a3e84b99aa8b","local_time":"20190105230344","is_ascension_mode":false,"campfire_choices":[{"data":"Beam Cell","floor":7,"key":"SMITH"},{"data":"Defragment","floor":15,"key":"SMITH"},{"data":"Electrodynamics","floor":24,"key":"SMITH"},{"data":"Defragment","floor":29,"key":"SMITH"},{"data":"Go for the Eyes","floor":32,"key":"SMITH"},{"data":"Machine Learning","floor":44,"key":"SMITH"},{"data":"Darkness","floor":49,"key":"SMITH"}],"neow_cost":"NONE","seed_source_timestamp":1394289248680829,"circlet_count":0,"master_deck":["Defend_B","Defend_B","Defend_B+1","Defend_B","Zap+1","Dualcast","Leap","Consume+1","Beam Cell+1","Sweeping Beam","Darkness+1","Undo","Cold Snap","Defragment+1","Self Repair","Go for the Eyes+1","Defragment+1","Electrodynamics+1","Chill+1","Streamline+1","Steam+1","Stack+1","Coolheaded+1","Rebound+1","Machine Learning+1","Glacier+1","Capacitor","Lockon+1","Seek+1","Coolheaded+1","Capacitor","Coolheaded+1","Hologram+1","Stack+1"],"relics":["Cracked Core","War Paint","Potion Belt","Kunai","Toxic Egg 2","Coffee Dripper","Smiling Mask","Juzu Bracelet","Darkstone Periapt","Tiny Chest","Orichalcum","Velvet Choker","Gambling Chip","Bottled Flame","Ornamental Fan"],"potions_floor_usage":[5,25,25,33,40,40,50,50],"damage_taken":[{"damage":1,"enemies":"Jaw Worm","floor":1,"turns":2},{"damage":0,"enemies":"Small Slimes","floor":2,"turns":2},{"damage":0,"enemies":"2 Louse","floor":3,"turns":3},{"damage":6,"enemies":"Exordium Wildlife","floor":4,"turns":5},{"damage":0,"enemies":"3 Louse","floor":5,"turns":2},{"damage":17,"enemies":"3 Sentries","floor":6,"turns":6},{"damage":5,"enemies":"Lagavulin","floor":8,"turns":5},{"damage":0,"enemies":"Large Slime","floor":10,"turns":4},{"damage":12,"enemies":"Gremlin Nob","floor":11,"turns":5},{"damage":12,"enemies":"Exordium Thugs","floor":14,"turns":5},{"damage":10,"enemies":"Hexaghost","floor":16,"turns":10},{"damage":18,"enemies":"3 Byrds","floor":18,"turns":4},{"damage":7,"enemies":"Chosen","floor":21,"turns":5},{"damage":12,"enemies":"Slavers","floor":25,"turns":5},{"damage":1,"enemies":"Book of Stabbing","floor":28,"turns":7},{"damage":12,"enemies":"Slavers","floor":30,"turns":4},{"damage":0,"enemies":"Snecko","floor":31,"turns":4},{"damage":34,"enemies":"Automaton","floor":33,"turns":9},{"damage":2,"enemies":"Orb Walker","floor":35,"turns":3},{"damage":14,"enemies":"3 Darklings","floor":37,"turns":5},{"damage":0,"enemies":"Sphere and 2 Shapes","floor":39,"turns":3},{"damage":19,"enemies":"Reptomancer","floor":40,"turns":7},{"damage":0,"enemies":"Nemesis","floor":45,"turns":7},{"damage":0,"enemies":"4 Shapes","floor":46,"turns":3},{"damage":8,"enemies":"Writhing Mass","floor":47,"turns":6},{"damage":0,"enemies":"Spire Growth","floor":48,"turns":6},{"damage":11,"enemies":"Time Eater","floor":50,"turns":11}],"seed_played":"1624448444254230556","potions_obtained":[{"floor":1,"key":"SkillPotion"},{"floor":3,"key":"Explosive Potion"},{"floor":5,"key":"Explosive Potion"},{"floor":11,"key":"PowerPotion"},{"floor":16,"key":"Energy Potion"},{"floor":25,"key":"Poison Potion"},{"floor":28,"key":"SteroidPotion"},{"floor":31,"key":"Block Potion"},{"floor":33,"key":"AttackPotion"},{"floor":35,"key":"Block Potion"},{"floor":40,"key":"Block Potion"}],"is_trial":false,"path_per_floor":["M","M","M","M","M","E","R","E","T","M","E","$","?","M","R","B",null,"M","?","?","M","$","?","R","E","T","$","E","R","E","M","R","B",null,"M","?","M","$","M","E","?","$","T","R","E","M","M","M","R","B",null],"character_chosen":"DEFECT","items_purchased":["Go for the Eyes","Defragment","Steam+1","Stack+1","Coolheaded+1","Capacitor","Coolheaded+1","Capacitor"],"campfire_rested":0,"item_purchase_floors":[12,12,22,27,27,38,42,42],"current_hp_per_floor":[74,74,74,68,68,51,51,46,46,46,34,34,59,54,54,51,75,64,64,64,64,64,64,64,52,52,52,58,58,53,53,53,19,75,75,75,68,68,68,56,56,56,56,56,63,63,62,69,69,58],"gold":163,"neow_bonus":"UPGRADE_CARD","is_prod":false,"is_daily":false,"chose_seed":false,"campfire_upgraded":7,"win_rate":0.0,"timestamp":1546758224,"path_taken":["M","M","M","M","M","E","R","E","T","M","E","$","?","M","R","BOSS","M","?","?","M","$","?","R","E","T","$","E","R","E","M","R","BOSS","M","?","M","$","M","E","?","?","T","R","E","M","M","M","R","BOSS"],"build_version":"2019-01-03v4","purchased_purges":5,"victory":true,"max_hp_per_floor":[75,75,75,75,75,75,75,75,75,75,75,75,75,75,75,75,75,75,75,75,75,75,75,75,75,75,75,75,75,75,75,75,75,75,75,75,75,75,75,75,75,75,75,75,75,75,75,75,75,75],"card_choices":[{"not_picked":["Reprogram","Redo"],"picked":"Leap","floor":1},{"not_picked":["Cold Snap","Redo"],"picked":"Consume","floor":2},{"not_picked":["Darkness","Cold Snap"],"picked":"Beam Cell","floor":3},{"not_picked":["Streamline","Barrage"],"picked":"Sweeping Beam","floor":4},{"not_picked":["Lockon","Beam Cell"],"picked":"Darkness","floor":5},{"not_picked":["Blizzard","Turbo"],"picked":"Undo","floor":6},{"not_picked":["Force Field","Multi-Cast"],"picked":"Cold Snap","floor":8},{"not_picked":["Ball Lightning","Streamline"],"picked":"Defragment","floor":10},{"not_picked":["Darkness","Cold Snap"],"picked":"Self Repair","floor":11},{"not_picked":["Barrage","Turbo+1","Undo+1"],"picked":"SKIP","floor":14},{"not_picked":["Echo Form","Machine Learning"],"picked":"Electrodynamics","floor":16},{"not_picked":["Fusion+1","Turbo+1"],"picked":"Chill+1","floor":18},{"not_picked":["Darkness+1","Compile Driver"],"picked":"Streamline+1","floor":21},{"not_picked":["Biased Cognition","Streamline","Redo+1"],"picked":"SKIP","floor":25},{"not_picked":["Hello World+1","Gash"],"picked":"Rebound+1","floor":28},{"not_picked":["Cold Snap","Streamline","Scrape"],"picked":"SKIP","floor":30},{"not_picked":["Barrage+1","Go for the Eyes","Undo+1"],"picked":"SKIP","floor":31},{"not_picked":["Creative AI","Rainbow+1"],"picked":"Machine Learning","floor":33},{"not_picked":["Cold Snap","Consume+1"],"picked":"Glacier+1","floor":35},{"not_picked":["Doom and Gloom","Conserve Battery+1","Coolheaded+1"],"picked":"SKIP","floor":37},{"not_picked":["Ball Lightning","Beam Cell"],"picked":"Lockon+1","floor":39},{"not_picked":["Cold Snap","FTL+1"],"picked":"Seek+1","floor":40},{"not_picked":["Rip and Tear","Steam+1"],"picked":"Coolheaded+1","floor":45},{"not_picked":["Gash","Rebound","Leap+1"],"picked":"SKIP","floor":46},{"not_picked":["Glacier+1","Redo+1"],"picked":"Hologram+1","floor":47},{"not_picked":["Heatsinks+1","White Noise+1"],"picked":"Stack+1","floor":48}],"player_experience":85132,"relics_obtained":[{"floor":6,"key":"War Paint"},{"floor":8,"key":"Potion Belt"},{"floor":9,"key":"Kunai"},{"floor":11,"key":"Toxic Egg 2"},{"floor":25,"key":"Juzu Bracelet"},{"floor":26,"key":"Darkstone Periapt"},{"floor":28,"key":"Tiny Chest"},{"floor":30,"key":"Orichalcum"},{"floor":40,"key":"Gambling Chip"},{"floor":43,"key":"Bottled Flame"},{"floor":45,"key":"Ornamental Fan"}],"event_choices":[{"damage_healed":25,"gold_gain":0,"player_choice":"Banana","damage_taken":0,"max_hp_gain":0,"max_hp_loss":0,"event_name":"Big Fish","floor":13,"gold_loss":0},{"damage_healed":0,"gold_gain":0,"player_choice":"Opened","damage_taken":0,"relics_obtained":["Smiling Mask"],"max_hp_gain":0,"max_hp_loss":0,"event_name":"The Mausoleum","floor":19,"gold_loss":0,"cards_obtained":["Writhe"]},{"damage_healed":0,"gold_gain":0,"player_choice":"Ignored","damage_taken":0,"max_hp_gain":0,"max_hp_loss":0,"event_name":"Cursed Tome","floor":20,"gold_loss":0},{"damage_healed":0,"gold_gain":0,"player_choice":"Ignored","damage_taken":0,"max_hp_gain":0,"max_hp_loss":0,"event_name":"Ghosts","floor":23,"gold_loss":0},{"damage_healed":0,"gold_gain":0,"player_choice":"Ignored","damage_taken":0,"max_hp_gain":0,"max_hp_loss":0,"event_name":"Mysterious Sphere","floor":36,"gold_loss":0},{"damage_healed":0,"gold_gain":0,"player_choice":"Memory 1","damage_taken":0,"max_hp_gain":0,"max_hp_loss":0,"event_name":"SensoryStone","floor":41,"gold_loss":0}],"is_beta":false,"boss_relics":[{"not_picked":["Busted Crown","Ectoplasm"],"picked":"Coffee Dripper"},{"not_picked":["Sozu","Astrolabe"],"picked":"Velvet Choker"}],"items_purged_floors":[12,22,27,38,42],"is_endless":false,"potions_floor_spawned":[1,3,5,11,16,25,28,31,33,35,39,40],"ascension_level":0}