{"gold_per_floor":[214,86,99,99,99,131,148,64,64,64,118,118,136,156,156,251,251,267,267,267,267,267,284,284,284,284,201,216,236,150,150,150,150],"floor_reached":33,"playtime":1400,"items_purged":["Strike_R"],"score":270,"play_id":"44266011-5422-4788-84d3-2f08011860b3","local_time":"20190114010241","is_ascension_mode":false,"campfire_choices":[{"data":"Feed","floor":10.0,"key":"SMITH"},{"data":"Discovery","floor":12.0,"key":"SMITH"},{"floor":15.0,"key":"REST"},{"floor":25.0,"key":"REST"},{"floor":32.0,"key":"REST"}],"neow_cost":"NONE","seed_source_timestamp":0,"circlet_count":0,"master_deck":["Strike_R+1","Strike_R+1","Strike_R+1","Strike_R+1","Defend_R+1","Defend_R+1","Defend_R+1","Defend_R+1","Bash","Heavy Blade","Clothesline+1","Thunderclap","Feed+1","Cleave","Discovery+1","Armaments","Seeing Red","Double Tap","Inflame","Dark Shackles","Iron Wave+1","True Grit","Finesse"],"special_seed":0,"relics":["Burning Blood"],"potions_floor_usage":[33],"damage_taken":[{"damage":5.0,"enemies":"Cultist","floor":1.0,"turns":4.0},{"damage":2.0,"enemies":"Small Slimes","floor":3.0,"turns":3.0},{"damage":33.0,"enemies":"3 Sentries","floor":6.0,"turns":7.0},{"damage":3.0,"enemies":"Jaw Worm","floor":7.0,"turns":4.0},{"damage":9.0,"enemies":"2 Fungi Beasts","floor":13.0,"turns":2.0},{"damage":23.0,"enemies":"Large Slime","floor":14.0,"turns":5.0},{"damage":63.0,"enemies":"Slime Boss","floor":16.0,"turns":15.0},{"damage":25.0,"enemies":"2 Thieves","floor":18.0,"turns":5.0},{"damage":38.0,"enemies":"Spheric Guardian","floor":23.0,"turns":6.0},{"damage":0.0,"enemies":"Chosen and Byrds","floor":24.0,"turns":1.0},{"damage":28.0,"enemies":"Sentry and Sphere","floor":28.0,"turns":7.0},{"damage":11.0,"enemies":"Snake Plant","floor":29.0,"turns":5.0},{"damage":73,"enemies":"Champ","floor":33,"turns":11}],"seed_played":"-6598268526048130423","potions_obtained":[{"floor":1.0,"key":"Fire Potion"},{"floor":6.0,"key":"SmokeBomb"},{"floor":16.0,"key":"FearPotion"},{"floor":28.0,"key":"SneckoOil"}],"is_trial":false,"path_per_floor":["M","$","M","?","?","E","M","$","T","R","T","R","M","M","R","B",null,"M","?","?","?","?","M","M","R","T","$","M","M","$","?","R","B"],"character_chosen":"IRONCLAD","items_purchased":["Clothesline","Discovery","Dark Shackles","Finesse"],"campfire_rested":3,"item_purchase_floors":[2,8,27,30],"current_hp_per_floor":[80,80,80,80,80,53,59,59,59,59,59,59,60,47,74,21,95,76,67,67,48,48,20,26,57,57,57,35,30,30,30,61,0],"gold":150,"neow_bonus":"HUNDRED_GOLD","is_prod":false,"is_daily":false,"chose_seed":false,"campfire_upgraded":2,"win_rate":0,"timestamp":1547445761,"path_taken":["M","$","M","?","?","E","M","$","T","R","?","R","M","M","R","BOSS","M","?","?","?","?","M","M","R","T","$","M","M","$","?","R","BOSS"],"build_version":"2019-01-10","purchased_purges":1,"victory":false,"max_hp_per_floor":[80,80,80,80,80,80,83,83,83,83,83,83,87,91,91,95,95,95,95,95,100,100,104,104,104,104,104,104,104,104,104,104,104],"card_choices":[{"not_picked":["Rupture","Havoc"],"picked":"Heavy Blade","floor":1.0},{"not_picked":["Twin Strike","Clothesline"],"picked":"Thunderclap","floor":3.0},{"not_picked":["Blood for Blood","Wild Strike"],"picked":"Feed","floor":6.0},{"not_picked":["Whirlwind","Clothesline"],"picked":"Cleave","floor":7.0},{"not_picked":["Carnage","Thunderclap"],"picked":"Armaments","floor":13.0},{"not_picked":["Armaments","Combust"],"picked":"Seeing Red","floor":14.0},{"not_picked":["Dark Embrace","Offering"],"picked":"Double Tap","floor":16.0},{"not_picked":["Armaments+1","Havoc"],"picked":"Inflame","floor":18.0},{"not_picked":["Pommel Strike","Wild Strike","Feel No Pain"],"picked":"SKIP","floor":23.0},{"not_picked":["Second Wind","Clothesline+1"],"picked":"Iron Wave+1","floor":28.0},{"not_picked":["Pommel Strike","Dual Wield"],"picked":"True Grit","floor":29.0}],"player_experience":539993,"relics_obtained":[],"event_choices":[{"damage_healed":0.0,"max_hp_gain":0.0,"max_hp_loss":0.0,"gold_gain":0.0,"event_name":"Living Wall","player_choice":"Grow","floor":4.0,"gold_loss":0.0,"damage_taken":0.0,"cards_upgraded":["Clothesline"]},{"damage_healed":0.0,"max_hp_gain":0.0,"max_hp_loss":0.0,"gold_gain":0.0,"event_name":"Golden Idol","player_choice":"Ignored","floor":5.0,"gold_loss":0.0,"damage_taken":0.0},{"damage_healed":0.0,"max_hp_gain":0.0,"max_hp_loss":0.0,"gold_gain":0.0,"event_name":"Cursed Tome","player_choice":"Stopped","floor":19.0,"gold_loss":0.0,"damage_taken":9.0},{"damage_healed":0.0,"max_hp_gain":5.0,"max_hp_loss":0.0,"gold_gain":0.0,"event_name":"Forgotten Altar","player_choice":"Shed Blood","floor":21.0,"gold_loss":0.0,"damage_taken":24.0},{"damage_healed":0.0,"max_hp_gain":0.0,"max_hp_loss":0.0,"gold_gain":0.0,"event_name":"Back to Basics","player_choice":"Simplicity","floor":22.0,"gold_loss":0.0,"damage_taken":0.0,"cards_upgraded":["Strike_R","Strike_R","Strike_R","Strike_R","Defend_R","Defend_R","Defend_R","Defend_R"]},{"damage_healed":0.0,"max_hp_gain":0.0,"max_hp_loss":0.0,"gold_gain":0.0,"event_name":"The Mausoleum","player_choice":"Ignored","floor":31.0,"gold_loss":0.0,"damage_taken":0.0}],"is_beta":true,"boss_relics":[{"not_picked":["Philosopher\u0027s Stone","Velvet Choker","Tiny House"]}],"items_purged_floors":[2],"is_endless":false,"potions_floor_spawned":[1,6,16,24,28],"killed_by":"Champ","ascension_level":0}