{"gold_per_floor":[114,114,114,114,173,173,28,42,66,138,138,42,62,77,77,174,174,188,188,207,167,183,194,194,194,274,274,287,108,108,123,123,123],"floor_reached":33,"playtime":1165,"items_purged":["Strike_R"],"score":235,"play_id":"578f2223-678e-4429-a34b-0bc29b5dd10d","local_time":"20190111160349","is_ascension_mode":false,"campfire_choices":[{"data":"Mind Blast","floor":6,"key":"SMITH"},{"data":"Armaments","floor":15,"key":"SMITH"},{"floor":24,"key":"REST"},{"data":"Searing Blow+1","floor":27,"key":"SMITH"},{"floor":32,"key":"REST"}],"neow_cost":"CURSE","seed_source_timestamp":142239614921846,"circlet_count":0,"master_deck":["Strike_R+1","Strike_R+1","Strike_R+1","Strike_R+1","Defend_R+1","Defend_R+1","Defend_R+1","Defend_R+1","Bash+1","Panache","Mind Blast+1","Clash","Searing Blow+2","Shrug It Off","Trip","Armaments+1","Double Tap","Disarm+1","Iron Wave+1","Cleave+1","Dropkick","Infernal Blade","Mayhem","Clothesline+1"],"relics":["Burning Blood"],"potions_floor_usage":[16,16,16,23,28,33,33],"damage_taken":[{"damage":12,"enemies":"Cultist","floor":1,"turns":5},{"damage":0,"enemies":"2 Louse","floor":8,"turns":2},{"damage":3,"enemies":"Small Slimes","floor":13,"turns":3},{"damage":1,"enemies":"3 Louse","floor":14,"turns":3},{"damage":68,"enemies":"Hexaghost","floor":16,"turns":12},{"damage":29,"enemies":"Shell Parasite","floor":18,"turns":6},{"damage":20,"enemies":"Spheric Guardian","floor":20,"turns":5},{"damage":9,"enemies":"Cultist and Chosen","floor":22,"turns":10},{"damage":14,"enemies":"Centurion and Healer","floor":23,"turns":6},{"damage":35,"enemies":"Sentry and Sphere","floor":28,"turns":6},{"damage":26,"enemies":"Shelled Parasite and Fungi","floor":31,"turns":5},{"damage":52,"enemies":"Automaton","floor":33,"turns":6}],"seed_played":"-2296952606429398730","potions_obtained":[{"floor":8,"key":"Block Potion"},{"floor":13,"key":"SkillPotion"},{"floor":14,"key":"GamblersBrew"},{"floor":16,"key":"PowerPotion"},{"floor":18,"key":"GamblersBrew"},{"floor":20,"key":"PowerPotion"},{"floor":28,"key":"GamblersBrew"},{"floor":31,"key":"Fire Potion"}],"is_trial":false,"path_per_floor":["M","?","?","?","?","R","$","M","T","T","?","$","M","M","R","B",null,"M","?","M","?","M","M","R","$","T","R","M","$","?","M","R","B"],"character_chosen":"IRONCLAD","items_purchased":["Searing Blow","Trip","Mayhem"],"campfire_rested":2,"item_purchase_floors":[7,12,29],"current_hp_per_floor":[74,58,58,55,55,55,55,61,61,61,61,61,64,69,69,7,80,57,57,43,43,40,32,56,56,56,56,27,27,27,7,31,0],"gold":123,"neow_bonus":"RANDOM_COLORLESS_2","is_prod":false,"is_daily":false,"chose_seed":false,"campfire_upgraded":3,"win_rate":0,"timestamp":1547240629,"path_taken":["M","?","?","?","?","R","$","?","T","?","?","$","M","M","R","BOSS","M","?","M","?","?","M","R","$","T","R","M","?","?","M","R","BOSS"],"build_version":"2019-01-10","purchased_purges":1,"victory":false,"max_hp_per_floor":[80,80,80,80,80,80,80,80,80,80,80,80,80,80,80,80,80,80,80,80,80,80,80,80,80,80,80,80,80,80,80,80,80],"card_choices":[{"not_picked":["Flex","Warcry"],"picked":"Clash","floor":1},{"not_picked":["Carnage","Reckless Charge"],"picked":"Shrug It Off","floor":8},{"not_picked":["Intimidate","Seeing Red"],"picked":"Armaments","floor":13},{"not_picked":["Havoc","Bloodletting","Rampage"],"picked":"SKIP","floor":14},{"not_picked":["Exhume","Dark Embrace"],"picked":"Double Tap","floor":16},{"not_picked":["Sever Soul","Warcry"],"picked":"Disarm+1","floor":18},{"not_picked":["Wild Strike+1","Pommel Strike"],"picked":"Iron Wave+1","floor":20},{"not_picked":["Burning Pact+1","Thunderclap"],"picked":"Cleave+1","floor":22},{"not_picked":["Entrench","Feel No Pain"],"picked":"Dropkick","floor":23},{"not_picked":["Wild Strike","Reckless Charge"],"picked":"Infernal Blade","floor":28},{"not_picked":["Burning Pact","Body Slam"],"picked":"Clothesline+1","floor":31}],"player_experience":532840,"relics_obtained":[],"event_choices":[{"damage_healed":0,"gold_gain":0,"player_choice":"Entered Light","damage_taken":16,"max_hp_gain":0,"max_hp_loss":0,"event_name":"Shining Light","floor":2,"gold_loss":0,"cards_upgraded":["Bash","Strike_R"]},{"cards_removed":["Normality"],"damage_healed":0,"gold_gain":0,"player_choice":"Forget","damage_taken":0,"max_hp_gain":0,"max_hp_loss":0,"event_name":"Living Wall","floor":3,"gold_loss":0},{"damage_healed":0,"gold_gain":0,"player_choice":"Fled","damage_taken":3,"max_hp_gain":0,"max_hp_loss":0,"event_name":"Scrap Ooze","floor":4,"gold_loss":0},{"damage_healed":0,"gold_gain":59,"player_choice":"Gained Gold","damage_taken":0,"max_hp_gain":0,"max_hp_loss":0,"event_name":"Golden Wing","floor":5,"gold_loss":0},{"damage_healed":0,"gold_gain":0,"player_choice":"Leave","damage_taken":0,"max_hp_gain":0,"max_hp_loss":0,"event_name":"The Cleric","floor":11,"gold_loss":0},{"damage_healed":0,"gold_gain":0,"player_choice":"Ignored","damage_taken":0,"max_hp_gain":0,"max_hp_loss":0,"event_name":"The Mausoleum","floor":19,"gold_loss":0},{"damage_healed":0,"gold_gain":0,"player_choice":"Upgrade","damage_taken":0,"max_hp_gain":0,"max_hp_loss":0,"event_name":"Designer","floor":21,"gold_loss":40,"cards_upgraded":["Searing Blow"]},{"damage_healed":0,"gold_gain":0,"player_choice":"Simplicity","damage_taken":0,"max_hp_gain":0,"max_hp_loss":0,"event_name":"Back to Basics","floor":30,"gold_loss":0,"cards_upgraded":["Strike_R","Strike_R","Strike_R","Defend_R","Defend_R","Defend_R","Defend_R"]}],"is_beta":true,"boss_relics":[{"not_picked":["Orrery","Sozu","Philosopher\u0027s Stone"]}],"items_purged_floors":[7],"is_endless":false,"potions_floor_spawned":[8,13,14,16,18,20,28,31],"killed_by":"Automaton","ascension_level":0}