{"gold_per_floor":[117,42,42,59,76,76,88,104,104,115,115,149,0,31,31,134,134,149,165,80,96,113,113,146,160,211,211,228,228,241,274,274,376,376,390,405,74,87,87,114,126,155,182,197,225,30,60,76,76,76],"floor_reached":51,"playtime":4342,"items_purged":["Injury"],"score":1242,"play_id":"6d6588da-f3ec-4bb5-b8b7-08e0c7ff8826","local_time":"20181008142803","is_ascension_mode":true,"campfire_choices":[{"data":"Feed","floor":6.0,"key":"SMITH"},{"floor":11.0,"key":"REST"},{"data":"Juggernaut","floor":15,"key":"SMITH"},{"floor":23,"key":"REST"},{"floor":27,"key":"REST"},{"floor":32,"key":"REST"},{"floor":49,"key":"REST"}],"neow_cost":"CURSE","seed_source_timestamp":0,"circlet_count":0,"master_deck":["Strike_R","Strike_R","Defend_R","Defend_R","Defend_R","Defend_R","Bash+1","Impervious","Feed+1","Whirlwind","Brutality","Spot Weakness","Shockwave","Iron Wave","Uppercut","Headbutt","Clothesline","Juggernaut+1","Demon Form","Metallicize+1","Pommel Strike+1","Heavy Blade+1","Rampage+1","Shrug It Off","Pommel Strike+1","Blood for Blood","Armaments","Immolate","Evolve+1","Infernal Blade+1","Inflame","Sword Boomerang","Flame Barrier","Battle Trance+1","Sword Boomerang+1","Heavy Blade+1","Inflame","Inflame"],"special_seed":0,"relics":["Burning Blood","Incense Burner","Self Forming Clay","Vajra","Peace Pipe","Black Star","Anchor","PreservedInsect","Bag of Marbles","Ancient Tea Set","FaceOfCleric","Juzu Bracelet","Red Skull","Cursed Key","Mummified Hand","Question Card","Gremlin Horn","Strawberry","Omamori","Smiling Mask","Centennial Puzzle","Whetstone","Medical Kit","Bag of Preparation","Lantern"],"potions_floor_usage":[16,21,33,33,48,50,50,50],"damage_taken":[{"damage":37.0,"enemies":"Cultist","floor":1.0,"turns":8.0},{"damage":1.0,"enemies":"2 Louse","floor":4.0,"turns":2.0},{"damage":0.0,"enemies":"Small Slimes","floor":5.0,"turns":5.0},{"damage":7.0,"enemies":"Exordium Thugs","floor":7.0,"turns":4.0},{"damage":10.0,"enemies":"3 Louse","floor":8.0,"turns":4.0},{"damage":20.0,"enemies":"Red Slaver","floor":10.0,"turns":5.0},{"damage":23.0,"enemies":"Lagavulin","floor":12.0,"turns":8.0},{"damage":15,"enemies":"3 Sentries","floor":14,"turns":6},{"damage":40,"enemies":"Slime Boss","floor":16,"turns":11},{"damage":34,"enemies":"Shell Parasite","floor":18,"turns":8},{"damage":18,"enemies":"Spheric Guardian","floor":19,"turns":4},{"damage":13,"enemies":"Chosen and Byrds","floor":21,"turns":8},{"damage":38,"enemies":"Centurion and Healer","floor":22,"turns":6},{"damage":42,"enemies":"Slavers","floor":24,"turns":7},{"damage":14,"enemies":"Snake Plant","floor":25,"turns":4},{"damage":20,"enemies":"3 Cultists","floor":28,"turns":5},{"damage":6,"enemies":"Centurion and Healer","floor":30,"turns":8},{"damage":15,"enemies":"Book of Stabbing","floor":31,"turns":5},{"damage":91,"enemies":"Collector","floor":33,"turns":9},{"damage":0,"enemies":"3 Shapes","floor":35,"turns":1},{"damage":20,"enemies":"3 Darklings","floor":36,"turns":6},{"damage":23,"enemies":"Sphere and 2 Shapes","floor":38,"turns":4},{"damage":19,"enemies":"2 Orb Walkers","floor":40,"turns":4},{"damage":8,"enemies":"4 Shapes","floor":41,"turns":3},{"damage":10,"enemies":"Nemesis","floor":42,"turns":5},{"damage":22,"enemies":"Maw","floor":44,"turns":6},{"damage":23,"enemies":"Giant Head","floor":45,"turns":6},{"damage":50,"enemies":"Nemesis","floor":47,"turns":5},{"damage":9,"enemies":"Transient","floor":48,"turns":5},{"damage":29,"enemies":"Time Eater","floor":50,"turns":4}],"seed_played":"5786302741925626253","potions_obtained":[{"floor":4.0,"key":"SteroidPotion"},{"floor":5.0,"key":"BloodPotion"},{"floor":12,"key":"PowerPotion"},{"floor":14,"key":"Regen Potion"},{"floor":16,"key":"SpeedPotion"},{"floor":21,"key":"Poison Potion"},{"floor":22,"key":"Weak Potion"},{"floor":35,"key":"Energy Potion"},{"floor":38,"key":"PowerPotion"},{"floor":39,"key":"BloodPotion"},{"floor":39,"key":"PowerPotion"},{"floor":45,"key":"AttackPotion"},{"floor":48,"key":"Block Potion"}],"is_trial":false,"path_per_floor":["M","$","?","M","M","R","M","M","T","M","R","E","$","E","R","B",null,"M","M","?","M","M","R","E","M","T","R","M","?","M","E","R","B",null,"M","M","$","M","?","E","M","E","T","M","E","$","E","M","R","B"],"character_chosen":"IRONCLAD","items_purchased":["Vajra","Mummified Hand","Inflame","Medical Kit"],"campfire_rested":5,"item_purchase_floors":[13,37,37,46],"current_hp_per_floor":[41,41,41,49,58,58,61,61,61,51,80,67,67,62,62,32,91,63,51,51,63,35,70,38,34,34,71,61,61,66,62,104,38,118,129,116,116,104,104,92,95,99,99,88,72,72,33,49,103,81],"gold":76,"neow_bonus":"TRANSFORM_TWO_CARDS","is_prod":false,"is_daily":false,"chose_seed":false,"campfire_upgraded":2,"win_rate":0,"timestamp":1539023283,"path_taken":["M","?","?","M","M","R","M","M","T","M","R","E","$","E","R","BOSS","M","M","?","?","M","R","E","M","T","R","M","?","M","E","R","BOSS","M","M","$","M","?","E","M","E","T","M","E","$","E","M","R","BOSS"],"build_version":"2018-10-04v2","purchased_purges":1,"victory":true,"max_hp_per_floor":[80,80,80,83,86,86,90,94,94,98,98,102,102,106,106,110,110,110,110,110,114,118,118,122,126,126,126,130,130,135,140,140,145,145,150,151,151,156,156,157,162,170,170,175,176,176,181,182,182,183],"card_choices":[{"not_picked":["Second Wind","Havoc"],"picked":"Whirlwind","floor":1.0},{"not_picked":["Armaments","Evolve"],"picked":"Spot Weakness","floor":4.0},{"not_picked":["Clash","Hemokinesis"],"picked":"Shockwave","floor":5.0},{"not_picked":["Havoc","Blood for Blood"],"picked":"Iron Wave","floor":7.0},{"not_picked":["Fire Breathing","Iron Wave"],"picked":"Uppercut","floor":8.0},{"not_picked":["Cleave","Blood for Blood"],"picked":"Headbutt","floor":10.0},{"not_picked":["Thunderclap","Clash"],"picked":"Clothesline","floor":12},{"not_picked":["Intimidate","Pommel Strike"],"picked":"Juggernaut","floor":14},{"not_picked":["Berserk","Offering"],"picked":"Demon Form","floor":16},{"not_picked":["Twin Strike","Clothesline+1"],"picked":"Metallicize+1","floor":18},{"not_picked":["Headbutt","Body Slam"],"picked":"Pommel Strike+1","floor":19},{"not_picked":["True Grit","Twin Strike"],"picked":"Heavy Blade","floor":21},{"not_picked":["Flex","Wild Strike+1"],"picked":"Rampage+1","floor":22},{"not_picked":["Clash","Berserk"],"picked":"Shrug It Off","floor":24},{"not_picked":["Thunderclap","Dual Wield"],"picked":"Pommel Strike+1","floor":25},{"not_picked":["Pommel Strike","Twin Strike","Warcry"],"picked":"SKIP","floor":28},{"not_picked":["Flex","Carnage+1"],"picked":"Blood for Blood","floor":30},{"not_picked":["Sword Boomerang","Flame Barrier"],"picked":"Armaments","floor":31},{"not_picked":["Double Tap","Dark Embrace"],"picked":"Immolate","floor":33},{"not_picked":["Twin Strike+1","Iron Wave"],"picked":"Evolve+1","floor":35},{"not_picked":["Hemokinesis","Rampage+1"],"picked":"Infernal Blade+1","floor":36},{"not_picked":["Flex","Corruption+1"],"picked":"Sword Boomerang","floor":38},{"not_picked":["Anger+1","Disarm+1"],"picked":"Flame Barrier","floor":40},{"not_picked":["Heavy Blade","Bloodletting","Twin Strike+1"],"picked":"Battle Trance+1","floor":41},{"not_picked":["Anger+1","Corruption","Havoc+1"],"picked":"Sword Boomerang+1","floor":42},{"not_picked":["Headbutt+1","Hemokinesis+1","Anger+1"],"picked":"Heavy Blade+1","floor":44},{"not_picked":["Dark Embrace","Sentinel","Clothesline","Heavy Blade"],"picked":"SKIP","floor":45},{"not_picked":["Juggernaut","Havoc+1","Sentinel+1"],"picked":"Inflame","floor":47},{"not_picked":["Warcry+1","Second Wind","Headbutt"],"picked":"Inflame","floor":48}],"player_experience":564651,"relics_obtained":[{"floor":9.0,"key":"Incense Burner"},{"floor":12,"key":"Self Forming Clay"},{"floor":14,"key":"Peace Pipe"},{"floor":24,"key":"PreservedInsect"},{"floor":24,"key":"Bag of Marbles"},{"floor":26,"key":"Ancient Tea Set"},{"floor":31,"key":"Juzu Bracelet"},{"floor":31,"key":"Red Skull"},{"floor":40,"key":"Question Card"},{"floor":40,"key":"Gremlin Horn"},{"floor":42,"key":"Strawberry"},{"floor":42,"key":"Omamori"},{"floor":43,"key":"Smiling Mask"},{"floor":45,"key":"Centennial Puzzle"},{"floor":45,"key":"Whetstone"},{"floor":47,"key":"Bag of Preparation"},{"floor":47,"key":"Lantern"}],"event_choices":[{"event_name":"Transmorgrifier","player_choice":"Transform","floor":3.0,"damage_taken":0.0},{"event_name":"Addict","player_choice":"Obtained Relic","floor":20,"damage_taken":0},{"event_name":"FaceTrader","player_choice":"Trade","floor":29,"damage_taken":0},{"event_name":"The Lab","player_choice":"Got Potions","floor":39,"damage_taken":0}],"is_beta":false,"boss_relics":[{"not_picked":["Calling Bell","Empty Cage"],"picked":"Black Star"},{"not_picked":["Philosopher\u0027s Stone","White Beast Statue"],"picked":"Cursed Key"}],"items_purged_floors":[2],"is_endless":false,"potions_floor_spawned":[4,5,12,14,16,21,22,30,35,38,40,45,47,48],"ascension_level":8}