{"gold_per_floor":[114,129,142,157,173,204,214,214,214,228,228,262,262,276,276,399,399,414,437,76,76],"floor_reached":21,"playtime":1218,"items_purged":[],"score":205,"play_id":"a0e42779-2cb3-4ea2-a0a4-f8444f3af377","local_time":"20181110055206","is_ascension_mode":true,"campfire_choices":[{"floor":8,"key":"REST"},{"data":"Zap","floor":11,"key":"SMITH"},{"floor":15,"key":"REST"}],"neow_cost":"NONE","seed_source_timestamp":322418372598594,"circlet_count":0,"master_deck":["Strike_B","Strike_B","Strike_B","Strike_B","Defend_B","Defend_B","Defend_B","Defend_B","Zap+1","Dualcast","Thunder Strike","Leap","Leap","Genetic Algorithm","Conserve Battery","Chill","BootSequence","Rebound","Aggregate","Lockon","Injury","Turbo","Reboot","White Noise","Skim","Conserve Battery+1","Panacea+1"],"relics":["Cracked Core","Centennial Puzzle","Dodecahedron","Dream Catcher","Golden Idol","Fusion Hammer","Toxic Egg 2"],"potions_floor_usage":[6,21],"damage_taken":[{"damage":1,"enemies":"Jaw Worm","floor":1,"turns":3},{"damage":0,"enemies":"2 Louse","floor":2,"turns":2},{"damage":1,"enemies":"Small Slimes","floor":3,"turns":3},{"damage":4,"enemies":"2 Fungi Beasts","floor":4,"turns":5},{"damage":2,"enemies":"Blue Slaver","floor":5,"turns":5},{"damage":10,"enemies":"3 Sentries","floor":6,"turns":10},{"damage":0,"enemies":"3 Louse","floor":7,"turns":4},{"damage":6,"enemies":"Exordium Thugs","floor":10,"turns":3},{"damage":19,"enemies":"Gremlin Nob","floor":12,"turns":4},{"damage":1,"enemies":"Lots of Slimes","floor":14,"turns":3},{"damage":67,"enemies":"Hexaghost","floor":16,"turns":16},{"damage":19,"enemies":"Chosen","floor":18,"turns":5},{"damage":0,"enemies":"3 Byrds","floor":19,"turns":2},{"damage":60,"enemies":"3 Cultists","floor":21,"turns":7}],"seed_played":"3003085586119116790","potions_obtained":[{"floor":4,"key":"Ancient Potion"},{"floor":5,"key":"Block Potion"},{"floor":7,"key":"Ancient Potion"},{"floor":14,"key":"FearPotion"}],"is_trial":false,"path_per_floor":["M","M","M","M","M","E","M","R","T","M","R","E","?","M","R","B",null,"M","M","$","M"],"character_chosen":"DEFECT","items_purchased":["Toxic Egg 2","Conserve Battery+1","Panacea+1"],"campfire_rested":2,"item_purchase_floors":[20,20,20],"current_hp_per_floor":[74,74,73,69,67,57,57,75,75,69,69,50,50,49,71,4,75,56,56,56,0],"gold":76,"neow_bonus":"ONE_RANDOM_RARE_CARD","is_prod":false,"is_daily":false,"chose_seed":false,"campfire_upgraded":1,"win_rate":0,"timestamp":1541847126,"path_taken":["M","M","M","M","M","E","M","R","T","M","R","E","?","M","R","BOSS","M","M","$","M"],"build_version":"2018-11-08","purchased_purges":0,"victory":false,"max_hp_per_floor":[75,75,75,75,75,75,75,75,75,75,75,75,75,75,75,75,75,75,75,75,75],"card_choices":[{"not_picked":["Beam Cell","Streamline"],"picked":"Leap","floor":1},{"not_picked":["Go for the Eyes","Barrage"],"picked":"Leap","floor":2},{"not_picked":["Leap","Self Repair"],"picked":"Genetic Algorithm","floor":3},{"not_picked":["Streamline","Stack"],"picked":"Conserve Battery","floor":4},{"not_picked":["Self Repair","Leap"],"picked":"Chill","floor":5},{"not_picked":["Go for the Eyes","Rebound"],"picked":"BootSequence","floor":6},{"not_picked":["Rip and Tear","Beam Cell"],"picked":"Rebound","floor":7},{"not_picked":["BootSequence","Sweeping Beam"],"picked":"Aggregate","floor":10},{"not_picked":["Hologram","Glacier"],"picked":"Lockon","floor":12},{"not_picked":["Coolheaded","Multi-Cast"],"picked":"Turbo","floor":14},{"not_picked":["Meteor Strike","Buffer"],"picked":"Reboot","floor":16},{"not_picked":["Compile Driver+1","Streamline+1"],"picked":"White Noise","floor":18},{"not_picked":["Barrage","Leap"],"picked":"Skim","floor":19}],"player_experience":58690,"relics_obtained":[{"floor":6,"key":"Centennial Puzzle"},{"floor":9,"key":"Dodecahedron"},{"floor":12,"key":"Dream Catcher"}],"event_choices":[{"damage_healed":0,"gold_gain":0,"player_choice":"Take Wound","damage_taken":0,"relics_obtained":["Golden Idol"],"max_hp_gain":0,"max_hp_loss":0,"event_name":"Golden Idol","floor":13,"gold_loss":0,"cards_obtained":["Injury"]}],"is_beta":false,"boss_relics":[{"not_picked":["Ectoplasm","FrozenCore"],"picked":"Fusion Hammer"}],"items_purged_floors":[],"is_endless":false,"potions_floor_spawned":[4,5,7,14],"killed_by":"3 Cultists","ascension_level":1}