{"gold_per_floor":[109,40,40,58,71,98,110,110,178,203,203,238,238,253,253,253],"floor_reached":16,"playtime":402,"items_purged":[],"score":162,"play_id":"0b07ba25-9ce7-422b-866e-9ebc62f01861","local_time":"20190202233603","is_ascension_mode":true,"campfire_choices":[{"floor":11,"key":"REST"},{"data":"Zap","floor":13,"key":"SMITH"},{"data":"Loop","floor":15,"key":"SMITH"}],"neow_cost":"NONE","seed_source_timestamp":1399025963452050,"circlet_count":0,"master_deck":["Strike_B","Strike_B","Strike_B","Strike_B","Defend_B","Defend_B","Defend_B","Defend_B","Zap+1","Dualcast","Sunder+1","Loop+1","Self Repair","Ball Lightning","Hologram"],"relics":["Cracked Core","NeowsBlessing","Ginger","Bottled Lightning","Anchor","Bird Faced Urn"],"potions_floor_usage":[7,16,16,16],"damage_taken":[{"damage":0,"enemies":"Cultist","floor":1,"turns":1},{"damage":0,"enemies":"2 Louse","floor":4,"turns":1},{"damage":0,"enemies":"Small Slimes","floor":5,"turns":1},{"damage":30,"enemies":"3 Sentries","floor":6,"turns":6},{"damage":4,"enemies":"2 Fungi Beasts","floor":7,"turns":2},{"damage":25,"enemies":"Lagavulin","floor":10,"turns":6},{"damage":25,"enemies":"3 Sentries","floor":12,"turns":5},{"damage":8,"enemies":"Blue Slaver","floor":14,"turns":3},{"damage":28,"enemies":"Hexaghost","floor":16,"turns":7}],"seed_played":"-7832948167420230993","potions_obtained":[{"floor":1,"key":"Strength Potion"},{"floor":7,"key":"Swift Potion"},{"floor":10,"key":"FearPotion"},{"floor":12,"key":"Dexterity Potion"}],"is_trial":false,"path_per_floor":["M","$","?","M","M","E","M","?","T","E","R","E","R","M","R","B"],"character_chosen":"DEFECT","items_purchased":["Sunder"],"campfire_rested":1,"item_purchase_floors":[2],"current_hp_per_floor":[68,68,73,73,73,43,39,39,39,21,45,27,27,21,21,0],"gold":253,"neow_bonus":"THREE_ENEMY_KILL","is_prod":false,"is_daily":false,"chose_seed":false,"campfire_upgraded":2,"win_rate":0,"timestamp":1549179363,"path_taken":["M","?","?","M","M","E","M","?","T","E","R","E","R","M","R","BOSS"],"build_version":"2019-01-23","purchased_purges":0,"victory":false,"max_hp_per_floor":[75,75,80,80,80,80,80,80,80,80,80,80,80,80,80,80],"card_choices":[{"not_picked":["Consume","Storm","Heatsinks"],"picked":"SKIP","floor":1},{"not_picked":["Coolheaded","Sunder","Streamline"],"picked":"SKIP","floor":4},{"not_picked":["Streamline","Gash","Fusion"],"picked":"SKIP","floor":5},{"not_picked":["Hologram","Cold Snap"],"picked":"Loop","floor":6},{"not_picked":["Storm","Sunder"],"picked":"Self Repair","floor":7},{"not_picked":["Fusion","Steam"],"picked":"Ball Lightning","floor":10},{"not_picked":["Consume","Skim","Fission"],"picked":"SKIP","floor":12},{"not_picked":["Cold Snap","Turbo"],"picked":"Hologram","floor":14}],"player_experience":308112,"relics_obtained":[{"floor":6,"key":"Ginger"},{"floor":9,"key":"Bottled Lightning"},{"floor":10,"key":"Anchor"},{"floor":12,"key":"Bird Faced Urn"}],"event_choices":[{"damage_healed":0,"gold_gain":0,"player_choice":"Donut","damage_taken":0,"max_hp_gain":5,"max_hp_loss":0,"event_name":"Big Fish","floor":3,"gold_loss":0},{"damage_healed":0,"gold_gain":0,"player_choice":"Grow","damage_taken":0,"max_hp_gain":0,"max_hp_loss":0,"event_name":"Living Wall","floor":8,"gold_loss":0,"cards_upgraded":["Sunder"]}],"is_beta":false,"boss_relics":[],"items_purged_floors":[],"is_endless":false,"potions_floor_spawned":[1,7,10,12],"killed_by":"Hexaghost","ascension_level":7}