{"gold_per_floor":[117,41,41,41,41,41,75,75,75,93,125,139,139,109,109,109],"floor_reached":16,"playtime":657,"items_purged":[],"score":164,"play_id":"bef6b3e4-0bab-4570-8ce4-e0cb95510416","local_time":"20181231135916","is_ascension_mode":true,"campfire_choices":[{"data":"Zap","floor":6,"key":"SMITH"},{"floor":8,"key":"REST"},{"data":"Cold Snap","floor":15,"key":"SMITH"}],"neow_cost":"NONE","seed_source_timestamp":4194629081663,"circlet_count":0,"master_deck":["AscendersBane","Strike_B","Strike_B","Defend_B","Defend_B","Defend_B","Defend_B","Zap+1","Dualcast","Glacier","Cold Snap+1","BootSequence","Turbo","Go for the Eyes","Coolheaded","Force Field","Conserve Battery"],"relics":["Cracked Core","Regal Pillow","Torii","Bird Faced Urn"],"potions_floor_usage":[],"damage_taken":[{"damage":7,"enemies":"Jaw Worm","floor":1,"turns":6},{"damage":35,"enemies":"Gremlin Nob","floor":7,"turns":6},{"damage":0,"enemies":"2 Louse","floor":10,"turns":2},{"damage":38,"enemies":"3 Sentries","floor":11,"turns":13},{"damage":0,"enemies":"Small Slimes","floor":12,"turns":4},{"damage":0,"enemies":"Looter","floor":14,"turns":4},{"damage":40,"enemies":"Slime Boss","floor":16,"turns":11}],"seed_played":"7868203782680111283","potions_obtained":[{"floor":1,"key":"PowerPotion"},{"floor":11,"key":"LiquidBronze"}],"is_trial":false,"path_per_floor":["M","$","?","?","?","R","E","R","T","M","E","M","?","M","R","B"],"character_chosen":"DEFECT","items_purchased":["BootSequence"],"campfire_rested":1,"item_purchase_floors":[2],"current_hp_per_floor":[61,61,66,66,66,66,31,70,70,70,32,32,32,32,32,0],"gold":109,"neow_bonus":"TRANSFORM_CARD","is_prod":false,"is_daily":false,"chose_seed":false,"campfire_upgraded":2,"win_rate":0,"timestamp":1546282756,"path_taken":["M","$","?","?","?","R","E","R","T","M","E","M","?","M","R","BOSS"],"build_version":"2018-12-25","purchased_purges":0,"victory":false,"max_hp_per_floor":[75,75,80,80,80,80,80,80,80,80,80,80,80,80,80,80],"card_choices":[{"not_picked":["Chaos","Beam Cell"],"picked":"Cold Snap","floor":1},{"not_picked":["Compile Driver","Leap"],"picked":"Turbo","floor":7},{"not_picked":["Stack","Compile Driver","Sweeping Beam"],"picked":"SKIP","floor":10},{"not_picked":["Force Field","Undo"],"picked":"Go for the Eyes","floor":11},{"not_picked":["Heatsinks","Fusion"],"picked":"Coolheaded","floor":12},{"not_picked":["Rebound","Skim"],"picked":"Conserve Battery","floor":14}],"player_experience":500981,"relics_obtained":[{"floor":7,"key":"Regal Pillow"},{"floor":9,"key":"Torii"},{"floor":11,"key":"Bird Faced Urn"}],"event_choices":[{"damage_healed":0,"gold_gain":0,"player_choice":"Donut","damage_taken":0,"max_hp_gain":5,"max_hp_loss":0,"event_name":"Big Fish","floor":3,"gold_loss":0},{"damage_healed":0,"gold_gain":0,"player_choice":"Leave","damage_taken":0,"max_hp_gain":0,"max_hp_loss":0,"event_name":"The Cleric","floor":4,"gold_loss":0},{"damage_healed":0,"gold_gain":0,"player_choice":"Ignored","damage_taken":0,"max_hp_gain":0,"max_hp_loss":0,"event_name":"Golden Wing","floor":5,"gold_loss":0},{"damage_healed":0,"gold_gain":0,"cards_transformed":["Strike_B"],"player_choice":"Transformed","damage_taken":0,"max_hp_gain":0,"max_hp_loss":0,"event_name":"Transmorgrifier","floor":13,"gold_loss":0,"cards_obtained":["Force Field"]}],"is_beta":true,"boss_relics":[],"items_purged_floors":[],"is_endless":false,"potions_floor_spawned":[1,11],"killed_by":"Slime Boss","ascension_level":11}