{"gold_per_floor":[114,17,32,47,47,77,92,92,92,107,107,107,122,137,137,237,237,252,252],"floor_reached":19,"playtime":904,"items_purged":["Strike_G"],"score":196,"play_id":"7c606d05-8a8a-4ea5-9d8b-b1b980c0da98","local_time":"20190210192745","daily_mods":["Specialized","Vintage","Terminal"],"is_ascension_mode":false,"campfire_choices":[{"floor":8,"key":"REST"},{"floor":12,"key":"DIG"},{"floor":15,"key":"DIG"}],"neow_cost":"","seed_source_timestamp":0,"circlet_count":0,"master_deck":["Defend_G","Defend_G","Defend_G","Defend_G","Defend_G","Strike_G","Strike_G","Strike_G","Strike_G","Survivor","Neutralize","Crippling Poison","Crippling Poison","Crippling Poison","Crippling Poison","Crippling Poison","Deadly Poison","Prepared","Burst"],"special_seed":17938,"relics":["Ring of the Snake","Tingsha","Mummified Hand","Shuriken","Torii","WingedGreaves","Meat on the Bone","Shovel","Snake Skull","Question Card","Letter Opener","Smiling Mask","White Beast Statue","Juzu Bracelet"],"potions_floor_usage":[19],"damage_taken":[{"damage":1,"enemies":"Cultist","floor":1,"turns":4},{"damage":4,"enemies":"Jaw Worm","floor":3,"turns":3},{"damage":0,"enemies":"2 Louse","floor":4,"turns":3},{"damage":21,"enemies":"Lagavulin","floor":6,"turns":7},{"damage":0,"enemies":"Large Slime","floor":7,"turns":7},{"damage":0,"enemies":"Gremlin Gang","floor":10,"turns":3},{"damage":1,"enemies":"2 Fungi Beasts","floor":13,"turns":3},{"damage":0,"enemies":"Blue Slaver","floor":14,"turns":4},{"damage":3,"enemies":"The Guardian","floor":16,"turns":9},{"damage":0,"enemies":"3 Byrds","floor":18,"turns":4},{"damage":8,"enemies":"Colosseum Slavers","floor":19,"turns":4},{"damage":65,"enemies":"Colosseum Nobs","floor":19,"turns":5}],"seed_played":"6339212738474030288","potions_obtained":[{"floor":4,"key":"SpeedPotion"},{"floor":7,"key":"Swift Potion"},{"floor":10,"key":"SkillPotion"}],"is_trial":false,"path_per_floor":["M","$","M","M","$","E","M","R","T","M","?","R","M","M","R","B",null,"M","?"],"character_chosen":"THE_SILENT","items_purchased":["Deadly Poison"],"campfire_rested":1,"item_purchase_floors":[2],"current_hp_per_floor":[68,67,63,63,63,42,42,60,60,59,58,57,56,55,54,51,52,51,0],"gold":252,"neow_bonus":"","is_prod":false,"is_daily":true,"chose_seed":false,"campfire_upgraded":0,"win_rate":0,"timestamp":1549844865,"path_taken":["M","?","M","M","$","E","M","R","T","M","?","R","M","M","R","BOSS","M","?"],"build_version":"2019-01-23","purchased_purges":1,"victory":false,"max_hp_per_floor":[68,67,66,65,64,63,62,61,60,59,58,57,56,55,54,53,52,51,51],"card_choices":[{"not_picked":["Crippling Poison","Acrobatics"],"picked":"Prepared","floor":6},{"not_picked":["A Thousand Cuts","Die Die Die","Phantasmal Killer"],"picked":"Burst","floor":16}],"player_experience":130263,"relics_obtained":[{"floor":1,"key":"Tingsha"},{"floor":3,"key":"Mummified Hand"},{"floor":4,"key":"Shuriken"},{"floor":6,"key":"Torii"},{"floor":7,"key":"WingedGreaves"},{"floor":9,"key":"Meat on the Bone"},{"floor":10,"key":"Shovel"},{"floor":12,"key":"Snake Skull"},{"floor":13,"key":"Question Card"},{"floor":14,"key":"Letter Opener"},{"floor":15,"key":"Smiling Mask"},{"floor":18,"key":"Juzu Bracelet"}],"event_choices":[{"damage_healed":0,"gold_gain":0,"player_choice":"Bought 0 Potions","damage_taken":0,"max_hp_gain":0,"max_hp_loss":0,"event_name":"The Woman in Blue","floor":11,"gold_loss":0},{"damage_healed":0,"gold_gain":0,"player_choice":"Fight","damage_taken":0,"max_hp_gain":0,"max_hp_loss":0,"event_name":"Colosseum","floor":19,"gold_loss":0},{"damage_healed":0,"gold_gain":0,"player_choice":"Fought Nobs","damage_taken":0,"max_hp_gain":0,"max_hp_loss":0,"event_name":"Colosseum","floor":19,"gold_loss":0}],"is_beta":false,"boss_relics":[{"not_picked":["Runic Pyramid","Runic Dome"],"picked":"White Beast Statue"}],"items_purged_floors":[2],"is_endless":false,"potions_floor_spawned":[4,7,10,18,19],"killed_by":"Colosseum Nobs","ascension_level":0}