{"gold_per_floor":[117,64,64,11,11,11,41,41,41,70,70,80,98,108,108,206,206,218,218,69,80,99,133,133,153,153,153,184,204,204,214,214,312,312,329,329,339,339,439,439,468,166,192,204,236,236,254,129,129,129,129,129,49,78,78],"floor_reached":55,"playtime":4906,"items_purged":["Strike_R","Strike_R","Strike_R"],"score":812,"play_id":"217f1887-e984-4a36-a0ed-437cd88326b1","local_time":"20190203021831","is_ascension_mode":true,"campfire_choices":[{"data":"Bash","floor":6.0,"key":"SMITH"},{"data":"Pommel Strike","floor":8.0,"key":"SMITH"},{"data":"Uppercut","floor":15.0,"key":"SMITH"},{"floor":24.0,"key":"REST"},{"data":"Rupture","floor":32.0,"key":"SMITH"},{"data":"Heavy Blade","floor":40.0,"key":"SMITH"},{"floor":46.0,"key":"RECALL"},{"floor":49.0,"key":"REST"},{"data":"Armaments","floor":52.0,"key":"SMITH"}],"neow_cost":"NONE","seed_source_timestamp":0,"circlet_count":0,"master_deck":["Defend_R","Defend_R","Defend_R","Defend_R","Bash+1","Pommel Strike+1","Iron Wave","Twin Strike","Shrug It Off","Combust","Disarm","Uppercut+1","Double Tap","Spot Weakness","Rupture+1","Heavy Blade+1","Metallicize","Sword Boomerang","Corruption+1","Necronomicurse","Heavy Blade+1","Offering","Whirlwind+1","Ghostly Armor","Intimidate","Warcry+1","Armaments+1","Shrug It Off+1","True Grit","Armaments","Corruption","Metallicize+1"],"special_seed":0,"relics":["Burning Blood","NeowsBlessing","Gremlin Horn","Regal Pillow","Turnip","Du-Vu Doll","White Beast Statue","Paper Frog","Self Forming Clay","Necronomicon","Smiling Mask","Runic Cube","Charon\u0027s Ashes","Strawberry","Frozen Eye","Bag of Preparation","Red Skull"],"potions_floor_usage":[55,55,55],"damage_taken":[{"damage":0.0,"enemies":"Small Slimes","floor":1.0,"turns":1.0},{"damage":0.0,"enemies":"Lagavulin","floor":7.0,"turns":1.0},{"damage":0.0,"enemies":"Gremlin Nob","floor":10.0,"turns":1.0},{"damage":6.0,"enemies":"Cultist","floor":12.0,"turns":3.0},{"damage":0.0,"enemies":"2 Louse","floor":13.0,"turns":3.0},{"damage":2.0,"enemies":"2 Fungi Beasts","floor":14.0,"turns":3.0},{"damage":44.0,"enemies":"Slime Boss","floor":16.0,"turns":8.0},{"damage":16.0,"enemies":"Chosen","floor":18.0,"turns":7.0},{"damage":19.0,"enemies":"Spheric Guardian","floor":21.0,"turns":4.0},{"damage":11.0,"enemies":"Snecko","floor":22.0,"turns":5.0},{"damage":39.0,"enemies":"Slavers","floor":23.0,"turns":7.0},{"damage":17.0,"enemies":"Snake Plant","floor":25.0,"turns":4.0},{"damage":9.0,"enemies":"Book of Stabbing","floor":28.0,"turns":4.0},{"damage":5.0,"enemies":"3 Cultists","floor":29.0,"turns":5.0},{"damage":14.0,"enemies":"Centurion and Healer","floor":31.0,"turns":3.0},{"damage":46.0,"enemies":"Collector","floor":33.0,"turns":8.0},{"damage":15.0,"enemies":"3 Shapes","floor":35.0,"turns":3.0},{"damage":8.0,"enemies":"3 Darklings","floor":37.0,"turns":2.0},{"damage":6.0,"enemies":"Mind Bloom Boss Battle","floor":39.0,"turns":5.0},{"damage":27.0,"enemies":"Nemesis","floor":41.0,"turns":5.0},{"damage":1.0,"enemies":"Transient","floor":44.0,"turns":5.0},{"damage":16.0,"enemies":"Giant Head","floor":45.0,"turns":5.0},{"damage":17.0,"enemies":"Spire Growth","floor":47.0,"turns":3.0},{"damage":52.0,"enemies":"Donu and Deca","floor":50.0,"turns":6.0},{"damage":24.0,"enemies":"Shield and Spear","floor":54.0,"turns":4.0},{"damage":72,"enemies":"The Heart","floor":55,"turns":8}],"seed_played":"-1207231014382004333","potions_obtained":[{"floor":7.0,"key":"Swift Potion"},{"floor":10.0,"key":"Block Potion"},{"floor":13.0,"key":"Poison Potion"},{"floor":14.0,"key":"Swift Potion"},{"floor":21.0,"key":"SteroidPotion"},{"floor":22.0,"key":"Block Potion"},{"floor":23.0,"key":"Ancient Potion"},{"floor":25.0,"key":"Weak Potion"},{"floor":28.0,"key":"GamblersBrew"},{"floor":33.0,"key":"GamblersBrew"},{"floor":35.0,"key":"SkillPotion"},{"floor":37.0,"key":"Block Potion"},{"floor":39.0,"key":"Fire Potion"},{"floor":41.0,"key":"Energy Potion"},{"floor":44.0,"key":"Fire Potion"},{"floor":45.0,"key":"Swift Potion"},{"floor":47.0,"key":"Ancient Potion"},{"floor":54.0,"key":"SkillPotion"}],"is_trial":false,"path_per_floor":["M","$","?","$","?","R","E","R","T","E","?","M","M","M","R","B",null,"M","?","$","M","M","E","R","M","T","?","E","M","?","M","R","B",null,"M","?","M","?","?","R","E","$","T","M","E","R","M","$","R","B",null,"R","$","E","B"],"character_chosen":"IRONCLAD","items_purchased":["Pommel Strike","Iron Wave","Rupture","Armaments","Frozen Eye","True Grit","Armaments","Corruption"],"campfire_rested":2,"item_purchase_floors":[2,4,20,42,42,48,48,53],"current_hp_per_floor":[80,80,62,62,67,67,73,73,73,79,72,72,78,82,82,44,85,75,75,75,62,57,24,64,53,53,37,34,35,63,55,55,15,85,76,76,74,74,74,74,60,60,60,65,55,55,44,44,85,39,88,88,88,70,0],"gold":78,"neow_bonus":"THREE_ENEMY_KILL","is_prod":false,"is_daily":false,"chose_seed":false,"campfire_upgraded":6,"win_rate":0,"timestamp":1549156711,"path_taken":["M","$","?","$","?","R","E","R","T","E","?","M","M","M","R","BOSS","M","?","$","M","?","E","R","M","T","?","E","M","?","M","R","BOSS","M","?","M","?","?","R","E","?","T","?","E","R","M","$","R","BOSS","R","$","E","BOSS"],"build_version":"2019-01-23","purchased_purges":3,"victory":false,"max_hp_per_floor":[80,80,80,80,85,85,85,85,85,85,85,85,85,85,85,85,85,85,85,85,85,85,85,85,85,85,85,85,85,85,85,85,85,85,85,81,81,81,81,81,88,88,88,88,88,88,88,88,88,88,88,88,88,88,88],"card_choices":[{"not_picked":["Armaments","Clash","Rage"],"picked":"SKIP","floor":1.0},{"not_picked":["Perfected Strike","True Grit"],"picked":"Twin Strike","floor":7.0},{"not_picked":["Battle Trance","Searing Blow"],"picked":"Shrug It Off","floor":10.0},{"not_picked":["Entrench","Heavy Blade"],"picked":"Combust","floor":12.0},{"not_picked":["Anger","Heavy Blade"],"picked":"Disarm","floor":13.0},{"not_picked":["Hemokinesis","Intimidate"],"picked":"Uppercut","floor":14.0},{"not_picked":["Fiend Fire","Reaper"],"picked":"Double Tap","floor":16.0},{"not_picked":["Rupture","Heavy Blade"],"picked":"Spot Weakness","floor":18.0},{"not_picked":["Uppercut","Flame Barrier+1"],"picked":"Heavy Blade+1","floor":21.0},{"not_picked":["Clothesline+1","Clash"],"picked":"Metallicize","floor":22.0},{"not_picked":["Anger+1","Combust"],"picked":"Sword Boomerang","floor":23.0},{"not_picked":["Twin Strike+1","Cleave"],"picked":"Corruption+1","floor":25.0},{"not_picked":["Dual Wield","Corruption","Metallicize"],"picked":"SKIP","floor":28.0},{"not_picked":["Seeing Red","Perfected Strike"],"picked":"Sword Boomerang+1","floor":29.0},{"not_picked":["Second Wind","Body Slam"],"picked":"Heavy Blade","floor":31.0},{"not_picked":["Exhume","Double Tap"],"picked":"Offering","floor":33.0},{"not_picked":["Armaments+1","Intimidate"],"picked":"Whirlwind+1","floor":35.0},{"not_picked":["Perfected Strike","Power Through"],"picked":"Ghostly Armor","floor":37.0},{"not_picked":["Dual Wield","Pommel Strike"],"picked":"Intimidate","floor":39.0},{"not_picked":["Sword Boomerang","Pommel Strike+1"],"picked":"Warcry+1","floor":41.0},{"not_picked":["Seeing Red","Twin Strike+1","Evolve"],"picked":"SKIP","floor":44.0},{"not_picked":["Pommel Strike","Reckless Charge","Carnage"],"picked":"SKIP","floor":45.0},{"not_picked":["Sever Soul","Headbutt"],"picked":"Shrug It Off+1","floor":47.0},{"not_picked":["Fiend Fire","Rupture+1"],"picked":"Metallicize+1","floor":54.0}],"player_experience":302068,"relics_obtained":[{"floor":7.0,"key":"Regal Pillow"},{"floor":9.0,"key":"Turnip"},{"floor":10.0,"key":"Du-Vu Doll"},{"floor":23.0,"key":"Paper Frog"},{"floor":26.0,"key":"Self Forming Clay"},{"floor":27.0,"key":"Necronomicon"},{"floor":28.0,"key":"Smiling Mask"},{"floor":39.0,"key":"Charon\u0027s Ashes"},{"floor":41.0,"key":"Strawberry"},{"floor":45.0,"key":"Bag of Preparation"},{"floor":54.0,"key":"Red Skull"}],"event_choices":[{"damage_healed":0.0,"max_hp_gain":0.0,"max_hp_loss":0.0,"gold_gain":0.0,"event_name":"Scrap Ooze","player_choice":"Success","floor":3.0,"gold_loss":0.0,"damage_taken":18.0,"relics_obtained":["Gremlin Horn"]},{"damage_healed":0.0,"max_hp_gain":5.0,"max_hp_loss":0.0,"gold_gain":0.0,"event_name":"Big Fish","player_choice":"Donut","floor":5.0,"gold_loss":0.0,"damage_taken":0.0},{"cards_removed":["Strike_R"],"damage_healed":0.0,"max_hp_gain":0.0,"max_hp_loss":0.0,"gold_gain":0.0,"event_name":"Golden Wing","player_choice":"Card Removal","floor":11.0,"gold_loss":0.0,"damage_taken":7.0},{"cards_removed":["Strike_R"],"damage_healed":0.0,"max_hp_gain":0.0,"max_hp_loss":0.0,"gold_gain":0.0,"event_name":"Bonfire Elementals","player_choice":"Offered Basic","floor":19.0,"gold_loss":0.0,"damage_taken":0.0},{"damage_healed":0.0,"max_hp_gain":0.0,"max_hp_loss":0.0,"gold_gain":0.0,"event_name":"Cursed Tome","player_choice":"Obtained Book","floor":27.0,"gold_loss":0.0,"damage_taken":16.0},{"damage_healed":28.0,"max_hp_gain":0.0,"max_hp_loss":0.0,"gold_gain":0.0,"event_name":"The Library","player_choice":"Heal","floor":30.0,"gold_loss":0.0,"damage_taken":0.0},{"damage_healed":0.0,"max_hp_gain":0.0,"max_hp_loss":4.0,"gold_gain":0.0,"event_name":"Winding Halls","player_choice":"Max HP","floor":36.0,"gold_loss":0.0,"damage_taken":0.0},{"cards_removed":["Sword Boomerang"],"damage_healed":0.0,"max_hp_gain":0.0,"max_hp_loss":0.0,"gold_gain":0.0,"event_name":"Falling","player_choice":"Removed Attack","floor":38.0,"gold_loss":0.0,"damage_taken":0.0},{"damage_healed":0.0,"max_hp_gain":0.0,"max_hp_loss":0.0,"gold_gain":0.0,"event_name":"MindBloom","player_choice":"Fight","floor":39.0,"gold_loss":0.0,"damage_taken":0.0}],"is_beta":false,"boss_relics":[{"not_picked":["Pandora\u0027s Box","Runic Pyramid"],"picked":"White Beast Statue"},{"not_picked":["Tiny House","Philosopher\u0027s Stone"],"picked":"Runic Cube"}],"items_purged_floors":[20,42,48],"is_endless":false,"potions_floor_spawned":[7,10,13,14,18,21,22,23,25,28,29,31,33,35,37,39,41,44,45,47,54],"killed_by":"The Heart","ascension_level":1}