{"gold_per_floor":[111,186,186,196,206,240,258,291,359,388,62,62,62,75,75,171,171,190,203,53,70,70,70,101,101,124,124,124,137,152,165,165,165],"floor_reached":33,"playtime":1335,"items_purged":[],"score":287,"play_id":"213364eb-cf64-498b-9f2c-584ca3347a64","local_time":"20190119201629","is_ascension_mode":false,"campfire_choices":[{"floor":13,"key":"REST"},{"data":"Zap","floor":15,"key":"SMITH"},{"data":"Sunder","floor":23,"key":"SMITH"},{"data":"Defragment","floor":25,"key":"SMITH"},{"floor":27,"key":"REST"},{"floor":32,"key":"REST"}],"neow_cost":"NONE","seed_source_timestamp":176410635909065,"circlet_count":0,"master_deck":["Strike_B","Strike_B","Defend_B","Defend_B","Defend_B","Defend_B","Zap+1","Dualcast","Sunder+1","Static Discharge","Conserve Battery","Coolheaded","Beam Cell+1","Ball Lightning+1","Cold Snap+1","Streamline+1","Hologram","Echo Form","Sweeping Beam+1","Defragment+1","Glacier","Electrodynamics","Go for the Eyes+1","Rebound+1","Cold Snap+1","Capacitor+1","Stack+1"],"relics":["Cracked Core","NeowsBlessing","Molten Egg 2","Unceasing Top","Kunai","Boot","Prayer Wheel","Velvet Choker","Smiling Mask","Bag of Marbles"],"potions_floor_usage":[8,10,21,31,33,33],"damage_taken":[{"damage":0,"enemies":"Cultist","floor":1,"turns":1},{"damage":0,"enemies":"2 Louse","floor":4,"turns":1},{"damage":0,"enemies":"Small Slimes","floor":5,"turns":1},{"damage":21,"enemies":"3 Sentries","floor":6,"turns":6},{"damage":10,"enemies":"Looter","floor":7,"turns":4},{"damage":20,"enemies":"Gremlin Nob","floor":8,"turns":4},{"damage":12,"enemies":"3 Sentries","floor":10,"turns":7},{"damage":1,"enemies":"Exordium Thugs","floor":14,"turns":3},{"damage":10,"enemies":"Hexaghost","floor":16,"turns":9},{"damage":0,"enemies":"Spheric Guardian","floor":18,"turns":3},{"damage":4,"enemies":"Shell Parasite","floor":19,"turns":5},{"damage":18,"enemies":"Snecko","floor":21,"turns":5},{"damage":41,"enemies":"Gremlin Leader","floor":24,"turns":5},{"damage":3,"enemies":"Shelled Parasite and Fungi","floor":29,"turns":4},{"damage":7,"enemies":"Centurion and Healer","floor":30,"turns":5},{"damage":19,"enemies":"Snake Plant","floor":31,"turns":3},{"damage":56,"enemies":"Automaton","floor":33,"turns":6}],"seed_played":"4309211134961765242","potions_obtained":[{"floor":1,"key":"Dexterity Potion"},{"floor":7,"key":"FearPotion"},{"floor":8,"key":"SkillPotion"},{"floor":10,"key":"FearPotion"},{"floor":18,"key":"AttackPotion"},{"floor":24,"key":"SteroidPotion"},{"floor":29,"key":"Explosive Potion"}],"is_trial":false,"path_per_floor":["M","?","?","M","M","E","M","E","T","E","$","?","R","M","R","B",null,"M","M","$","M","?","R","E","R","T","R","?","M","M","M","R","B"],"character_chosen":"DEFECT","items_purchased":["Prayer Wheel","Cold Snap+1","Defragment","Glacier"],"campfire_rested":3,"item_purchase_floors":[11,11,20,20],"current_hp_per_floor":[75,64,64,64,64,43,33,13,13,1,1,1,23,22,22,12,75,75,71,71,53,53,53,12,12,12,34,34,31,24,5,27,0],"gold":165,"neow_bonus":"THREE_ENEMY_KILL","is_prod":false,"is_daily":false,"chose_seed":false,"campfire_upgraded":3,"win_rate":0,"timestamp":1547957789,"path_taken":["M","?","?","M","M","E","M","E","T","E","$","?","R","?","R","BOSS","M","M","$","M","?","R","E","R","T","R","?","M","M","M","R","BOSS"],"build_version":"2019-01-17v2","purchased_purges":0,"victory":false,"max_hp_per_floor":[75,75,75,75,75,75,75,75,75,75,75,75,75,75,75,75,75,75,75,75,75,75,75,75,75,75,75,75,75,75,75,75,75],"card_choices":[{"not_picked":["Reprogram","Barrage"],"picked":"Sunder","floor":1},{"not_picked":["Gash","Fusion"],"picked":"Static Discharge","floor":4},{"not_picked":["Double Energy","Turbo"],"picked":"Conserve Battery","floor":5},{"not_picked":["Rebound","Storm","Barrage"],"picked":"SKIP","floor":6},{"not_picked":["Storm","Undo"],"picked":"Coolheaded","floor":7},{"not_picked":["Scrape+1","Static Discharge"],"picked":"Beam Cell+1","floor":8},{"not_picked":["Fission","Melter+1"],"picked":"Ball Lightning+1","floor":10},{"not_picked":["FTL+1","Beam Cell+1"],"picked":"Streamline+1","floor":14},{"not_picked":["Redo","Double Energy"],"picked":"Hologram","floor":14},{"not_picked":["Fission","Reboot"],"picked":"Echo Form","floor":16},{"not_picked":["Recycle","Steam"],"picked":"Sweeping Beam+1","floor":18},{"not_picked":["Hello World+1","Turbo","Compile Driver+1"],"picked":"SKIP","floor":18},{"not_picked":["Redo+1","Consume","Streamline+1"],"picked":"SKIP","floor":19},{"not_picked":["Streamline+1","Lockon+1","Coolheaded"],"picked":"SKIP","floor":19},{"not_picked":["Streamline+1","Leap"],"picked":"Electrodynamics","floor":21},{"not_picked":["Hologram","Beam Cell+1","Coolheaded"],"picked":"SKIP","floor":21},{"not_picked":["Cold Snap+1","Buffer"],"picked":"Go for the Eyes+1","floor":24},{"not_picked":["Lockon+1","Blizzard+1"],"picked":"Capacitor+1","floor":29},{"not_picked":["Sweeping Beam+1","Double Energy","Recycle"],"picked":"SKIP","floor":29},{"not_picked":["Genetic Algorithm","Coolheaded","Doom and Gloom+1"],"picked":"SKIP","floor":30},{"not_picked":["Skim","Turbo","Cold Snap+1"],"picked":"SKIP","floor":30},{"not_picked":["Turbo","Loop+1"],"picked":"Stack+1","floor":31},{"not_picked":["Sweeping Beam+1","Reprogram+1","Steam Power"],"picked":"SKIP","floor":31}],"player_experience":222730,"relics_obtained":[{"floor":6,"key":"Molten Egg 2"},{"floor":8,"key":"Unceasing Top"},{"floor":9,"key":"Kunai"},{"floor":10,"key":"Boot"},{"floor":24,"key":"Smiling Mask"},{"floor":26,"key":"Bag of Marbles"}],"event_choices":[{"damage_healed":0,"gold_gain":75,"player_choice":"Gather Gold","damage_taken":11,"max_hp_gain":0,"max_hp_loss":0,"event_name":"World of Goop","floor":2,"gold_loss":0},{"damage_healed":0,"gold_gain":0,"player_choice":"Ignored","damage_taken":0,"max_hp_gain":0,"max_hp_loss":0,"event_name":"Liars Game","floor":3,"gold_loss":0},{"damage_healed":0,"gold_gain":0,"player_choice":"0 cards matched","damage_taken":0,"max_hp_gain":0,"max_hp_loss":0,"event_name":"Match and Keep!","floor":12,"gold_loss":0,"cards_obtained":[]},{"damage_healed":0,"gold_gain":0,"player_choice":"Ignored","damage_taken":0,"max_hp_gain":0,"max_hp_loss":0,"event_name":"Ghosts","floor":22,"gold_loss":0},{"damage_healed":0,"gold_gain":0,"cards_transformed":["Strike_B","Strike_B"],"player_choice":"Became Test Subject","damage_taken":0,"max_hp_gain":0,"max_hp_loss":0,"event_name":"Drug Dealer","floor":28,"gold_loss":0,"cards_obtained":["Rebound","Cold Snap"]}],"is_beta":false,"boss_relics":[{"not_picked":["Astrolabe","Orrery"],"picked":"Velvet Choker"}],"items_purged_floors":[],"is_endless":false,"potions_floor_spawned":[1,7,8,10,18,24,29],"killed_by":"Automaton","ascension_level":0}