{"gold_per_floor":[116,41,55,66,84,84,102,2,26,26,26,26,36,52,52,147,147,160,85,102,120,120,120],"floor_reached":23,"playtime":1738,"items_purged":["Strike_R","Strike_R"],"score":185,"play_id":"60349af0-d11e-4d95-9ea1-c855e900f0c9","local_time":"20190106063616","is_ascension_mode":false,"campfire_choices":[{"data":"Headbutt","floor":6,"key":"SMITH"},{"data":"Twin Strike","floor":10,"key":"SMITH"},{"data":"True Grit","floor":15,"key":"SMITH"}],"neow_cost":"NONE","seed_source_timestamp":449124868793647,"circlet_count":0,"master_deck":["Strike_R","Strike_R","Defend_R","Defend_R","Defend_R","Defend_R","Twin Strike+1","Headbutt+1","Flex","True Grit+1","Double Tap","Evolve"],"relics":["Burning Blood","Boot","Mark of Pain"],"potions_floor_usage":[16,23],"damage_taken":[{"damage":1,"enemies":"Cultist","floor":1,"turns":3},{"damage":3,"enemies":"Jaw Worm","floor":3,"turns":4},{"damage":1,"enemies":"2 Louse","floor":4,"turns":2},{"damage":15,"enemies":"Looter","floor":5,"turns":4},{"damage":16,"enemies":"Blue Slaver","floor":7,"turns":4},{"damage":8,"enemies":"Lots of Slimes","floor":13,"turns":3},{"damage":2,"enemies":"3 Louse","floor":14,"turns":3},{"damage":54,"enemies":"Slime Boss","floor":16,"turns":15},{"damage":25,"enemies":"Shell Parasite","floor":18,"turns":6},{"damage":5,"enemies":"Spheric Guardian","floor":20,"turns":4},{"damage":28,"enemies":"Snake Plant","floor":21,"turns":5},{"damage":47,"enemies":"Slavers","floor":23,"turns":4}],"seed_played":"-1510930052534152574","potions_obtained":[{"floor":3,"key":"EntropicBrew"},{"floor":4,"key":"Energy Potion"},{"floor":14,"key":"AttackPotion"},{"floor":16,"key":"SteroidPotion"},{"floor":21,"key":"SteroidPotion"}],"is_trial":false,"path_per_floor":["M","$","M","M","M","R","M","$","T","R","?","?","M","M","R","B",null,"M","$","M","M","?","E"],"character_chosen":"IRONCLAD","items_purchased":["Evolve"],"campfire_rested":0,"item_purchase_floors":[19],"current_hp_per_floor":[80,80,80,80,71,71,61,61,61,61,61,54,52,56,56,8,80,61,61,62,40,40,0],"gold":120,"neow_bonus":"REMOVE_CARD","is_prod":false,"is_daily":false,"chose_seed":false,"campfire_upgraded":3,"win_rate":0.0,"timestamp":1546752976,"path_taken":["M","$","M","M","M","R","M","$","T","R","?","?","M","?","R","BOSS","M","$","M","?","?","E"],"build_version":"2019-01-03v4","purchased_purges":2,"victory":false,"max_hp_per_floor":[80,80,80,80,80,80,80,80,80,80,80,80,80,80,80,80,80,80,80,80,80,80,80],"card_choices":[{"not_picked":["Entrench","Anger"],"picked":"Twin Strike","floor":1},{"not_picked":["Thunderclap","Rage"],"picked":"Headbutt","floor":3},{"not_picked":["Clothesline","Wild Strike"],"picked":"Flex","floor":4},{"not_picked":["Clothesline","Clash","Bludgeon"],"picked":"SKIP","floor":5},{"not_picked":["Flex","Armaments","Carnage"],"picked":"SKIP","floor":7},{"not_picked":["Armaments","Headbutt","Ghostly Armor"],"picked":"SKIP","floor":13},{"not_picked":["Body Slam","Pommel Strike"],"picked":"True Grit","floor":14},{"not_picked":["Impervious","Juggernaut"],"picked":"Double Tap","floor":16},{"not_picked":["Clothesline","Burning Pact","Twin Strike"],"picked":"SKIP","floor":18},{"not_picked":["Flex","Armaments","Sword Boomerang"],"picked":"SKIP","floor":20},{"not_picked":["Evolve","Fiend Fire","Disarm"],"picked":"SKIP","floor":21}],"player_experience":177666,"relics_obtained":[{"floor":9,"key":"Boot"}],"event_choices":[{"damage_healed":0,"gold_gain":0,"player_choice":"Leave","damage_taken":0,"max_hp_gain":0,"max_hp_loss":0,"event_name":"The Cleric","floor":11,"gold_loss":0},{"cards_removed":["Bash"],"damage_healed":0,"gold_gain":0,"player_choice":"Card Removal","damage_taken":7,"max_hp_gain":0,"max_hp_loss":0,"event_name":"Golden Wing","floor":12,"gold_loss":0},{"damage_healed":0,"gold_gain":0,"player_choice":"Ignored","damage_taken":0,"max_hp_gain":0,"max_hp_loss":0,"event_name":"NoteForYourself","floor":22,"gold_loss":0}],"is_beta":false,"boss_relics":[{"not_picked":["Runic Dome","Pandora\u0027s Box"],"picked":"Mark of Pain"}],"items_purged_floors":[2,8],"is_endless":false,"potions_floor_spawned":[3,4,14,16,21],"killed_by":"Slavers","ascension_level":0}