{"gold_per_floor":[12,87,102,102,102,135,135,166,220,235,255,284,33,43,43,143,143,83,83,83,83,83,83,83,83,83,83,83,83,83,83,83,83,83,83,83,83,83,83,83,83,83,83,83,83,83,83,6,6,6],"floor_reached":51,"playtime":6800,"items_purged":["Strike_B"],"score":1274,"play_id":"af260d52-2124-4ae7-af23-577ae3e1442c","local_time":"20181115135948","is_ascension_mode":true,"campfire_choices":[{"floor":7.0,"key":"REST"},{"floor":15.0,"key":"REST"},{"data":"Heatsinks","floor":23.0,"key":"SMITH"},{"floor":25.0,"key":"REST"},{"data":"Thunder Strike","floor":28.0,"key":"SMITH"},{"data":"Barrage","floor":32.0,"key":"SMITH"},{"data":"Coolheaded","floor":41,"key":"SMITH"},{"data":"Hologram","floor":45,"key":"SMITH"},{"floor":47,"key":"REST"},{"floor":49,"key":"REST"}],"neow_cost":"NO_GOLD","seed_source_timestamp":0,"circlet_count":0,"master_deck":["AscendersBane","Strike_B","Strike_B","Defend_B","Defend_B","Defend_B","Zap","Dualcast","BootSequence","Cold Snap","Conserve Battery","Chill","Loop","Heatsinks+1","Hologram+1","Biased Cognition","Sweeping Beam","Doom and Gloom","Auto Shields","Thunder Strike+1","Ball Lightning","Conserve Battery","Barrage+1","Cold Snap+1","Coolheaded+1","Leap+1","Capacitor","Amplify","Reinforced Body","Undo+1","Cold Snap+1","White Noise","Storm+1","Injury","Compile Driver+1","Streamline+1","Storm","Glacier"],"special_seed":0,"relics":["Cracked Core","Dream Catcher","Mummified Hand","Tiny Chest","Ancient Tea Set","Oddly Smooth Stone","Ectoplasm","Enchiridion","Strawberry","DataDisk","Boot","Happy Flower","Cursed Key","Molten Egg 2","Dodecahedron","Anchor"],"potions_floor_usage":[50],"damage_taken":[{"damage":4.0,"enemies":"Small Slimes","floor":1.0,"turns":3.0},{"damage":0.0,"enemies":"2 Louse","floor":3.0,"turns":2.0},{"damage":40.0,"enemies":"Lagavulin","floor":6.0,"turns":9.0},{"damage":4.0,"enemies":"3 Sentries","floor":8.0,"turns":12.0},{"damage":0.0,"enemies":"Jaw Worm","floor":10.0,"turns":3.0},{"damage":0.0,"enemies":"Red Slaver","floor":11.0,"turns":3.0},{"damage":31.0,"enemies":"Lagavulin","floor":12.0,"turns":10.0},{"damage":3.0,"enemies":"Exordium Wildlife","floor":14.0,"turns":5.0},{"damage":27.0,"enemies":"Hexaghost","floor":16.0,"turns":10.0},{"damage":8.0,"enemies":"2 Thieves","floor":18.0,"turns":4.0},{"damage":0.0,"enemies":"Spheric Guardian","floor":20.0,"turns":2.0},{"damage":0.0,"enemies":"Snake Plant","floor":22.0,"turns":5.0},{"damage":27.0,"enemies":"Slavers","floor":24.0,"turns":6.0},{"damage":0.0,"enemies":"Shelled Parasite and Fungi","floor":27.0,"turns":4.0},{"damage":17.0,"enemies":"Gremlin Leader","floor":29.0,"turns":7.0},{"damage":44.0,"enemies":"Collector","floor":33.0,"turns":10.0},{"damage":0,"enemies":"3 Shapes","floor":35,"turns":5},{"damage":0,"enemies":"Orb Walker","floor":37,"turns":2},{"damage":0,"enemies":"Maw","floor":38,"turns":8},{"damage":7,"enemies":"Writhing Mass","floor":39,"turns":7},{"damage":8,"enemies":"4 Shapes","floor":40,"turns":9},{"damage":0,"enemies":"Giant Head","floor":42,"turns":10},{"damage":0,"enemies":"Spire Growth","floor":44,"turns":4},{"damage":28,"enemies":"Reptomancer","floor":46,"turns":5},{"damage":29,"enemies":"Time Eater","floor":50,"turns":9}],"seed_played":"5948377432806547251","potions_obtained":[{"floor":1.0,"key":"LiquidBronze"},{"floor":8.0,"key":"Poison Potion"},{"floor":10.0,"key":"Dexterity Potion"},{"floor":29.0,"key":"Fire Potion"}],"is_trial":false,"path_per_floor":["M","?","M","?","?","E","R","E","T","M","M","E","$","M","R","B",null,"M","?","M","T","M","R","E","R","T","M","R","E","?","?","R","B",null,"M","?","M","M","M","M","R","E","T","M","R","E","R","$","R","B",null],"character_chosen":"DEFECT","items_purchased":["Oddly Smooth Stone","Sweeping Beam","Storm"],"campfire_rested":5,"item_purchase_floors":[13,13,48],"current_hp_per_floor":[78,67,67,60,60,20,46,42,42,42,42,11,11,8,34,7,69,61,45,45,52,52,52,25,53,53,53,53,36,68,68,68,24,78,78,78,78,78,71,63,63,63,63,63,63,35,63,63,91,62],"gold":6,"neow_bonus":"TWENTY_PERCENT_HP_BONUS","is_prod":false,"is_daily":false,"chose_seed":false,"campfire_upgraded":5,"win_rate":0,"timestamp":1542308388,"path_taken":["M","?","M","?","?","E","R","E","T","M","M","E","?","?","R","BOSS","M","?","M","?","M","R","E","R","T","M","R","E","?","?","R","BOSS","M","?","?","M","M","M","R","E","T","M","R","E","R","$","R","BOSS"],"build_version":"2018-11-08","purchased_purges":1,"victory":true,"max_hp_per_floor":[89,89,89,89,89,89,89,89,89,89,89,89,89,89,89,89,89,89,89,89,96,96,96,96,96,96,96,96,96,96,96,96,96,96,96,96,96,96,96,96,96,96,96,96,96,96,96,96,96,96],"card_choices":[{"not_picked":["Melter","Blizzard"],"picked":"BootSequence","floor":1.0},{"not_picked":["Ball Lightning","Gash"],"picked":"Cold Snap","floor":3.0},{"not_picked":["Leap","Stack"],"picked":"Conserve Battery","floor":6.0},{"not_picked":["Hologram","Go for the Eyes"],"picked":"Chill","floor":7.0},{"not_picked":["Beam Cell","Double Energy"],"picked":"Loop","floor":8.0},{"not_picked":["Skim","Coolheaded"],"picked":"Heatsinks","floor":10.0},{"not_picked":["Redo","Genetic Algorithm"],"picked":"Hologram","floor":11.0},{"not_picked":["Sweeping Beam","Rebound"],"picked":"Biased Cognition","floor":12.0},{"not_picked":["Loop","Consume"],"picked":"Doom and Gloom","floor":14.0},{"not_picked":["Rip and Tear","Rebound"],"picked":"Auto Shields","floor":15.0},{"not_picked":["Hyperbeam","Reboot"],"picked":"Thunder Strike","floor":16.0},{"not_picked":["Beam Cell","Go for the Eyes"],"picked":"Ball Lightning","floor":18.0},{"not_picked":["Double Energy","Force Field"],"picked":"Conserve Battery","floor":20.0},{"not_picked":["Gash","Rebound+1"],"picked":"Barrage","floor":22.0},{"not_picked":["Steam","Loop"],"picked":"Cold Snap+1","floor":24.0},{"not_picked":["Go for the Eyes","Gash"],"picked":"Coolheaded","floor":25.0},{"not_picked":["Reinforced Body","Hologram"],"picked":"Leap+1","floor":27.0},{"not_picked":["Hologram","Doom and Gloom"],"picked":"Capacitor","floor":29.0},{"not_picked":["Core Surge","Thunder Strike"],"picked":"Amplify","floor":33.0},{"not_picked":["Steam","Cold Snap","Stack"],"picked":"SKIP","floor":35},{"not_picked":["Gash+1","Turbo","Sweeping Beam"],"picked":"SKIP","floor":37},{"not_picked":["Force Field","Chill"],"picked":"Undo+1","floor":38},{"not_picked":["Turbo+1","Conserve Battery+1"],"picked":"Cold Snap+1","floor":39},{"not_picked":["Redo+1","Stack"],"picked":"White Noise","floor":40},{"not_picked":["Machine Learning","Ball Lightning"],"picked":"Storm+1","floor":42},{"not_picked":["Beam Cell+1","Auto Shields+1"],"picked":"Compile Driver+1","floor":44},{"not_picked":["Cold Snap+1","Force Field"],"picked":"Streamline+1","floor":46},{"not_picked":["Genetic Algorithm+1","Electrodynamics"],"picked":"Glacier","floor":49}],"player_experience":753563,"relics_obtained":[{"floor":6.0,"key":"Dream Catcher"},{"floor":8.0,"key":"Mummified Hand"},{"floor":9.0,"key":"Tiny Chest"},{"floor":12.0,"key":"Ancient Tea Set"},{"floor":19.0,"key":"Enchiridion"},{"floor":21.0,"key":"Strawberry"},{"floor":24.0,"key":"DataDisk"},{"floor":26.0,"key":"Boot"},{"floor":29.0,"key":"Happy Flower"},{"floor":42,"key":"Molten Egg 2"},{"floor":43,"key":"Dodecahedron"},{"floor":46,"key":"Anchor"}],"event_choices":[{"damage_healed":0.0,"max_hp_gain":0.0,"max_hp_loss":0.0,"gold_gain":75.0,"event_name":"World of Goop","player_choice":"Gather Gold","floor":2.0,"gold_loss":0.0,"damage_taken":11.0},{"cards_removed":["Strike_B"],"damage_healed":0.0,"max_hp_gain":0.0,"max_hp_loss":0.0,"gold_gain":0.0,"event_name":"Golden Wing","player_choice":"Card Removal","floor":4.0,"gold_loss":0.0,"damage_taken":7.0},{"damage_healed":0.0,"max_hp_gain":0.0,"max_hp_loss":0.0,"gold_gain":0.0,"event_name":"Liars Game","player_choice":"Ignored","floor":5.0,"gold_loss":0.0,"damage_taken":0.0},{"damage_healed":0.0,"max_hp_gain":0.0,"max_hp_loss":0.0,"gold_gain":0.0,"event_name":"Cursed Tome","player_choice":"Obtained Book","floor":19.0,"gold_loss":0.0,"damage_taken":16.0},{"damage_healed":32.0,"max_hp_gain":0.0,"max_hp_loss":0.0,"gold_gain":0.0,"event_name":"The Library","player_choice":"Heal","floor":30.0,"gold_loss":0.0,"damage_taken":0.0},{"damage_healed":0,"gold_gain":0,"cards_transformed":["Defend_B"],"player_choice":"Transformed","damage_taken":0,"max_hp_gain":0,"max_hp_loss":0,"event_name":"Transmorgrifier","floor":36,"gold_loss":0,"cards_obtained":["Reinforced Body"]}],"is_beta":false,"boss_relics":[{"not_picked":["Sozu","Busted Crown"],"picked":"Ectoplasm"},{"not_picked":["Pandora\u0027s Box","Black Star"],"picked":"Cursed Key"}],"items_purged_floors":[13],"is_endless":false,"potions_floor_spawned":[1,8,10,16,27,29,33,37,46],"ascension_level":12}