{"gold_per_floor":[113,113,125,75,0,31,31,47,47,66,100,100,132,132],"floor_reached":14,"playtime":828,"items_purged":["Strike_B"],"score":167,"play_id":"c587bceb-f897-45d2-9eca-c6fd2debebd3","local_time":"20181105131451","is_ascension_mode":true,"campfire_choices":[{"floor":7,"key":"REST"}],"neow_cost":"NONE","seed_source_timestamp":230381456089768,"circlet_count":0,"master_deck":["AscendersBane","Strike_B+1","Defend_B","Defend_B","Defend_B","Defend_B","Zap","Dualcast","Heatsinks","Cold Snap+1","Hologram","Ball Lightning","Conserve Battery","Leap","Pain","Capacitor"],"relics":["Cracked Core","Vajra","Cables","Blood Vial","WarpedTongs","Whetstone"],"potions_floor_usage":[6],"damage_taken":[{"damage":0,"enemies":"Small Slimes","floor":1,"turns":3},{"damage":7,"enemies":"Jaw Worm","floor":3,"turns":3},{"damage":25,"enemies":"Lagavulin","floor":6,"turns":9},{"damage":0,"enemies":"Cultist","floor":8,"turns":4},{"damage":5,"enemies":"Exordium Wildlife","floor":10,"turns":3},{"damage":10,"enemies":"3 Sentries","floor":11,"turns":6},{"damage":15,"enemies":"Lagavulin","floor":13,"turns":9},{"damage":34,"enemies":"Gremlin Gang","floor":14,"turns":3}],"seed_played":"2267644856243983465","potions_obtained":[{"floor":1,"key":"Weak Potion"},{"floor":11,"key":"Dexterity Potion"},{"floor":13,"key":"Poison Potion"}],"is_trial":false,"path_per_floor":["M","?","M","?","$","E","R","M","T","M","E","?","E","M"],"character_chosen":"DEFECT","items_purchased":[],"campfire_rested":1,"item_purchase_floors":[],"current_hp_per_floor":[75,68,61,61,61,36,60,60,60,55,45,45,32,0],"gold":132,"neow_bonus":"TEN_PERCENT_HP_BONUS","is_prod":false,"is_daily":false,"chose_seed":false,"campfire_upgraded":0,"win_rate":0,"timestamp":1541441691,"path_taken":["M","?","M","?","?","E","R","?","T","M","E","?","E","?"],"build_version":"2018-11-01","purchased_purges":1,"victory":false,"max_hp_per_floor":[82,82,82,82,82,82,82,82,82,82,82,82,82,82],"card_choices":[{"not_picked":["Scrape","Gash"],"picked":"Heatsinks","floor":1},{"not_picked":["Sweeping Beam","Ball Lightning"],"picked":"Cold Snap","floor":3},{"not_picked":["Barrage","Rebound"],"picked":"Hologram","floor":6},{"not_picked":["Hologram","Doom and Gloom"],"picked":"Ball Lightning","floor":8},{"not_picked":["Melter","Machine Learning"],"picked":"Conserve Battery","floor":10},{"not_picked":["Redo","Fusion"],"picked":"Leap","floor":11},{"not_picked":["Auto Shields","Loop"],"picked":"Capacitor","floor":13}],"player_experience":693769,"relics_obtained":[{"floor":6,"key":"Vajra"},{"floor":9,"key":"Cables"},{"floor":11,"key":"Blood Vial"},{"floor":13,"key":"Whetstone"}],"event_choices":[{"cards_removed":["Strike_B"],"damage_healed":0,"gold_gain":0,"player_choice":"Card Removal","damage_taken":7,"max_hp_gain":0,"max_hp_loss":0,"event_name":"Golden Wing","floor":2,"gold_loss":0},{"cards_removed":["Strike_B"],"damage_healed":0,"gold_gain":0,"player_choice":"Card Removal","damage_taken":0,"max_hp_gain":0,"max_hp_loss":0,"event_name":"The Cleric","floor":4,"gold_loss":50},{"damage_healed":0,"gold_gain":0,"player_choice":"Rummage","damage_taken":0,"relics_obtained":["WarpedTongs"],"max_hp_gain":0,"max_hp_loss":0,"event_name":"Accursed Blacksmith","floor":12,"gold_loss":0,"cards_obtained":["Pain"]}],"is_beta":false,"boss_relics":[],"items_purged_floors":[5],"is_endless":false,"potions_floor_spawned":[1,11,13],"killed_by":"Gremlin Gang","ascension_level":11}