{"gold_per_floor":[118,131,148,15,35,47,47,105,151,151,151,151,161,196,196,268,268,279,293,293,71,71,71,105,105,105,105,120,148,167,167,167,243,243,263,280,18,18,41,41,52,70,152,169,169,189,39,39,39,39],"floor_reached":51,"playtime":5636,"items_purged":["Defend_G","Injury","Doubt","Clumsy"],"score":1254,"play_id":"481748f0-6c2c-4e44-be2f-d1b929ddc9d6","local_time":"20190212231111","is_ascension_mode":true,"campfire_choices":[{"data":"Neutralize","floor":7.0,"key":"SMITH"},{"floor":10.0,"key":"REST"},{"data":"Bouncing Flask","floor":12.0,"key":"SMITH"},{"floor":15.0,"key":"REST"},{"floor":23.0,"key":"REST"},{"floor":27.0,"key":"REST"},{"floor":32.0,"key":"REST"},{"floor":40.0,"key":"REST"},{"floor":45.0,"key":"REST"},{"floor":49.0,"key":"REST"}],"neow_cost":"NONE","seed_source_timestamp":289118040920670,"circlet_count":0,"master_deck":["AscendersBane","Defend_G+1","Defend_G+1","Defend_G+1","Defend_G+1","Strike_G+1","Strike_G+1","Strike_G+1","Strike_G+1","Strike_G+1","Survivor","Neutralize+1","Dagger Spray","Cloak And Dagger","PiercingWail","Cloak And Dagger","Backflip+1","Bouncing Flask+1","A Thousand Cuts+1","Backflip","Tools of the Trade","Footwork","Well Laid Plans","Backstab","Noxious Fumes","Footwork","PiercingWail","Infinite Blades","Acrobatics","Glass Knife","Expertise","Reflex+1","Blur","Acrobatics","Panache","Blur","Cloak And Dagger"],"special_seed":0,"relics":["Cursed Key","Tiny Chest","War Paint","Singing Bowl","Fusion Hammer","Oddly Smooth Stone","Anchor","Darkstone Periapt","Philosopher\u0027s Stone","Omamori","Ornamental Fan"],"potions_floor_usage":[50,50],"damage_taken":[{"damage":2.0,"enemies":"Jaw Worm","floor":1.0,"turns":4.0},{"damage":0.0,"enemies":"Small Slimes","floor":2.0,"turns":4.0},{"damage":0.0,"enemies":"2 Louse","floor":3.0,"turns":2.0},{"damage":6.0,"enemies":"2 Fungi Beasts","floor":5.0,"turns":4.0},{"damage":3.0,"enemies":"Exordium Thugs","floor":6.0,"turns":4.0},{"damage":16.0,"enemies":"Gremlin Nob","floor":8.0,"turns":5.0},{"damage":4.0,"enemies":"Lots of Slimes","floor":13.0,"turns":3.0},{"damage":10.0,"enemies":"Lagavulin","floor":14.0,"turns":5.0},{"damage":13.0,"enemies":"The Guardian","floor":16.0,"turns":10.0},{"damage":11.0,"enemies":"Shell Parasite","floor":18.0,"turns":4.0},{"damage":1.0,"enemies":"3 Byrds","floor":19.0,"turns":4.0},{"damage":36.0,"enemies":"Slavers","floor":24.0,"turns":6.0},{"damage":9.0,"enemies":"Centurion and Healer","floor":28.0,"turns":7.0},{"damage":9.0,"enemies":"Book of Stabbing","floor":29.0,"turns":6.0},{"damage":0.0,"enemies":"Snecko","floor":30.0,"turns":7.0},{"damage":33.0,"enemies":"Collector","floor":33.0,"turns":9.0},{"damage":10.0,"enemies":"3 Darklings","floor":35.0,"turns":5.0},{"damage":0.0,"enemies":"3 Shapes","floor":36.0,"turns":2.0},{"damage":34.0,"enemies":"Spire Growth","floor":41.0,"turns":6.0},{"damage":1.0,"enemies":"Sphere and 2 Shapes","floor":42.0,"turns":4.0},{"damage":28.0,"enemies":"3 Darklings","floor":44.0,"turns":5.0},{"damage":26.0,"enemies":"Spire Growth","floor":46.0,"turns":5.0},{"damage":19,"enemies":"Awakened One","floor":50,"turns":15}],"seed_played":"-8388030482273589760","potions_obtained":[{"floor":1.0,"key":"Block Potion"},{"floor":3.0,"key":"EssenceOfSteel"},{"floor":16.0,"key":"Fire Potion"},{"floor":19.0,"key":"Block Potion"},{"floor":29.0,"key":"Dexterity Potion"},{"floor":30.0,"key":"LiquidBronze"},{"floor":33.0,"key":"Block Potion"},{"floor":42.0,"key":"GamblersBrew"}],"is_trial":false,"path_per_floor":["M","M","M","$","M","M","R","E","T","R","?","R","M","E","R","B",null,"M","M","?","$","?","R","E","?","T","R","M","E","M","T","R","B",null,"M","M","$","?","T","R","M","M","T","M","R","M","$","?","R","B",null],"character_chosen":"THE_SILENT","items_purchased":["Cloak And Dagger","Well Laid Plans","Backstab","Blur","Acrobatics"],"campfire_rested":8,"item_purchase_floors":[4,21,21,37,37],"current_hp_per_floor":[57,57,57,57,51,48,48,32,32,51,51,51,47,37,56,43,60,49,50,50,50,50,68,32,32,32,52,43,34,34,34,54,21,56,46,46,46,38,44,66,38,41,41,17,40,20,20,80,80,61],"gold":39,"neow_bonus":"BOSS_RELIC","is_prod":false,"is_daily":false,"chose_seed":false,"campfire_upgraded":2,"win_rate":0,"timestamp":1550031071,"path_taken":["M","M","M","$","M","M","R","E","T","R","?","R","M","E","R","BOSS","M","M","?","$","?","R","E","?","T","R","M","E","M","?","R","BOSS","M","M","$","?","?","R","M","M","T","?","R","M","?","?","R","BOSS"],"build_version":"2019-01-23","purchased_purges":4,"victory":true,"max_hp_per_floor":[66,66,66,66,66,66,66,66,66,66,66,66,66,66,66,66,66,66,68,68,68,68,68,68,68,68,68,68,68,68,68,68,68,68,68,68,68,70,76,76,78,78,78,78,78,80,80,80,80,80],"card_choices":[{"not_picked":["Finisher","Slice"],"picked":"Dagger Spray","floor":1.0},{"not_picked":["Bane","Flying Knee"],"picked":"Cloak And Dagger","floor":2.0},{"not_picked":["Blade Dance","Dodge and Roll"],"picked":"PiercingWail","floor":3.0},{"not_picked":["Concentrate","Underhanded Strike"],"picked":"Backflip","floor":5.0},{"not_picked":["Blade Dance","Dagger Spray"],"picked":"Bouncing Flask","floor":6.0},{"not_picked":["Poisoned Stab","Bouncing Flask"],"picked":"A Thousand Cuts","floor":8.0},{"not_picked":["Bane","Poisoned Stab","Sucker Punch"],"picked":"SKIP","floor":13.0},{"not_picked":["Wraith Form v2","Night Terror"],"picked":"Backflip","floor":14.0},{"not_picked":["Night Terror","Wraith Form v2"],"picked":"Tools of the Trade","floor":16.0},{"not_picked":["Flechettes","Blade Dance"],"picked":"Footwork","floor":18.0},{"not_picked":["Tactician","Endless Agony","Sucker Punch"],"picked":"Singing Bowl","floor":19.0},{"not_picked":["Flying Knee","Terror"],"picked":"Footwork","floor":24.0},{"not_picked":["Catalyst","Poisoned Stab"],"picked":"PiercingWail","floor":28.0},{"not_picked":["Outmaneuver","Cloak And Dagger"],"picked":"Infinite Blades","floor":29.0},{"not_picked":["Underhanded Strike","Heel Hook"],"picked":"Acrobatics","floor":30.0},{"not_picked":["Unload","Grand Finale"],"picked":"Glass Knife","floor":33.0},{"not_picked":["Quick Slash","Flying Knee+1"],"picked":"Expertise","floor":35.0},{"not_picked":["Backstab+1","Acrobatics"],"picked":"Reflex+1","floor":36.0},{"not_picked":["Flash of Steel","Jack Of All Trades"],"picked":"Bandage Up","floor":38.0},{"not_picked":["Secret Technique","Mayhem"],"picked":"Panache","floor":38.0},{"not_picked":["Swift Strike","Metamorphosis","Panacea"],"picked":"Singing Bowl","floor":38.0},{"not_picked":["Blade Dance","Poisoned Stab","Outmaneuver"],"picked":"Singing Bowl","floor":41.0},{"not_picked":["Backstab","Cloak And Dagger"],"picked":"Blur","floor":42.0},{"not_picked":["Prepared","Deflect"],"picked":"Cloak And Dagger","floor":44.0},{"not_picked":["Prepared","Bane","Calculated Gamble"],"picked":"Singing Bowl","floor":46.0}],"player_experience":1058719,"relics_obtained":[{"floor":8.0,"key":"Tiny Chest"},{"floor":9.0,"key":"War Paint"},{"floor":14.0,"key":"Singing Bowl"},{"floor":24.0,"key":"Oddly Smooth Stone"},{"floor":29.0,"key":"Anchor"},{"floor":31.0,"key":"Darkstone Periapt"},{"floor":39.0,"key":"Omamori"},{"floor":43.0,"key":"Ornamental Fan"}],"event_choices":[{"damage_healed":0.0,"max_hp_gain":0.0,"max_hp_loss":0.0,"gold_gain":0.0,"event_name":"Living Wall","player_choice":"Grow","floor":11.0,"gold_loss":0.0,"damage_taken":0.0,"cards_upgraded":["A Thousand Cuts"]},{"damage_healed":0.0,"max_hp_gain":0.0,"max_hp_loss":0.0,"gold_gain":0.0,"event_name":"Back to Basics","player_choice":"Simplicity","floor":20.0,"gold_loss":0.0,"damage_taken":0.0,"cards_upgraded":["Defend_G","Defend_G","Defend_G","Strike_G","Strike_G","Strike_G","Strike_G","Strike_G"]},{"damage_healed":0.0,"max_hp_gain":0.0,"max_hp_loss":0.0,"gold_gain":0.0,"event_name":"The Library","player_choice":"Read","floor":22.0,"gold_loss":0.0,"damage_taken":0.0,"cards_obtained":["Noxious Fumes"]},{"damage_healed":0.0,"max_hp_gain":0.0,"max_hp_loss":0.0,"gold_gain":0.0,"event_name":"Cursed Tome","player_choice":"Ignored","floor":25.0,"gold_loss":0.0,"damage_taken":0.0},{"damage_healed":0.0,"max_hp_gain":0.0,"max_hp_loss":0.0,"gold_gain":0.0,"event_name":"SensoryStone","player_choice":"Memory 3","floor":38.0,"gold_loss":0.0,"damage_taken":10.0},{"cards_removed":["Bandage Up"],"damage_healed":60.0,"max_hp_gain":0.0,"max_hp_loss":0.0,"gold_gain":0.0,"event_name":"Bonfire Elementals","player_choice":"Offered Uncommon","floor":48.0,"gold_loss":0.0,"damage_taken":0.0}],"is_beta":false,"boss_relics":[{"not_picked":["HoveringKite","Runic Dome"],"picked":"Fusion Hammer"},{"not_picked":["Orrery","Pandora\u0027s Box"],"picked":"Philosopher\u0027s Stone"}],"items_purged_floors":[4,21,37,47],"is_endless":false,"potions_floor_spawned":[1,3,16,19,29,30,33,35,36,42,46],"ascension_level":18}