{"gold_per_floor":[111,111,129,129,129,149,169,186,186,186,248,248,329,61,61,159,159,175,189,208,220,238,238],"floor_reached":23,"playtime":1066,"items_purged":[],"score":195,"play_id":"f45ac1ed-705a-4322-b230-c275917296c3","local_time":"20190110205425","is_ascension_mode":false,"campfire_choices":[{"data":"Immolate","floor":10,"key":"SMITH"},{"data":"Body Slam","floor":12,"key":"SMITH"},{"data":"Entrench","floor":15,"key":"SMITH"}],"neow_cost":"NONE","seed_source_timestamp":73374680764870,"circlet_count":0,"master_deck":["Strike_R","Strike_R","Strike_R+1","Strike_R","Strike_R","Defend_R","Defend_R","Defend_R","Defend_R","Bash","Dramatic Entrance","Intimidate+1","Clothesline","Flame Barrier","Immolate+1","Body Slam+1","Barricade","Entrench+1","Spot Weakness","Feed","Shrug It Off","Sentinel+1","Flame Barrier"],"relics":["Burning Blood","Bottled Flame","Tiny Chest","Blue Candle","Velvet Choker"],"potions_floor_usage":[16,16,23],"damage_taken":[{"damage":0,"enemies":"Small Slimes","floor":1,"turns":2},{"damage":2,"enemies":"2 Louse","floor":3,"turns":2},{"damage":1,"enemies":"Cultist","floor":6,"turns":4},{"damage":0,"enemies":"3 Louse","floor":7,"turns":2},{"damage":0,"enemies":"Looter","floor":8,"turns":2},{"damage":18,"enemies":"Gremlin Nob","floor":11,"turns":4},{"damage":30,"enemies":"The Guardian","floor":16,"turns":32},{"damage":13,"enemies":"Spheric Guardian","floor":18,"turns":4},{"damage":6,"enemies":"Chosen","floor":19,"turns":6},{"damage":0,"enemies":"3 Cultists","floor":20,"turns":4},{"damage":15,"enemies":"Centurion and Healer","floor":21,"turns":8},{"damage":33,"enemies":"Snake Plant","floor":22,"turns":6},{"damage":66,"enemies":"Gremlin Leader","floor":23,"turns":5}],"seed_played":"-6916617626398686237","potions_obtained":[{"floor":3,"key":"Explosive Potion"},{"floor":6,"key":"PowerPotion"},{"floor":7,"key":"AttackPotion"},{"floor":16,"key":"Dexterity Potion"},{"floor":18,"key":"Strength Potion"}],"is_trial":false,"path_per_floor":["M","?","M","?","?","M","M","M","T","R","E","R","T","$","R","B",null,"M","M","M","M","M","E"],"character_chosen":"IRONCLAD","items_purchased":["Barricade","Entrench","Spot Weakness"],"campfire_rested":0,"item_purchase_floors":[14,14,14],"current_hp_per_floor":[80,80,80,85,68,73,79,85,85,85,73,73,73,73,73,49,85,81,81,90,84,57,0],"gold":238,"neow_bonus":"RANDOM_COLORLESS","is_prod":false,"is_daily":false,"chose_seed":false,"campfire_upgraded":3,"win_rate":0,"timestamp":1547171665,"path_taken":["M","?","M","?","?","M","M","M","T","R","E","R","?","?","R","BOSS","M","?","M","M","M","E"],"build_version":"2019-01-09","purchased_purges":0,"victory":false,"max_hp_per_floor":[80,80,80,85,85,85,85,85,85,85,85,85,85,85,85,85,85,88,88,91,94,94,94],"card_choices":[{"not_picked":["Iron Wave","Twin Strike"],"picked":"Intimidate","floor":1},{"not_picked":["Thunderclap","Pommel Strike"],"picked":"Clothesline","floor":3},{"not_picked":["True Grit","Armaments"],"picked":"Flame Barrier","floor":6},{"not_picked":["Havoc","Warcry"],"picked":"Immolate","floor":7},{"not_picked":["Blood for Blood","Twin Strike","Headbutt"],"picked":"SKIP","floor":8},{"not_picked":["Ghostly Armor","Wild Strike"],"picked":"Body Slam","floor":11},{"not_picked":["Barricade","Berserk"],"picked":"Feed","floor":16},{"not_picked":["Dropkick","Second Wind+1"],"picked":"Shrug It Off","floor":18},{"not_picked":["Fire Breathing","Wild Strike","Anger"],"picked":"SKIP","floor":19},{"not_picked":["Sever Soul+1","Combust"],"picked":"Sentinel+1","floor":20},{"not_picked":["Twin Strike","Fire Breathing","Anger"],"picked":"SKIP","floor":21},{"not_picked":["Whirlwind","Cleave"],"picked":"Flame Barrier","floor":22}],"player_experience":530810,"relics_obtained":[{"floor":9,"key":"Bottled Flame"},{"floor":11,"key":"Tiny Chest"},{"floor":13,"key":"Blue Candle"}],"event_choices":[{"damage_healed":0,"gold_gain":0,"player_choice":"Ignored","damage_taken":0,"max_hp_gain":0,"max_hp_loss":0,"event_name":"Liars Game","floor":2,"gold_loss":0},{"damage_healed":0,"gold_gain":0,"player_choice":"Donut","damage_taken":0,"max_hp_gain":5,"max_hp_loss":0,"event_name":"Big Fish","floor":4,"gold_loss":0},{"damage_healed":0,"gold_gain":0,"player_choice":"Entered Light","damage_taken":17,"max_hp_gain":0,"max_hp_loss":0,"event_name":"Shining Light","floor":5,"gold_loss":0,"cards_upgraded":["Strike_R","Intimidate"]}],"is_beta":true,"boss_relics":[{"not_picked":["Pandora\u0027s Box","Eternal Feather"],"picked":"Velvet Choker"}],"items_purged_floors":[],"is_endless":false,"potions_floor_spawned":[3,6,7,11,16,18,19,21],"killed_by":"Gremlin Leader","ascension_level":0}