{"gold_per_floor":[360,371,371,321,333,333,362,362,362,374,374,19,51,62,62,167,167,181,148,148,148,161,161,190,209,236,252,28,28],"floor_reached":29,"playtime":1396,"items_purged":[],"score":281,"play_id":"889304be-64db-4f04-8ef5-c40142881e32","local_time":"20190108235436","is_ascension_mode":true,"campfire_choices":[{"data":"Zap","floor":6,"key":"SMITH"},{"data":"Defragment","floor":11,"key":"SMITH"},{"floor":15,"key":"REST"},{"floor":23,"key":"REST"}],"neow_cost":"TEN_PERCENT_HP_LOSS","seed_source_timestamp":11958268027969,"circlet_count":0,"master_deck":["Strike_B","Strike_B","Strike_B","Defend_B+1","Defend_B","Defend_B","Defend_B+1","Zap+1","Dualcast","Cold Snap","Beam Cell","FTL","Lockon","Defragment+1","Hologram","Core Surge","Defragment","Conserve Battery","Sweeping Beam","Go for the Eyes","Blizzard","Capacitor"],"relics":["FrozenCore","Question Card","Dodecahedron","Letter Opener","StoneCalendar","Blood Vial","Shuriken","War Paint","Happy Flower"],"potions_floor_usage":[13,19,21,24,25,27],"damage_taken":[{"damage":1,"enemies":"Cultist","floor":1,"turns":3},{"damage":7,"enemies":"Jaw Worm","floor":2,"turns":3},{"damage":3,"enemies":"Small Slimes","floor":5,"turns":4},{"damage":12,"enemies":"Lagavulin","floor":7,"turns":5},{"damage":4,"enemies":"Looter","floor":10,"turns":2},{"damage":4,"enemies":"Gremlin Nob","floor":13,"turns":3},{"damage":1,"enemies":"Exordium Thugs","floor":14,"turns":3},{"damage":34,"enemies":"The Guardian","floor":16,"turns":9},{"damage":8,"enemies":"Shell Parasite","floor":18,"turns":6},{"damage":14,"enemies":"2 Thieves","floor":19,"turns":5},{"damage":22,"enemies":"Colosseum Slavers","floor":21,"turns":6},{"damage":20,"enemies":"Snake Plant","floor":22,"turns":7},{"damage":21,"enemies":"Book of Stabbing","floor":24,"turns":7},{"damage":8,"enemies":"Centurion and Healer","floor":25,"turns":7},{"damage":1,"enemies":"Snecko","floor":27,"turns":7},{"damage":9,"enemies":"Chosen and Byrds","floor":29,"turns":1}],"seed_played":"6702029874388669716","potions_obtained":[{"floor":10,"key":"EssenceOfSteel"},{"floor":13,"key":"Fire Potion"},{"floor":16,"key":"Dexterity Potion"},{"floor":18,"key":"SkillPotion"},{"floor":24,"key":"SkillPotion"},{"floor":25,"key":"Swift Potion"}],"is_trial":false,"path_per_floor":["M","M","T","?","M","R","E","?","T","M","R","$","E","M","R","B",null,"M","M","?","?","M","R","E","M","T","M","$","M"],"character_chosen":"DEFECT","items_purchased":["StoneCalendar","Fire Potion","Capacitor","Happy Flower"],"campfire_rested":2,"item_purchase_floors":[12,12,28,28],"current_hp_per_floor":[67,60,60,60,57,57,45,45,45,41,41,41,37,38,58,26,68,60,48,48,28,10,30,11,5,5,6,6,0],"gold":28,"neow_bonus":"TWO_FIFTY_GOLD","is_prod":false,"is_daily":false,"chose_seed":false,"campfire_upgraded":2,"win_rate":0,"timestamp":1547020476,"path_taken":["M","M","?","?","M","R","E","?","T","?","R","?","E","M","R","BOSS","M","M","?","?","M","R","E","M","T","M","$","M"],"build_version":"2019-01-03v4","purchased_purges":0,"victory":false,"max_hp_per_floor":[68,68,68,68,68,68,68,68,68,68,68,68,68,68,68,68,68,68,68,68,68,68,68,68,68,68,68,68,68],"card_choices":[{"not_picked":["Steam","Turbo"],"picked":"Cold Snap","floor":1},{"not_picked":["Turbo","Glacier","Hologram"],"picked":"SKIP","floor":2},{"not_picked":["Turbo","Aggregate","Undo"],"picked":"Beam Cell","floor":5},{"not_picked":["Storm","Conserve Battery","Stack"],"picked":"FTL","floor":7},{"not_picked":["Stack","Compile Driver","Amplify"],"picked":"Defragment","floor":10},{"not_picked":["Redo","Steam Power","Leap"],"picked":"Hologram","floor":13},{"not_picked":["Rebound","Aggregate","Steam Power","Cold Snap"],"picked":"SKIP","floor":14},{"not_picked":["Machine Learning","Multi-Cast","Fission"],"picked":"Core Surge","floor":16},{"not_picked":["Rebound+1","Double Energy","Gash+1"],"picked":"Defragment","floor":18},{"not_picked":["Recycle","Consume+1","FTL"],"picked":"Conserve Battery","floor":19},{"not_picked":["Tempest","Melter","Beam Cell"],"picked":"Sweeping Beam","floor":22},{"not_picked":["White Noise","Reprogram","Reinforced Body+1"],"picked":"Go for the Eyes","floor":24},{"not_picked":["Sweeping Beam","Chill","Compile Driver+1","Beam Cell"],"picked":"SKIP","floor":25},{"not_picked":["White Noise","Loop","Thunder Strike"],"picked":"Blizzard","floor":27}],"player_experience":125242,"relics_obtained":[{"floor":3,"key":"Question Card"},{"floor":7,"key":"Dodecahedron"},{"floor":9,"key":"Letter Opener"},{"floor":13,"key":"Blood Vial"},{"floor":24,"key":"Shuriken"},{"floor":26,"key":"War Paint"}],"event_choices":[{"cards_removed":["Strike_B"],"damage_healed":0,"gold_gain":0,"player_choice":"Card Removal","damage_taken":0,"max_hp_gain":0,"max_hp_loss":0,"event_name":"The Cleric","floor":4,"gold_loss":50},{"damage_healed":0,"gold_gain":0,"player_choice":"1 cards matched","damage_taken":0,"max_hp_gain":0,"max_hp_loss":0,"event_name":"Match and Keep!","floor":8,"gold_loss":0,"cards_obtained":["Lockon"]},{"damage_healed":0,"gold_gain":0,"player_choice":"Ignored","damage_taken":0,"max_hp_gain":0,"max_hp_loss":0,"event_name":"Ghosts","floor":20,"gold_loss":0},{"damage_healed":0,"gold_gain":0,"player_choice":"Fight","damage_taken":0,"max_hp_gain":0,"max_hp_loss":0,"event_name":"Colosseum","floor":21,"gold_loss":0},{"damage_healed":0,"gold_gain":0,"player_choice":"Fled From Nobs","damage_taken":0,"max_hp_gain":0,"max_hp_loss":0,"event_name":"Colosseum","floor":21,"gold_loss":0}],"is_beta":false,"boss_relics":[{"not_picked":["Lizard Tail","Pandora\u0027s Box"],"picked":"FrozenCore"}],"items_purged_floors":[],"is_endless":false,"potions_floor_spawned":[10,13,16,18,24,25],"killed_by":"Chosen and Byrds","ascension_level":2}