{"gold_per_floor":[114,129,23,23,198,198,228,228,253,268,283,298,58,73,73,173,173,188,13,28,128,128,128,143,143,168,183,218,253,283,298,298,398,398,413,0,15,30,150,180,180,195,220,235,235,250,250,66,66,66],"floor_reached":51,"playtime":4575,"items_purged":["Doubt"],"score":803,"play_id":"eff28d4d-efac-4ba4-bca9-73ba76028c6d","local_time":"20181111052313","daily_mods":["SealedDeck","Uncertain Future","Night Terrors"],"is_ascension_mode":false,"campfire_choices":[{"data":"White Noise","floor":6.0,"key":"SMITH"},{"data":"Turbo","floor":8.0,"key":"SMITH"},{"data":"Jack Of All Trades","floor":15.0,"key":"SMITH"},{"data":"Fission","floor":23.0,"key":"SMITH"},{"data":"Steam Power","floor":25.0,"key":"SMITH"},{"floor":32.0,"key":"REST"},{"data":"Rainbow","floor":41.0,"key":"SMITH"},{"data":"Turbo","floor":47,"key":"SMITH"},{"data":"Fusion","floor":49,"key":"SMITH"}],"neow_cost":"","seed_source_timestamp":0,"circlet_count":0,"master_deck":["Leap","Ball Lightning","Coolheaded","Chill","Cold Snap","Cold Snap","Ball Lightning","White Noise+1","Turbo+1","Steam Power+1","Leap","BootSequence","Streamline","Jack Of All Trades+1","Rainbow+1","Sweeping Beam","Consume+1","Turbo+1","Conserve Battery","Jack Of All Trades+1","All For One","Cold Snap","Fission+1","Steam Power+1","Steam","Gash","Ball Lightning+1","Conserve Battery+1","Steam+1","Go for the Eyes+1","Fusion+1","Compile Driver","Ball Lightning+1","Doom and Gloom","Echo Form","Redo+1","Conserve Battery+1","Steam","Meteor Strike","Coolheaded+1","White Noise","Bandage Up","White Noise+1","Panache"],"special_seed":17845,"relics":["Cracked Core","Blood Vial","Dream Catcher","Philosopher\u0027s Stone","StoneCalendar","Gremlin Horn","War Paint","Dodecahedron","Eternal Feather","Red Mask","Gambling Chip","Potion Belt","Centennial Puzzle"],"potions_floor_usage":[50,50,50,50,50],"damage_taken":[{"damage":0.0,"enemies":"Small Slimes","floor":1.0,"turns":2.0},{"damage":0.0,"enemies":"Jaw Worm","floor":2.0,"turns":2.0},{"damage":9.0,"enemies":"3 Sentries","floor":7.0,"turns":6.0},{"damage":0.0,"enemies":"2 Louse","floor":10.0,"turns":2.0},{"damage":0.0,"enemies":"Lots of Slimes","floor":11.0,"turns":2.0},{"damage":3.0,"enemies":"Exordium Wildlife","floor":12.0,"turns":4.0},{"damage":0.0,"enemies":"Looter","floor":14.0,"turns":3.0},{"damage":1.0,"enemies":"Hexaghost","floor":16.0,"turns":7.0},{"damage":6.0,"enemies":"2 Thieves","floor":18.0,"turns":3.0},{"damage":0.0,"enemies":"Chosen","floor":20.0,"turns":2.0},{"damage":0.0,"enemies":"Colosseum Slavers","floor":21.0,"turns":2.0},{"damage":25.0,"enemies":"Colosseum Nobs","floor":21.0,"turns":4.0},{"damage":0.0,"enemies":"Sentry and Sphere","floor":24.0,"turns":4.0},{"damage":0.0,"enemies":"Centurion and Healer","floor":27.0,"turns":1.0},{"damage":3.0,"enemies":"Shelled Parasite and Fungi","floor":28.0,"turns":4.0},{"damage":0.0,"enemies":"3 Cultists","floor":29.0,"turns":3.0},{"damage":14.0,"enemies":"Slavers","floor":30.0,"turns":3.0},{"damage":1.0,"enemies":"Centurion and Healer","floor":31.0,"turns":4.0},{"damage":0.0,"enemies":"Automaton","floor":33.0,"turns":7.0},{"damage":0.0,"enemies":"3 Darklings","floor":35.0,"turns":4.0},{"damage":2.0,"enemies":"3 Shapes","floor":37.0,"turns":3.0},{"damage":0.0,"enemies":"3 Darklings","floor":38.0,"turns":2.0},{"damage":18.0,"enemies":"Mind Bloom Boss Battle","floor":39.0,"turns":6.0},{"damage":17.0,"enemies":"Reptomancer","floor":40.0,"turns":5.0},{"damage":0.0,"enemies":"Jaw Worm Horde","floor":42.0,"turns":2.0},{"damage":0.0,"enemies":"Spire Growth","floor":44.0,"turns":5.0},{"damage":0,"enemies":"Sphere and 2 Shapes","floor":46,"turns":2},{"damage":18,"enemies":"Donu and Deca","floor":50,"turns":8}],"seed_played":"720756091651424505","potions_obtained":[{"floor":2.0,"key":"Weak Potion"},{"floor":10.0,"key":"Poison Potion"},{"floor":12.0,"key":"Strength Potion"},{"floor":20.0,"key":"FocusPotion"},{"floor":27.0,"key":"Dexterity Potion"},{"floor":28.0,"key":"Fire Potion"},{"floor":35.0,"key":"Ancient Potion"},{"floor":37.0,"key":"Dexterity Potion"},{"floor":44,"key":"FearPotion"},{"floor":46,"key":"FocusPotion"}],"is_trial":false,"path_per_floor":["M","M","$","?","?","R","E","R","T","M","M","M","$","M","R","B",null,"M","$","M","?","?","R","M","R","T","M","M","M","E","M","R","B",null,"M","?","M","M","?","E","R","M","T","M","M","?","M","R","$","R","B",null],"character_chosen":"DEFECT","items_purchased":["Streamline","Jack Of All Trades","Conserve Battery","Jack Of All Trades","All For One","Steam","Gash","Panache"],"campfire_rested":1,"item_purchase_floors":[3,3,13,13,13,19,19,48],"current_hp_per_floor":[75,75,75,75,75,75,66,66,66,68,70,69,69,71,71,72,75,69,69,71,50,50,50,52,52,52,54,53,55,43,44,70,70,70,70,70,68,70,52,37,61,63,63,65,65,70,70,70,70,53],"gold":66,"neow_bonus":"","is_prod":false,"is_daily":true,"chose_seed":false,"campfire_upgraded":8,"win_rate":0,"timestamp":1541931793,"path_taken":["M","M","$","?","?","R","E","R","T","M","M","M","?","M","R","BOSS","M","$","M","?","?","R","M","R","T","M","M","M","E","?","R","BOSS","M","?","M","M","?","E","R","M","T","M","?","M","R","$","R","BOSS"],"build_version":"2018-11-08","purchased_purges":1,"victory":true,"max_hp_per_floor":[75,75,75,75,75,75,75,75,75,75,75,75,75,75,75,75,75,75,75,75,75,75,75,75,75,75,75,75,75,75,75,70,70,70,70,70,70,70,70,70,70,70,70,70,70,70,70,70,70,70],"card_choices":[{"not_picked":["Beam Cell","Sweeping Beam"],"picked":"Leap","floor":1.0},{"not_picked":["Steam","Auto Shields"],"picked":"BootSequence","floor":2.0},{"not_picked":["Barrage","Streamline"],"picked":"Rainbow","floor":7.0},{"not_picked":["Beam Cell","Stack"],"picked":"Sweeping Beam","floor":10.0},{"not_picked":["Multi-Cast","Beam Cell"],"picked":"Consume","floor":11.0},{"not_picked":["Cold Snap","Steam"],"picked":"Turbo","floor":12.0},{"not_picked":["Stack","Steam"],"picked":"Cold Snap","floor":14.0},{"not_picked":["Reboot","Rainbow"],"picked":"Fission","floor":16.0},{"not_picked":["Barrage","Turbo+1"],"picked":"Steam Power","floor":18.0},{"not_picked":["Beam Cell+1","Loop"],"picked":"Ball Lightning+1","floor":20.0},{"not_picked":["Loop+1","Sweeping Beam"],"picked":"Conserve Battery+1","floor":21.0},{"not_picked":["Ball Lightning","Fusion"],"picked":"Steam+1","floor":24.0},{"not_picked":["Chaos","Rip and Tear+1"],"picked":"Go for the Eyes+1","floor":27.0},{"not_picked":["Echo Form","Tempest"],"picked":"Fusion","floor":28.0},{"not_picked":["Gash","Stack"],"picked":"Compile Driver","floor":29.0},{"not_picked":["Stack","Glacier+1"],"picked":"Ball Lightning+1","floor":30.0},{"not_picked":["Beam Cell+1","Tempest"],"picked":"Doom and Gloom","floor":31.0},{"not_picked":["Multi-Cast","Hyperbeam"],"picked":"Echo Form","floor":33.0},{"not_picked":["Conserve Battery+1","Sweeping Beam"],"picked":"Redo+1","floor":35.0},{"not_picked":["Streamline","Beam Cell"],"picked":"Conserve Battery+1","floor":37.0},{"not_picked":["Genetic Algorithm","Defragment"],"picked":"Steam","floor":38.0},{"not_picked":["Beam Cell","Undo"],"picked":"Meteor Strike","floor":39.0},{"not_picked":["Barrage+1","Stack"],"picked":"Coolheaded+1","floor":40.0},{"not_picked":["Consume+1","Streamline","Heatsinks+1"],"picked":"SKIP","floor":42.0},{"not_picked":["Steam+1","Rebound+1"],"picked":"White Noise","floor":44},{"not_picked":["Forethought","Purity"],"picked":"Bandage Up","floor":45},{"not_picked":["Cold Snap","Leap"],"picked":"White Noise+1","floor":46}],"player_experience":59908,"relics_obtained":[{"floor":7.0,"key":"Blood Vial"},{"floor":9.0,"key":"Dream Catcher"},{"floor":21.0,"key":"StoneCalendar"},{"floor":21.0,"key":"Gremlin Horn"},{"floor":26.0,"key":"War Paint"},{"floor":30.0,"key":"Dodecahedron"},{"floor":39.0,"key":"Gambling Chip"},{"floor":40.0,"key":"Potion Belt"},{"floor":43.0,"key":"Centennial Puzzle"}],"event_choices":[{"damage_healed":0.0,"max_hp_gain":0.0,"max_hp_loss":0.0,"gold_gain":0.0,"event_name":"Living Wall","player_choice":"Grow","floor":4.0,"gold_loss":0.0,"damage_taken":0.0,"cards_upgraded":["Jack Of All Trades"]},{"damage_healed":0.0,"max_hp_gain":0.0,"max_hp_loss":0.0,"gold_gain":175.0,"event_name":"Liars Game","player_choice":"AGREE","floor":5.0,"gold_loss":0.0,"damage_taken":0.0,"cards_obtained":["Doubt"]},{"damage_healed":0.0,"max_hp_gain":0.0,"max_hp_loss":0.0,"gold_gain":0.0,"event_name":"Colosseum","player_choice":"Fight","floor":21.0,"gold_loss":0.0,"damage_taken":0.0},{"damage_healed":0.0,"max_hp_gain":0.0,"max_hp_loss":0.0,"gold_gain":0.0,"event_name":"Colosseum","player_choice":"Fought Nobs","floor":21.0,"gold_loss":0.0,"damage_taken":0.0},{"damage_healed":0.0,"max_hp_gain":0.0,"max_hp_loss":0.0,"gold_gain":0.0,"event_name":"Purifier","player_choice":"Ignored","floor":22.0,"gold_loss":0.0,"damage_taken":0.0},{"damage_healed":0.0,"max_hp_gain":0.0,"max_hp_loss":0.0,"gold_gain":0.0,"event_name":"Tomb of Lord Red Mask","player_choice":"Paid","floor":36.0,"gold_loss":413.0,"damage_taken":0.0,"relics_obtained":["Red Mask"]},{"damage_healed":0.0,"max_hp_gain":0.0,"max_hp_loss":0.0,"gold_gain":0.0,"event_name":"MindBloom","player_choice":"Fight","floor":39.0,"gold_loss":0.0,"damage_taken":0.0},{"damage_healed":0,"gold_gain":0,"player_choice":"Memory 1","damage_taken":0,"max_hp_gain":0,"max_hp_loss":0,"event_name":"SensoryStone","floor":45,"gold_loss":0}],"is_beta":false,"boss_relics":[{"not_picked":["Tiny House","Pandora\u0027s Box"],"picked":"Philosopher\u0027s Stone"},{"not_picked":["Velvet Choker","Snecko Eye"],"picked":"Eternal Feather"}],"items_purged_floors":[19],"is_endless":false,"potions_floor_spawned":[2,10,12,14,20,21,27,28,30,35,37,44,46],"ascension_level":0}