{"path_per_floor":["M","M","M","M","M","R","E","?","T","M","E","M","M","?","R","B",null,"M","?","M","?","?","E","R","M","T","M","M","M","$","T","R","B",null,"M","?","M","?","M","E","R","M","T","R","?","?","M","M","R","B"],"character_chosen":"IRONCLAD","items_purchased":["Lee\u0027s Waffle","Bag of Marbles","Strength Potion","Swift Potion"],"gold_per_floor":[109,126,139,150,164,164,199,199,248,266,309,329,348,348,348,479,479,453,453,471,471,386,417,417,434,434,447,458,471,26,26,26,125,125,144,144,162,162,179,208,208,218,218,218,218,218,238,256,256,256],"floor_reached":51,"campfire_rested":3,"playtime":4084,"current_hp_per_floor":[80,80,79,80,77,77,34,34,34,36,41,43,35,35,59,56,80,52,52,61,61,61,18,42,54,54,38,21,20,87,87,87,12,87,87,87,87,87,87,76,76,68,68,68,87,87,63,63,87,31],"items_purged":[],"gold":256,"score":740,"play_id":"ac3090da-c3a3-4cf1-95c3-c6ccbef5190c","local_time":"20180414010255","is_prod":false,"is_daily":false,"chose_seed":false,"is_ascension_mode":false,"campfire_upgraded":2,"timestamp":1523682175,"path_taken":["M","M","M","M","M","R","E","?","T","M","E","?","M","?","R","BOSS","M","?","?","?","?","E","R","M","T","M","M","?","$","?","R","BOSS","M","?","M","?","M","E","R","M","T","R","?","?","M","M","R","BOSS"],"build_version":"2018-04-12","seed_source_timestamp":258187258709019,"purchased_purges":0,"victory":true,"master_deck":["Defend_R","Defend_R","Defend_R","Defend_R","Bash+1","Pommel Strike+1","Pommel Strike","Iron Wave","Sword Boomerang","Pommel Strike","Flex","Inflame","Heavy Blade","Berserk","Heavy Blade+1","Armaments","Bite","Bite","Bite","Bite","Bite","Limit Break+1","Thunderclap","Twin Strike+1","Flex","Pummel+1","Berserk+1","Iron Wave+1","Intimidate+1","Parasite","Shrug It Off","Demon Form+1","Headbutt","Writhe","Headbutt","Perfected Strike+1"],"max_hp_per_floor":[80,80,80,80,80,80,80,80,80,80,80,80,80,80,80,80,80,80,80,80,80,80,80,80,80,80,80,80,80,87,87,87,87,87,87,87,87,87,87,87,87,87,87,87,87,87,87,87,87,87],"relics":["Burning Blood","Gambling Chip","Bloody Idol","Vajra","Calling Bell","Pantograph","Anchor","Thread and Needle","Champion Belt","Shuriken","Frozen Egg 2","Lee\u0027s Waffle","Bag of Marbles","Peace Pipe","Velvet Choker","Self Forming Clay","Happy Flower"],"card_choices":[{"not_picked":["Warcry","Clothesline"],"picked":"Pommel Strike","floor":1},{"not_picked":["Reckless Charge","Bloodletting"],"picked":"Pommel Strike","floor":2},{"not_picked":["Cleave","True Grit"],"picked":"Iron Wave","floor":3},{"not_picked":["Anger","True Grit"],"picked":"Sword Boomerang","floor":4},{"not_picked":["Bloodletting","Brutality"],"picked":"Pommel Strike","floor":5},{"not_picked":["Burning Pact","Disarm"],"picked":"Flex","floor":7},{"not_picked":["Power Through","Clothesline"],"picked":"Inflame","floor":10},{"not_picked":["Twin Strike","Body Slam"],"picked":"Clothesline","floor":12},{"not_picked":["Whirlwind","Pommel Strike"],"picked":"Heavy Blade","floor":13},{"not_picked":["Juggernaut","Double Tap"],"picked":"Berserk","floor":16},{"not_picked":["Clothesline","Clash"],"picked":"Heavy Blade","floor":18},{"not_picked":["Combust","Body Slam"],"picked":"Armaments","floor":20},{"not_picked":["Rupture","Pommel Strike"],"picked":"Limit Break","floor":23},{"not_picked":["Blood for Blood","True Grit"],"picked":"Thunderclap","floor":25},{"not_picked":["Rupture","Cleave"],"picked":"Twin Strike","floor":27},{"not_picked":["Impervious","Entrench"],"picked":"Flex","floor":28},{"not_picked":["Searing Blow","Bloodletting"],"picked":"Pummel","floor":29},{"not_picked":["Fiend Fire","Dark Embrace"],"picked":"Berserk","floor":33},{"not_picked":["Reckless Charge","Corruption"],"picked":"Iron Wave","floor":35},{"not_picked":["Twin Strike","Warcry"],"picked":"Intimidate","floor":37},{"not_picked":["Second Wind","Clothesline"],"picked":"Shrug It Off","floor":39},{"not_picked":["Flex","Searing Blow"],"picked":"Demon Form","floor":40},{"not_picked":["Rupture","Clothesline"],"picked":"Headbutt","floor":42},{"not_picked":["Thunderclap","Entrench"],"picked":"Headbutt","floor":47},{"not_picked":["Blood for Blood","Thunderclap"],"picked":"Perfected Strike","floor":48}],"player_experience":4894,"potions_floor_usage":[28,28,33,47,50],"damage_taken":[{"damage":6,"enemies":"Jaw Worm","floor":1,"turns":4},{"damage":1,"enemies":"Cultist","floor":2,"turns":3},{"damage":7,"enemies":"Small Slimes","floor":3,"turns":4},{"damage":4,"enemies":"Blue Slaver","floor":4,"turns":4},{"damage":9,"enemies":"2 Fungi Beasts","floor":5,"turns":4},{"damage":49,"enemies":"Lagavulin","floor":7,"turns":7},{"damage":4,"enemies":"Exordium Wildlife","floor":10,"turns":3},{"damage":1,"enemies":"Gremlin Nob","floor":11,"turns":3},{"damage":6,"enemies":"Red Slaver","floor":12,"turns":3},{"damage":16,"enemies":"Exordium Thugs","floor":13,"turns":3},{"damage":11,"enemies":"Slime Boss","floor":16,"turns":8},{"damage":34,"enemies":"2 Thieves","floor":18,"turns":5},{"damage":4,"enemies":"Shell Parasite","floor":20,"turns":5},{"damage":64,"enemies":"Slavers","floor":23,"turns":6},{"damage":1,"enemies":"Snake Plant","floor":25,"turns":3},{"damage":42,"enemies":"Centurion and Healer","floor":27,"turns":7},{"damage":32,"enemies":"Chosen and Byrds","floor":28,"turns":6},{"damage":12,"enemies":"Snake Plant","floor":29,"turns":3},{"damage":92,"enemies":"Champ","floor":33,"turns":11},{"damage":0,"enemies":"3 Shapes","floor":35,"turns":2},{"damage":0,"enemies":"Orb Walker","floor":37,"turns":2},{"damage":0,"enemies":"4 Shapes","floor":39,"turns":4},{"damage":22,"enemies":"2 Orb Walkers","floor":40,"turns":4},{"damage":23,"enemies":"Sphere and 2 Shapes","floor":42,"turns":5},{"damage":37,"enemies":"Maw","floor":47,"turns":5},{"damage":13,"enemies":"3 Darklings","floor":48,"turns":3},{"damage":70,"enemies":"Awakened One","floor":50,"turns":8}],"event_choices":[{"event_name":"Golden Idol","player_choice":"Take Wound","floor":8,"damage_taken":0},{"event_name":"Living Wall","player_choice":"Forget","floor":14,"damage_taken":0},{"event_name":"Forgotten Altar","player_choice":"Gave Idol","floor":19,"damage_taken":0},{"event_name":"Vampires","player_choice":"Became a vampire (Vial)","floor":21,"damage_taken":0},{"event_name":"Addict","player_choice":"Obtained Relic","floor":22,"damage_taken":0},{"event_name":"The Lab","player_choice":"Got Potions","floor":36,"damage_taken":0},{"event_name":"Transmorgrifier","player_choice":"Transform","floor":38,"damage_taken":0},{"event_name":"Winding Halls","player_choice":"Writhe","floor":45,"damage_taken":0}],"boss_relics":[{"not_picked":["Sozu","Orrery"],"picked":"Calling Bell"},{"not_picked":["Runic Dome","White Beast Statue"],"picked":"Velvet Choker"}],"potions_floor_spawned":[2,7,10,12,13,18,23,33,37,42,48],"seed_played":"5616563923808437820","ascension_level":0,"is_trial":false}