{"gold_per_floor":[112,112,128,128,146,178,191,191],"floor_reached":8,"playtime":314,"items_purged":[],"score":99,"play_id":"707c8242-6dc3-4d0c-8a89-b522a2440be7","local_time":"20190212205820","is_ascension_mode":true,"campfire_choices":[],"neow_cost":"NONE","seed_source_timestamp":14519351159100,"circlet_count":0,"master_deck":["AscendersBane","Strike_R","Strike_R","Strike_R","Strike_R","Defend_R","Defend_R","Defend_R","Defend_R","Bash","Whirlwind","Anger","Disarm+1","Spot Weakness+1"],"relics":["Burning Blood","Pen Nib","Toxic Egg 2","Singing Bowl"],"potions_floor_usage":[7,7],"damage_taken":[{"damage":0,"enemies":"Small Slimes","floor":1,"turns":3},{"damage":1,"enemies":"Cultist","floor":3,"turns":3},{"damage":9,"enemies":"2 Louse","floor":5,"turns":2},{"damage":45,"enemies":"3 Sentries","floor":6,"turns":9},{"damage":25,"enemies":"Gremlin Gang","floor":7,"turns":3},{"damage":23,"enemies":"Exordium Thugs","floor":8,"turns":3}],"seed_played":"-5163485713792548231","potions_obtained":[{"floor":1,"key":"SteroidPotion"},{"floor":3,"key":"Regen Potion"},{"floor":6,"key":"Regen Potion"}],"is_trial":false,"path_per_floor":["M","?","M","?","M","E","M","M"],"character_chosen":"IRONCLAD","items_purchased":[],"campfire_rested":0,"item_purchase_floors":[],"current_hp_per_floor":[74,67,72,72,69,32,18,0],"gold":191,"neow_bonus":"RANDOM_COMMON_RELIC","is_prod":false,"is_daily":false,"chose_seed":false,"campfire_upgraded":0,"win_rate":0,"timestamp":1549997900,"path_taken":["M","?","M","?","M","E","M","?"],"build_version":"2019-01-23","purchased_purges":0,"victory":false,"max_hp_per_floor":[75,75,75,75,75,77,77,77],"card_choices":[{"not_picked":["Pummel","Hemokinesis"],"picked":"Whirlwind","floor":1},{"not_picked":["Clash","Body Slam"],"picked":"Anger","floor":3},{"not_picked":["Flex+1","Clash"],"picked":"Disarm+1","floor":5},{"not_picked":["Thunderclap","Corruption","Second Wind+1"],"picked":"Singing Bowl","floor":6},{"not_picked":["Sword Boomerang","Anger"],"picked":"Spot Weakness+1","floor":7}],"player_experience":713262,"relics_obtained":[{"floor":6,"key":"Singing Bowl"}],"event_choices":[{"cards_removed":["Strike_R"],"damage_healed":0,"gold_gain":0,"player_choice":"Card Removal","damage_taken":7,"max_hp_gain":0,"max_hp_loss":0,"event_name":"Golden Wing","floor":2,"gold_loss":0},{"damage_healed":0,"gold_gain":0,"player_choice":"Gave Potion","damage_taken":0,"relics_obtained":["Toxic Egg 2"],"max_hp_gain":0,"max_hp_loss":0,"event_name":"WeMeetAgain","floor":4,"gold_loss":0}],"is_beta":false,"boss_relics":[],"items_purged_floors":[],"is_endless":false,"potions_floor_spawned":[1,3,6],"killed_by":"Exordium Thugs","ascension_level":14}