{"gold_per_floor":[114,129,129,79,94,94,94,94,119,149,164,179,209,224,224,324,324,339,438,457,472,172,202,217,247,297,312,312,62,62,92,92,192,192,207,207,23,38,38,38,68,68,118,133,148,148,178,193,193,193],"floor_reached":51,"playtime":2771,"items_purged":[],"score":1150,"play_id":"aca3c3e2-ad5c-4ecb-83fb-3b1d607794dc","local_time":"20190106010124","daily_mods":["Cursed Run","Hoarder","DeadlyEvents"],"is_ascension_mode":false,"campfire_choices":[{"data":"Zap","floor":6,"key":"SMITH"},{"data":"Leap","floor":8,"key":"SMITH"},{"data":"Leap","floor":15,"key":"SMITH"},{"data":"Seek","floor":28,"key":"SMITH"},{"data":"Seek","floor":30,"key":"SMITH"},{"data":"Seek","floor":32,"key":"SMITH"},{"data":"Go for the Eyes","floor":40,"key":"SMITH"},{"data":"Go for the Eyes","floor":42,"key":"SMITH"},{"data":"Go for the Eyes","floor":46,"key":"SMITH"},{"floor":49,"key":"REST"}],"neow_cost":"","seed_source_timestamp":0,"circlet_count":0,"master_deck":["Strike_B","Strike_B","Defend_B","Defend_B","Defend_B","Zap+1","Dualcast","Gash","Gash","Gash","Rebound","Rebound","Rebound","Regret","Regret","Regret","Leap+1","Leap+1","Leap","Cold Snap","Cold Snap","Cold Snap","Regret","Regret","Regret","Go for the Eyes+1","Go for the Eyes+1","Go for the Eyes+1","Sweeping Beam","Sweeping Beam","Sweeping Beam","Ball Lightning","Ball Lightning","Ball Lightning","Decay","Decay","Decay","Seek+1","Seek+1","Seek+1","Stack","Stack","Stack","Coolheaded","Coolheaded","Coolheaded","Leap","Leap","Leap","Gash","Gash","Gash","Scrape+1","Scrape+1","Scrape+1","Doubt","Doubt","Doubt","Gash","Gash","Gash","Shame","Shame","Shame","Beam Cell","Beam Cell","Beam Cell","Skim","Skim","Skim","Parasite","Parasite","Parasite","Melter","Melter","Melter","Decay","Decay","Decay"],"special_seed":17902,"relics":["Cursed Key","Darkstone Periapt","Du-Vu Doll","Strawberry","Vajra","Calipers","Blue Candle","Orrery","Red Mask","Question Card","Potion Belt","DataDisk","Orichalcum","Bottled Lightning","Pantograph","Empty Cage","Bag of Preparation","Frozen Egg 2","Blood Vial","Gremlin Horn"],"potions_floor_usage":[10,14,44,45,50,50,50],"damage_taken":[{"damage":1,"enemies":"Jaw Worm","floor":1,"turns":3},{"damage":1,"enemies":"2 Louse","floor":2,"turns":3},{"damage":3,"enemies":"Small Slimes","floor":5,"turns":3},{"damage":11,"enemies":"3 Sentries","floor":10,"turns":4},{"damage":0,"enemies":"Looter","floor":11,"turns":2},{"damage":7,"enemies":"3 Louse","floor":12,"turns":3},{"damage":1,"enemies":"Gremlin Nob","floor":13,"turns":2},{"damage":9,"enemies":"2 Fungi Beasts","floor":14,"turns":3},{"damage":28,"enemies":"Hexaghost","floor":16,"turns":7},{"damage":0,"enemies":"Spheric Guardian","floor":18,"turns":1},{"damage":0,"enemies":"Masked Bandits","floor":20,"turns":3},{"damage":1,"enemies":"Chosen","floor":21,"turns":2},{"damage":17,"enemies":"Slavers","floor":23,"turns":3},{"damage":1,"enemies":"3 Cultists","floor":24,"turns":2},{"damage":2,"enemies":"Gremlin Leader","floor":25,"turns":3},{"damage":6,"enemies":"Centurion and Healer","floor":27,"turns":2},{"damage":9,"enemies":"Book of Stabbing","floor":31,"turns":3},{"damage":10,"enemies":"Automaton","floor":33,"turns":6},{"damage":2,"enemies":"Orb Walker","floor":35,"turns":2},{"damage":2,"enemies":"3 Darklings","floor":38,"turns":2},{"damage":2,"enemies":"Reptomancer","floor":41,"turns":3},{"damage":4,"enemies":"Spire Growth","floor":44,"turns":2},{"damage":17,"enemies":"Writhing Mass","floor":45,"turns":2},{"damage":0,"enemies":"Nemesis","floor":47,"turns":1},{"damage":0,"enemies":"3 Darklings","floor":48,"turns":1},{"damage":21,"enemies":"Donu and Deca","floor":50,"turns":6}],"seed_played":"7362796189856692124","potions_obtained":[{"floor":1,"key":"Fire Potion"},{"floor":5,"key":"AttackPotion"},{"floor":11,"key":"EssenceOfSteel"},{"floor":16,"key":"Explosive Potion"},{"floor":18,"key":"Regen Potion"},{"floor":23,"key":"SkillPotion"},{"floor":24,"key":"SpeedPotion"},{"floor":44,"key":"FocusPotion"},{"floor":45,"key":"EssenceOfSteel"},{"floor":48,"key":"Regen Potion"}],"is_trial":false,"path_per_floor":["M","M","?","$","M","R","$","R","T","E","M","M","E","M","R","B",null,"M","?","?","M","$","E","M","E","T","M","R","$","R","E","R","B",null,"M","?","$","M","?","R","E","R","T","M","M","R","E","M","R","B",null],"character_chosen":"DEFECT","items_purchased":["Leap","Gash","Question Card","Bottled Lightning","Skim","Bag of Preparation"],"campfire_rested":1,"item_purchase_floors":[4,22,22,29,37,37],"current_hp_per_floor":[74,73,86,86,83,83,83,83,89,78,78,71,70,61,61,39,100,100,100,100,99,99,82,81,79,85,79,79,79,79,70,70,91,112,110,106,106,104,104,104,102,102,108,106,91,91,93,95,112,110],"gold":193,"neow_bonus":"","is_prod":false,"is_daily":true,"chose_seed":false,"campfire_upgraded":9,"win_rate":0,"timestamp":1546765284,"path_taken":["M","M","?","$","M","R","$","R","T","E","M","M","E","M","R","BOSS","M","?","?","?","?","E","M","E","T","M","R","$","R","?","R","BOSS","M","?","$","M","?","R","E","R","T","?","M","R","E","?","R","BOSS"],"build_version":"2019-01-03v4","purchased_purges":0,"victory":true,"max_hp_per_floor":[75,75,88,88,88,88,88,88,94,94,94,94,94,94,94,100,100,100,100,100,100,100,100,100,100,106,106,106,106,106,106,106,112,112,112,106,106,106,106,106,106,106,112,112,112,112,112,112,112,118],"card_choices":[{"not_picked":["Beam Cell","Rebound"],"picked":"Gash","floor":1},{"not_picked":["Storm","Consume"],"picked":"Rebound","floor":2},{"not_picked":["Turbo","Compile Driver"],"picked":"Cold Snap","floor":5},{"not_picked":["Darkness","Sunder","FTL"],"picked":"SKIP","floor":10},{"not_picked":["Rainbow","Hologram"],"picked":"Go for the Eyes","floor":11},{"not_picked":["Melter","Streamline"],"picked":"Sweeping Beam","floor":12},{"not_picked":["Beam Cell","Barrage","Double Energy"],"picked":"SKIP","floor":13},{"not_picked":["Barrage","Conserve Battery"],"picked":"Ball Lightning","floor":14},{"not_picked":["Rainbow","Fission"],"picked":"Seek","floor":16},{"not_picked":["Beam Cell","Barrage"],"picked":"Stack","floor":17},{"not_picked":["Hologram","Force Field"],"picked":"Coolheaded","floor":17},{"not_picked":["Go for the Eyes","Turbo"],"picked":"Leap","floor":17},{"not_picked":["Go for the Eyes","Ball Lightning","Melter"],"picked":"SKIP","floor":18},{"not_picked":["Rip and Tear","Double Energy","Ball Lightning+1"],"picked":"SKIP","floor":21},{"not_picked":["Conserve Battery+1","Rip and Tear","Darkness","FTL"],"picked":"SKIP","floor":23},{"not_picked":["Self Repair","Capacitor+1","Doom and Gloom+1","Melter"],"picked":"SKIP","floor":24},{"not_picked":["Buffer","Rebound+1","Steam"],"picked":"Scrape+1","floor":25},{"not_picked":["Tempest","Cold Snap","Lockon+1","Rebound"],"picked":"SKIP","floor":27},{"not_picked":["Doom and Gloom","Reinforced Body","Lockon"],"picked":"Gash","floor":31},{"not_picked":["Sweeping Beam","Hello World+1","Force Field"],"picked":"Beam Cell","floor":35},{"not_picked":["Barrage","Sweeping Beam","Streamline+1","Tempest+1"],"picked":"SKIP","floor":38},{"not_picked":["Skim","Rebound","Recycle+1","Steam"],"picked":"SKIP","floor":41},{"not_picked":["Self Repair+1","Turbo","Rebound+1","Undo"],"picked":"SKIP","floor":44},{"not_picked":["Ball Lightning","Lockon+1","Biased Cognition+1","Streamline"],"picked":"SKIP","floor":45},{"not_picked":["Sweeping Beam+1","Beam Cell","Glacier","Fission"],"picked":"SKIP","floor":47},{"not_picked":["Ball Lightning+1","Turbo+1","Capacitor+1"],"picked":"Melter","floor":48}],"player_experience":90195,"relics_obtained":[{"floor":9,"key":"Vajra"},{"floor":10,"key":"Calipers"},{"floor":13,"key":"Blue Candle"},{"floor":20,"key":"Red Mask"},{"floor":23,"key":"Potion Belt"},{"floor":25,"key":"DataDisk"},{"floor":26,"key":"Orichalcum"},{"floor":31,"key":"Pantograph"},{"floor":41,"key":"Frozen Egg 2"},{"floor":43,"key":"Blood Vial"},{"floor":47,"key":"Gremlin Horn"}],"event_choices":[{"damage_healed":0,"gold_gain":0,"player_choice":"Box","damage_taken":0,"relics_obtained":["Strawberry"],"max_hp_gain":0,"max_hp_loss":0,"event_name":"Big Fish","floor":3,"gold_loss":0,"cards_obtained":["Regret"]},{"damage_healed":0,"gold_gain":99,"player_choice":"Stole From Cult","damage_taken":0,"max_hp_gain":0,"max_hp_loss":0,"event_name":"Nest","floor":19,"gold_loss":0},{"damage_healed":0,"gold_gain":0,"player_choice":"Fought Bandits","damage_taken":0,"max_hp_gain":0,"max_hp_loss":0,"event_name":"Masked Bandits","floor":20,"gold_loss":0},{"damage_healed":0,"gold_gain":0,"player_choice":"Max HP","damage_taken":0,"max_hp_gain":0,"max_hp_loss":6,"event_name":"Winding Halls","floor":36,"gold_loss":0},{"cards_removed":["Defend_B"],"damage_healed":0,"gold_gain":0,"player_choice":"Removed Skill","damage_taken":0,"max_hp_gain":0,"max_hp_loss":0,"event_name":"Falling","floor":39,"gold_loss":0}],"is_beta":false,"boss_relics":[{"not_picked":["Velvet Choker","Coffee Dripper"],"picked":"Orrery"},{"not_picked":["Astrolabe","Nuclear Battery"],"picked":"Empty Cage"}],"items_purged_floors":[],"is_endless":false,"potions_floor_spawned":[1,5,11,16,18,23,24,41,44,45,48],"ascension_level":0}