{"gold_per_floor":[159,109,124,124,134,169,169,202,202,202,202,266,280,280,280,352,352,368,26,40,40,55,55,55,55,80,80,98,125,142,142,142,218,218,237,282,252,26,37,37,72,72,122,155,155,165,67,92,92,92],"floor_reached":51,"playtime":3979,"items_purged":["Outmaneuver"],"score":1344,"play_id":"7c0a1dd4-84dc-40ce-bcad-3cb98aec0e06","local_time":"20181119141442","is_ascension_mode":true,"campfire_choices":[{"floor":7.0,"key":"REST"},{"floor":10.0,"key":"REST"},{"floor":15.0,"key":"REST"},{"floor":23.0,"key":"REST"},{"floor":25.0,"key":"REST"},{"data":"Adrenaline","floor":27.0,"key":"SMITH"},{"floor":32,"key":"REST"},{"floor":40,"key":"REST"},{"data":"Acrobatics","floor":42,"key":"SMITH"},{"floor":49,"key":"REST"}],"neow_cost":"NONE","seed_source_timestamp":0,"circlet_count":0,"master_deck":["AscendersBane","Survivor","Neutralize","Dagger Spray","Backflip","Adrenaline+1","Sucker Punch","Predator","Calculated Gamble","Crippling Poison","Noxious Fumes+1","Leg Sweep","Escape Plan","Envenom+1","Blade Dance","Accuracy+1","Quick Slash","Dagger Throw","Dagger Throw","Deadly Poison","Backflip","Accuracy+1","Acrobatics+1","Storm of Steel","PiercingWail","Infinite Blades+1","Blur+1","Well Laid Plans+1","A Thousand Cuts+1","After Image+1","Backflip","Accuracy+1","Tactician+1","Backflip","Madness","Madness","Dash","Cloak And Dagger","Sucker Punch+1"],"special_seed":0,"relics":["Tiny House","Dream Catcher","Dead Branch","Matryoshka","Frozen Egg 2","Happy Flower","Pandora\u0027s Box","Ninja Scroll","Vajra","Anchor","Bag of Marbles","PreservedInsect","Busted Crown","Prayer Wheel","TwistedFunnel","Smiling Mask","Snake Skull","Boot","Ginger","Molten Egg 2"],"potions_floor_usage":[33,36,50,50],"damage_taken":[{"damage":1.0,"enemies":"2 Louse","floor":1.0,"turns":3.0},{"damage":0.0,"enemies":"Small Slimes","floor":3.0,"turns":3.0},{"damage":2.0,"enemies":"Jaw Worm","floor":5.0,"turns":3.0},{"damage":44.0,"enemies":"Lagavulin","floor":6.0,"turns":10.0},{"damage":25.0,"enemies":"3 Sentries","floor":8.0,"turns":8.0},{"damage":18.0,"enemies":"Gremlin Nob","floor":12.0,"turns":4.0},{"damage":3.0,"enemies":"Looter","floor":13.0,"turns":4.0},{"damage":25.0,"enemies":"The Guardian","floor":16.0,"turns":12.0},{"damage":27.0,"enemies":"2 Thieves","floor":18.0,"turns":4.0},{"damage":12.0,"enemies":"Chosen","floor":20.0,"turns":4.0},{"damage":18.0,"enemies":"Snecko","floor":22.0,"turns":4.0},{"damage":13.0,"enemies":"Centurion and Healer","floor":28.0,"turns":3.0},{"damage":17.0,"enemies":"Book of Stabbing","floor":29.0,"turns":6.0},{"damage":0,"enemies":"Snake Plant","floor":30,"turns":3},{"damage":35,"enemies":"Collector","floor":33,"turns":10},{"damage":10,"enemies":"3 Darklings","floor":35,"turns":4},{"damage":12,"enemies":"2 Orb Walkers","floor":36,"turns":4},{"damage":0,"enemies":"Orb Walker","floor":39,"turns":2},{"damage":0,"enemies":"Giant Head","floor":41,"turns":4},{"damage":0,"enemies":"Reptomancer","floor":44,"turns":4},{"damage":0,"enemies":"3 Darklings","floor":46,"turns":2},{"damage":0,"enemies":"Giant Head","floor":48,"turns":4},{"damage":41,"enemies":"Time Eater","floor":50,"turns":7}],"seed_played":"2924429046632342366","potions_obtained":[{"floor":0.0,"key":"Regen Potion"},{"floor":1.0,"key":"SkillPotion"},{"floor":3.0,"key":"Dexterity Potion"},{"floor":13.0,"key":"EntropicBrew"},{"floor":18.0,"key":"EssenceOfSteel"},{"floor":33,"key":"EssenceOfSteel"},{"floor":37,"key":"LiquidBronze"}],"is_trial":false,"path_per_floor":["M","?","M","?","M","E","R","E","T","R","?","?","M","?","R","B",null,"M","M","$","M","?","M","R","?","R","T","R","M","E","M","?","R","B",null,"M","?","?","$","M","R","E","R","T","E","?","M","$","E","R","B",null],"character_chosen":"THE_SILENT","items_purchased":["Ninja Scroll","Accuracy+1","Acrobatics","TwistedFunnel","Accuracy+1","Cloak And Dagger"],"campfire_rested":8,"item_purchase_floors":[19,19,19,38,38,47],"current_hp_per_floor":[67,67,67,67,65,30,52,27,27,49,54,36,33,26,50,25,66,39,39,27,27,9,33,33,57,57,57,44,27,27,27,51,16,64,54,42,42,42,42,66,66,66,66,66,56,56,56,56,80,39],"gold":92,"neow_bonus":"BOSS_RELIC","is_prod":false,"is_daily":false,"chose_seed":false,"campfire_upgraded":2,"win_rate":0,"timestamp":1542654882,"path_taken":["M","?","M","?","M","E","R","E","T","R","?","?","M","?","R","BOSS","M","$","M","?","M","R","?","R","T","R","M","E","?","?","R","BOSS","M","?","?","$","?","R","E","R","T","E","?","M","$","E","R","BOSS"],"build_version":"2018-11-15","purchased_purges":1,"victory":true,"max_hp_per_floor":[75,75,75,75,75,75,75,75,75,75,80,80,80,80,80,80,80,80,80,80,80,80,80,80,80,80,80,80,80,80,80,80,80,80,80,80,80,80,80,80,80,80,80,80,80,80,80,80,80,80],"card_choices":[{"not_picked":["Underhanded Strike","Prepared"],"picked":"Dagger Spray","floor":0.0},{"not_picked":["Deflect","Prepared"],"picked":"Backflip","floor":1.0},{"not_picked":["Distraction","Flechettes","Quick Slash"],"picked":"SKIP","floor":3.0},{"not_picked":["Predator","Prepared"],"picked":"Sucker Punch","floor":5.0},{"not_picked":["Sucker Punch","Setup","Calculated Gamble"],"picked":"SKIP","floor":6.0},{"not_picked":["Poisoned Stab","Flying Knee"],"picked":"Predator","floor":7.0},{"not_picked":["Caltrops","Night Terror"],"picked":"Calculated Gamble","floor":8.0},{"not_picked":["Finisher","Poisoned Stab"],"picked":"Crippling Poison","floor":10.0},{"not_picked":["Masterful Stab","Predator"],"picked":"Noxious Fumes","floor":12.0},{"not_picked":["Tactician","Reflex"],"picked":"Leg Sweep","floor":13.0},{"not_picked":["Sucker Punch","PiercingWail"],"picked":"Escape Plan","floor":15.0},{"not_picked":["Doppelganger","Storm of Steel"],"picked":"Envenom+1","floor":16.0},{"not_picked":["Setup","Outmaneuver"],"picked":"Backflip","floor":18.0},{"not_picked":["Poisoned Stab+1","Acrobatics"],"picked":"Storm of Steel","floor":20.0},{"not_picked":["Dagger Spray","Bouncing Flask"],"picked":"PiercingWail","floor":22.0},{"not_picked":["Dash","Reflex"],"picked":"Infinite Blades+1","floor":23.0},{"not_picked":["Bane","Backstab"],"picked":"Blur+1","floor":28.0},{"not_picked":["Prepared","Skewer","Dagger Throw"],"picked":"SKIP","floor":29.0},{"not_picked":["Dodge and Roll","Dagger Spray"],"picked":"Well Laid Plans+1","floor":30},{"not_picked":["Finisher","Eviscerate"],"picked":"A Thousand Cuts+1","floor":32},{"not_picked":["Venomology","Corpse Explosion"],"picked":"After Image+1","floor":33},{"not_picked":["Flying Knee"],"picked":"SKIP","floor":35},{"not_picked":[],"picked":"Backflip","floor":36},{"not_picked":["Flechettes"],"picked":"SKIP","floor":39},{"not_picked":["Flying Knee"],"picked":"SKIP","floor":39},{"not_picked":[],"picked":"Tactician+1","floor":40},{"not_picked":[],"picked":"Backflip","floor":41},{"not_picked":["Expertise"],"picked":"SKIP","floor":44},{"not_picked":[],"picked":"Dash","floor":46},{"not_picked":["Masterful Stab+1"],"picked":"SKIP","floor":46},{"not_picked":["Heel Hook"],"picked":"SKIP","floor":48},{"not_picked":[],"picked":"Sucker Punch+1","floor":49}],"player_experience":782512,"relics_obtained":[{"floor":6.0,"key":"Dream Catcher"},{"floor":8.0,"key":"Dead Branch"},{"floor":9.0,"key":"Matryoshka"},{"floor":12.0,"key":"Frozen Egg 2"},{"floor":26.0,"key":"Anchor"},{"floor":26.0,"key":"Bag of Marbles"},{"floor":29.0,"key":"PreservedInsect"},{"floor":36,"key":"Prayer Wheel"},{"floor":41,"key":"Smiling Mask"},{"floor":43,"key":"Snake Skull"},{"floor":43,"key":"Boot"},{"floor":44,"key":"Ginger"},{"floor":48,"key":"Molten Egg 2"}],"event_choices":[{"cards_removed":["Strike_G"],"damage_healed":0.0,"max_hp_gain":0.0,"max_hp_loss":0.0,"gold_gain":0.0,"event_name":"The Cleric","player_choice":"Card Removal","floor":2.0,"gold_loss":50.0,"damage_taken":0.0},{"damage_healed":0.0,"max_hp_gain":0.0,"max_hp_loss":0.0,"gold_gain":0.0,"cards_transformed":["Strike_G"],"event_name":"Living Wall","player_choice":"Change","floor":4.0,"gold_loss":0.0,"damage_taken":0.0,"cards_obtained":["Adrenaline"]},{"damage_healed":0.0,"max_hp_gain":5.0,"max_hp_loss":0.0,"gold_gain":0.0,"event_name":"Big Fish","player_choice":"Donut","floor":11.0,"gold_loss":0.0,"damage_taken":0.0},{"damage_healed":0.0,"max_hp_gain":0.0,"max_hp_loss":0.0,"gold_gain":0.0,"event_name":"Dead Adventurer","player_choice":"Searched \u00271\u0027 times","floor":12.0,"gold_loss":0.0,"damage_taken":0.0},{"damage_healed":0.0,"max_hp_gain":0.0,"max_hp_loss":0.0,"gold_gain":0.0,"event_name":"Scrap Ooze","player_choice":"Success","floor":14.0,"gold_loss":0.0,"damage_taken":7.0,"relics_obtained":["Happy Flower"]},{"damage_healed":0.0,"max_hp_gain":0.0,"max_hp_loss":0.0,"gold_gain":0.0,"event_name":"The Mausoleum","player_choice":"Opened","floor":21.0,"gold_loss":0.0,"damage_taken":0.0,"relics_obtained":["Vajra"]},{"damage_healed":0.0,"max_hp_gain":0.0,"max_hp_loss":0.0,"gold_gain":0.0,"event_name":"N\u0027loth","player_choice":"Ignored","floor":24.0,"gold_loss":0.0,"damage_taken":0.0},{"cards_removed":["Dagger Spray"],"damage_healed":0,"gold_gain":0,"player_choice":"Elegance","damage_taken":0,"max_hp_gain":0,"max_hp_loss":0,"event_name":"Back to Basics","floor":31,"gold_loss":0},{"damage_healed":0,"gold_gain":0,"player_choice":"Fight","damage_taken":0,"max_hp_gain":0,"max_hp_loss":0,"event_name":"Mysterious Sphere","floor":36,"gold_loss":0},{"damage_healed":0,"gold_gain":0,"player_choice":"Bought 2 Potions","damage_taken":0,"max_hp_gain":0,"max_hp_loss":0,"event_name":"The Woman in Blue","floor":37,"gold_loss":0},{"damage_healed":0,"gold_gain":0,"player_choice":"Embrace Madness","damage_taken":10,"max_hp_gain":0,"max_hp_loss":0,"event_name":"Winding Halls","floor":45,"gold_loss":0,"cards_obtained":["Madness","Madness"]}],"is_beta":false,"boss_relics":[{"not_picked":["Calling Bell","Astrolabe"],"picked":"Pandora\u0027s Box"},{"not_picked":["Black Star","Orrery"],"picked":"Busted Crown"}],"items_purged_floors":[47],"is_endless":false,"potions_floor_spawned":[1,3,13,18,22,33,41,44,46],"ascension_level":13}