{"gold_per_floor":[113,127,140,152,152,152,164,164,164,164,178,178,195,195,195,270,270,270,43,43,43,43,43],"floor_reached":23,"playtime":2626,"items_purged":["Strike_G"],"score":348,"play_id":"d3ba6933-8fe1-46fe-b611-b8c9ea609de6","local_time":"20190206201521","is_ascension_mode":true,"campfire_choices":[{"data":"Noxious Fumes","floor":6.0,"key":"SMITH"},{"data":"Neutralize","floor":8.0,"key":"SMITH"},{"data":"Crippling Poison","floor":10.0,"key":"SMITH"},{"data":"Bouncing Flask","floor":15.0,"key":"SMITH"}],"neow_cost":"NONE","seed_source_timestamp":0,"circlet_count":0,"master_deck":["AscendersBane","Defend_G","Defend_G","Defend_G","Defend_G","Defend_G","Strike_G","Strike_G","Strike_G","Strike_G","Survivor","Neutralize+1","Noxious Fumes+1","Bouncing Flask+1","Crippling Poison+1","Acrobatics","Bullet Time","Well Laid Plans","Cloak And Dagger","Backstab","Sucker Punch","Decay","Terror"],"special_seed":0,"relics":["Coffee Dripper","Mummified Hand","Ectoplasm"],"potions_floor_usage":[23,23],"damage_taken":[{"damage":0.0,"enemies":"Jaw Worm","floor":1.0,"turns":5.0},{"damage":0.0,"enemies":"Small Slimes","floor":2.0,"turns":5.0},{"damage":0.0,"enemies":"2 Louse","floor":3.0,"turns":5.0},{"damage":0.0,"enemies":"Red Slaver","floor":4.0,"turns":4.0},{"damage":8.0,"enemies":"Gremlin Gang","floor":7.0,"turns":5.0},{"damage":4.0,"enemies":"Blue Slaver","floor":11.0,"turns":4.0},{"damage":0.0,"enemies":"Large Slime","floor":13.0,"turns":4.0},{"damage":45.0,"enemies":"Slime Boss","floor":16.0,"turns":9.0},{"damage":16,"enemies":"Spheric Guardian","floor":18,"turns":4},{"damage":8,"enemies":"3 Byrds","floor":22,"turns":5},{"damage":36,"enemies":"Slavers","floor":23,"turns":3}],"seed_played":"3257715318466828145","potions_obtained":[{"floor":1.0,"key":"SkillPotion"},{"floor":2.0,"key":"EssenceOfSteel"},{"floor":4.0,"key":"Weak Potion"}],"is_trial":false,"path_per_floor":["M","M","M","M","?","R","M","R","T","R","M","?","M","?","R","B",null,"M","$","?","?","M","E"],"character_chosen":"THE_SILENT","items_purchased":["Cloak And Dagger","Backstab","Sucker Punch"],"campfire_rested":0,"item_purchase_floors":[19,19,19],"current_hp_per_floor":[59,59,59,59,64,64,56,56,56,56,52,52,52,52,52,7,55,39,39,39,39,31,0],"gold":43,"neow_bonus":"BOSS_RELIC","is_prod":false,"is_daily":false,"chose_seed":false,"campfire_upgraded":4,"win_rate":0,"timestamp":1549502121,"path_taken":["M","M","M","M","?","R","M","R","T","R","M","?","M","?","R","BOSS","M","$","?","?","M","E"],"build_version":"2019-01-23","purchased_purges":1,"victory":false,"max_hp_per_floor":[66,66,66,66,71,71,71,71,71,71,71,71,71,71,71,71,71,71,71,71,71,71,71],"card_choices":[{"not_picked":["Expertise","Catalyst"],"picked":"Noxious Fumes","floor":1.0},{"not_picked":["Underhanded Strike","Acrobatics","Riddle With Holes"],"picked":"SKIP","floor":2.0},{"not_picked":["Poisoned Stab","Slice","Acrobatics"],"picked":"SKIP","floor":3.0},{"not_picked":["Quick Slash","Masterful Stab"],"picked":"Bouncing Flask","floor":4.0},{"not_picked":["Accuracy","Poisoned Stab"],"picked":"Crippling Poison","floor":7.0},{"not_picked":["Distraction","Crippling Poison","Poisoned Stab"],"picked":"SKIP","floor":11.0},{"not_picked":["Sucker Punch","Crippling Poison"],"picked":"Acrobatics","floor":13.0},{"not_picked":["Die Die Die","Doppelganger"],"picked":"Bullet Time","floor":16.0},{"not_picked":["Endless Agony","Deadly Poison"],"picked":"Well Laid Plans","floor":18},{"not_picked":["Slice","Deflect"],"picked":"Terror","floor":22}],"player_experience":1019369,"relics_obtained":[{"floor":9.0,"key":"Mummified Hand"}],"event_choices":[{"damage_healed":0.0,"max_hp_gain":5.0,"max_hp_loss":0.0,"gold_gain":0.0,"event_name":"Big Fish","player_choice":"Donut","floor":5.0,"gold_loss":0.0,"damage_taken":0.0},{"damage_healed":0.0,"max_hp_gain":0.0,"max_hp_loss":0.0,"gold_gain":0.0,"event_name":"Shining Light","player_choice":"Ignored","floor":12.0,"gold_loss":0.0,"damage_taken":0.0},{"damage_healed":0.0,"max_hp_gain":0.0,"max_hp_loss":0.0,"gold_gain":0.0,"event_name":"Golden Idol","player_choice":"Ignored","floor":14.0,"gold_loss":0.0,"damage_taken":0.0},{"damage_healed":0,"gold_gain":0,"player_choice":"Ignored","damage_taken":0,"max_hp_gain":0,"max_hp_loss":0,"event_name":"Ghosts","floor":20,"gold_loss":0},{"damage_healed":0,"gold_gain":0,"player_choice":"Smashed Altar","damage_taken":0,"max_hp_gain":0,"max_hp_loss":0,"event_name":"Forgotten Altar","floor":21,"gold_loss":0,"cards_obtained":["Decay"]}],"is_beta":false,"boss_relics":[{"not_picked":["Cursed Key","White Beast Statue"],"picked":"Ectoplasm"}],"items_purged_floors":[19],"is_endless":false,"potions_floor_spawned":[1,2,4,13,22],"killed_by":"Slavers","ascension_level":18}