{"gold_per_floor":[109,125,142,160,160,195,195,211,211,228,239,239,17,51,51,153,153,167,178,193,212,212,212,226,246,273,293,293,304,304,321,321,321],"floor_reached":33,"playtime":7182,"items_purged":[],"score":291,"play_id":"597e8756-7ca0-4a4c-96da-f1c93b580a9f","local_time":"20180716002122","is_ascension_mode":false,"campfire_choices":[{"floor":7.0,"key":"REST"},{"floor":12.0,"key":"REST"},{"floor":15.0,"key":"REST"},{"floor":23.0,"key":"REST"},{"floor":28.0,"key":"REST"},{"floor":30,"key":"REST"},{"data":"Adrenaline","floor":32,"key":"SMITH"}],"neow_cost":"NONE","seed_source_timestamp":0,"circlet_count":0,"master_deck":["Defend_G","Defend_G","Defend_G","Defend_G","Defend_G","Strike_G","Strike_G","Strike_G","Strike_G","Strike_G","Survivor","Neutralize","Underhanded Strike","Deadly Poison","Infinite Blades","Heel Hook","Corpse Explosion","Prepared","Blade Dance","Die Die Die","Dagger Spray","Poisoned Stab","Adrenaline+1","Underhanded Strike","Infinite Blades+1","Quick Slash","Underhanded Strike","Sucker Punch","Tools of the Trade","Eviscerate","Acrobatics","Prepared"],"special_seed":0,"relics":["Ring of the Snake","Oddly Smooth Stone","Ancient Tea Set","Vajra","Orichalcum","ClockworkSouvenir","Pear","Lizard Tail","Spirit Poop","Bag of Marbles"],"potions_floor_usage":[33],"damage_taken":[{"damage":0.0,"enemies":"Cultist","floor":1.0,"turns":4.0},{"damage":2.0,"enemies":"Jaw Worm","floor":2.0,"turns":4.0},{"damage":1.0,"enemies":"2 Louse","floor":3.0,"turns":3.0},{"damage":4.0,"enemies":"Lots of Slimes","floor":4.0,"turns":5.0},{"damage":21.0,"enemies":"3 Sentries","floor":6.0,"turns":11.0},{"damage":9.0,"enemies":"Exordium Thugs","floor":8.0,"turns":3.0},{"damage":6.0,"enemies":"Red Slaver","floor":10.0,"turns":3.0},{"damage":2.0,"enemies":"Blue Slaver","floor":11.0,"turns":3.0},{"damage":18.0,"enemies":"Lagavulin","floor":14.0,"turns":5.0},{"damage":29.0,"enemies":"Slime Boss","floor":16.0,"turns":10.0},{"damage":18.0,"enemies":"2 Thieves","floor":18.0,"turns":2.0},{"damage":4.0,"enemies":"3 Byrds","floor":19.0,"turns":4.0},{"damage":21.0,"enemies":"Centurion and Healer","floor":20.0,"turns":6.0},{"damage":15.0,"enemies":"Chosen and Byrds","floor":21.0,"turns":4.0},{"damage":32.0,"enemies":"Snake Plant","floor":24.0,"turns":5.0},{"damage":10.0,"enemies":"Centurion and Healer","floor":25.0,"turns":5.0},{"damage":5.0,"enemies":"Snecko","floor":27.0,"turns":3.0},{"damage":24.0,"enemies":"Slaver and Parasite","floor":29.0,"turns":6.0},{"damage":4,"enemies":"3 Cultists","floor":31,"turns":3},{"damage":62,"enemies":"Automaton","floor":33,"turns":8}],"seed_played":"-4856927375074536598","potions_obtained":[{"floor":2.0,"key":"AttackPotion"},{"floor":3.0,"key":"Explosive Potion"},{"floor":4.0,"key":"SteroidPotion"},{"floor":11.0,"key":"AttackPotion"},{"floor":16.0,"key":"SkillPotion"},{"floor":19.0,"key":"AttackPotion"},{"floor":25.0,"key":"Swift Potion"},{"floor":29,"key":"Fire Potion"},{"floor":31,"key":"SkillPotion"}],"is_trial":false,"path_per_floor":["M","M","M","M","?","E","R","M","T","M","M","R","$","E","R","B",null,"M","M","M","M","?","R","M","M","T","M","R","M","R","M","R"],"character_chosen":"THE_SILENT","items_purchased":["ClockworkSouvenir","Dagger Spray"],"campfire_rested":6,"item_purchase_floors":[13,13],"current_hp_per_floor":[70,68,67,63,63,42,63,54,54,48,46,67,67,59,80,51,80,62,58,37,22,22,46,14,4,4,40,64,40,64,60,60,0],"gold":321,"neow_bonus":"RANDOM_COMMON_RELIC","is_prod":false,"is_daily":false,"chose_seed":false,"campfire_upgraded":1,"win_rate":0.0,"timestamp":1531714882,"path_taken":["M","M","M","M","?","E","R","M","T","M","M","R","$","E","R","BOSS","M","M","M","M","?","R","M","M","T","M","R","M","R","M","R","BOSS"],"build_version":"2018-07-12","purchased_purges":0,"victory":false,"max_hp_per_floor":[70,70,70,70,70,70,70,70,70,70,70,70,70,80,80,80,80,80,80,80,80,80,80,80,80,80,80,80,80,80,80,80,80],"card_choices":[{"not_picked":["Backstab","Prepared"],"picked":"Underhanded Strike","floor":1.0},{"not_picked":["Slice","Flechettes"],"picked":"Deadly Poison","floor":2.0},{"not_picked":["Caltrops","Dagger Spray"],"picked":"Infinite Blades","floor":3.0},{"not_picked":["Dagger Spray","Skewer"],"picked":"Heel Hook","floor":4.0},{"not_picked":["Sucker Punch","Deadly Poison"],"picked":"Corpse Explosion","floor":6.0},{"not_picked":["Bane","Eviscerate"],"picked":"Prepared","floor":8.0},{"not_picked":["PiercingWail","Poisoned Stab"],"picked":"Blade Dance","floor":10.0},{"not_picked":["Slice","Finisher"],"picked":"Die Die Die","floor":11.0},{"not_picked":["Bouncing Flask","Endless Agony"],"picked":"Poisoned Stab","floor":14.0},{"not_picked":["Venomology","Unload"],"picked":"Adrenaline","floor":16.0},{"not_picked":["Riddle With Holes","Bane+1"],"picked":"Underhanded Strike","floor":18.0},{"not_picked":["Acrobatics+1","Deflect"],"picked":"Infinite Blades+1","floor":19.0},{"not_picked":["Bouncing Flask+1","Dodge and Roll"],"picked":"Quick Slash","floor":20.0},{"not_picked":["Riddle With Holes","Night Terror"],"picked":"Underhanded Strike","floor":21.0},{"not_picked":["Quick Slash","PiercingWail"],"picked":"Sucker Punch","floor":24.0},{"not_picked":["Expertise","Reflex"],"picked":"Tools of the Trade","floor":25.0},{"not_picked":["Prepared","Predator+1"],"picked":"Eviscerate","floor":27.0},{"not_picked":["Sucker Punch","Underhanded Strike"],"picked":"Acrobatics","floor":29},{"not_picked":["Finisher","Deflect"],"picked":"Prepared","floor":31}],"player_experience":103748,"relics_obtained":[{"floor":6.0,"key":"Vajra"},{"floor":9.0,"key":"Orichalcum"},{"floor":14.0,"key":"Pear"},{"floor":26.0,"key":"Bag of Marbles"}],"event_choices":[{"event_name":"Big Fish","player_choice":"Box","floor":5.0,"damage_taken":0.0},{"event_name":"Bonfire Elementals","player_choice":"CURSE","floor":22.0,"damage_taken":0.0}],"boss_relics":[{"not_picked":["Runic Pyramid","White Beast Statue"],"picked":"Lizard Tail"}],"items_purged_floors":[],"is_endless":false,"potions_floor_spawned":[2,3,4,8,11,16,19,25,29,31],"killed_by":"Automaton","ascension_level":0}