{"gold_per_floor":[114,289,304,319,334,334,37,67,117,117,147,162,177,207,207,307,307,322,337,67,82,97,97,127,169,256,268,295,307,334,361,373,485,547,574,601,613,429,1428,1428,1458,1458,1458,981,1011,13,28,43,43,43],"floor_reached":51,"playtime":3012,"items_purged":[],"score":1094,"play_id":"45cd45a3-a198-42f4-9bce-e2ddb4c76387","local_time":"20181231035506","daily_mods":["Cursed Run","Flight","Binary"],"is_ascension_mode":false,"campfire_choices":[{"floor":10,"key":"REST"},{"floor":15,"key":"REST"},{"floor":23,"key":"REST"},{"floor":27,"key":"REST"},{"floor":32,"key":"REST"},{"floor":40,"key":"REST"},{"floor":42,"key":"REST"},{"floor":49,"key":"REST"}],"neow_cost":"","seed_source_timestamp":0,"circlet_count":0,"master_deck":["Strike_B+1","Strike_B+1","Strike_B+1","Strike_B+1","Defend_B+1","Defend_B+1","Defend_B+1","Defend_B+1","Dualcast","Go for the Eyes","Doubt","Hologram","Coolheaded","Ball Lightning","Regret","Gash","Swift Strike","Secret Weapon","Decay","Stack","Auto Shields","All For One","FTL","Doubt","Seek","Coolheaded","Gash+1","Gash","Steam","Skim","Redo","Metamorphosis","Turbo","Gash","Go for the Eyes+1","Decay","FTL+1","Hologram","Injury","Coolheaded","Steam","Sweeping Beam+1","Normality","Normality","Decay","Swift Strike+1","Gash+1","Steam+1","Turbo+1","Jack Of All Trades+1","Metamorphosis+1","Mind Blast+1","Beam Cell+1","Coolheaded+1","Gash+1","BootSequence+1","Clumsy"],"special_seed":17896,"relics":["Cursed Key","Darkstone Periapt","Du-Vu Doll","Ornamental Fan","Symbiotic Virus","Smiling Mask","Cables","Shovel","Orrery","MawBank","Molten Egg 2","Matryoshka","Tiny House","Bag of Preparation","Kunai","Toxic Egg 2","The Courier","Anchor","Bronze Scales","ClockworkSouvenir","Oddly Smooth Stone","Unceasing Top","Pear","Pen Nib"],"potions_floor_usage":[16,25,33,33,41,50],"damage_taken":[{"damage":2,"enemies":"Small Slimes","floor":1,"turns":4},{"damage":6,"enemies":"Jaw Worm","floor":3,"turns":3},{"damage":0,"enemies":"2 Louse","floor":4,"turns":2},{"damage":2,"enemies":"Looter","floor":5,"turns":4},{"damage":14,"enemies":"Gremlin Nob","floor":8,"turns":4},{"damage":11,"enemies":"3 Sentries","floor":11,"turns":6},{"damage":6,"enemies":"2 Fungi Beasts","floor":12,"turns":2},{"damage":2,"enemies":"Exordium Wildlife","floor":13,"turns":3},{"damage":0,"enemies":"Gremlin Nob","floor":14,"turns":2},{"damage":38,"enemies":"The Guardian","floor":16,"turns":6},{"damage":11,"enemies":"3 Byrds","floor":18,"turns":4},{"damage":14,"enemies":"2 Thieves","floor":19,"turns":3},{"damage":1,"enemies":"Centurion and Healer","floor":21,"turns":4},{"damage":19,"enemies":"Snake Plant","floor":22,"turns":3},{"damage":6,"enemies":"Book of Stabbing","floor":24,"turns":4},{"damage":29,"enemies":"Gremlin Leader","floor":25,"turns":4},{"damage":19,"enemies":"Snecko","floor":28,"turns":4},{"damage":4,"enemies":"Centurion and Healer","floor":30,"turns":3},{"damage":22,"enemies":"Shelled Parasite and Fungi","floor":31,"turns":3},{"damage":9,"enemies":"Automaton","floor":33,"turns":4},{"damage":24,"enemies":"3 Darklings","floor":35,"turns":4},{"damage":11,"enemies":"Orb Walker","floor":36,"turns":3},{"damage":71,"enemies":"Giant Head","floor":41,"turns":10},{"damage":12,"enemies":"Nemesis","floor":45,"turns":3},{"damage":20,"enemies":"Writhing Mass","floor":47,"turns":4},{"damage":0,"enemies":"Spire Growth","floor":48,"turns":3},{"damage":19,"enemies":"Time Eater","floor":50,"turns":6}],"seed_played":"-1256899049179470920","potions_obtained":[{"floor":3,"key":"FocusPotion"},{"floor":11,"key":"Dexterity Potion"},{"floor":12,"key":"Block Potion"},{"floor":13,"key":"GamblersBrew"},{"floor":22,"key":"Poison Potion"},{"floor":24,"key":"AttackPotion"},{"floor":25,"key":"PowerPotion"},{"floor":31,"key":"Regen Potion"},{"floor":34,"key":"Poison Potion"},{"floor":35,"key":"SneckoOil"},{"floor":36,"key":"SpeedPotion"},{"floor":45,"key":"Fruit Juice"}],"is_trial":false,"path_per_floor":["M","?","M","M","M","?","$","E","T","R","E","M","M","E","R","B",null,"M","M","$","M","M","R","E","E","T","R","M","?","M","M","R","B",null,"M","M","?","$","?","R","E","R","T","$","E","$","M","M","R","B",null],"character_chosen":"DEFECT","items_purchased":["Gash","Swift Strike","Secret Weapon","Metamorphosis","Turbo","Gash","Bag of Preparation","Sweeping Beam+1","Swift Strike+1","Gash+1","Steam+1","Turbo+1","Jack Of All Trades+1","Metamorphosis+1","Mind Blast+1","Coolheaded+1","Bronze Scales","ClockworkSouvenir","Oddly Smooth Stone","Unceasing Top","Pear","Pen Nib"],"campfire_rested":8,"item_purchase_floors":[7,7,7,20,20,20,38,38,44,44,44,44,44,44,44,46,46,46,46,46,46,46],"current_hp_per_floor":[73,79,73,73,71,77,77,63,69,93,82,76,74,74,93,61,99,88,74,74,73,54,83,77,48,54,85,66,66,62,40,71,68,116,92,81,81,81,93,128,72,110,116,116,104,114,94,94,137,129],"gold":43,"neow_bonus":"","is_prod":false,"is_daily":true,"chose_seed":false,"campfire_upgraded":0,"win_rate":0,"timestamp":1546246506,"path_taken":["M","?","M","M","M","?","?","E","T","R","E","M","M","E","R","BOSS","M","M","$","M","M","R","E","E","T","R","M","?","M","M","R","BOSS","M","M","?","$","?","R","E","R","T","?","E","$","M","M","R","BOSS"],"build_version":"2018-12-20","purchased_purges":0,"victory":true,"max_hp_per_floor":[75,81,81,81,81,87,87,87,93,93,93,93,93,93,93,99,99,99,99,99,99,99,99,99,99,105,105,105,105,105,105,105,111,116,116,116,116,116,128,128,128,128,134,134,134,144,144,144,144,155],"card_choices":[{"not_picked":["Compile Driver"],"picked":"Go for the Eyes","floor":1},{"not_picked":["Sweeping Beam"],"picked":"Hologram","floor":3},{"not_picked":["Loop"],"picked":"Coolheaded","floor":4},{"not_picked":["Consume"],"picked":"Ball Lightning","floor":5},{"not_picked":["Barrage","Streamline"],"picked":"SKIP","floor":8},{"not_picked":["Lockon"],"picked":"Stack","floor":11},{"not_picked":["Undo"],"picked":"Auto Shields","floor":12},{"not_picked":["Static Discharge"],"picked":"All For One","floor":13},{"not_picked":["Stack"],"picked":"FTL","floor":14},{"not_picked":["Creative AI"],"picked":"Seek","floor":16},{"not_picked":["Streamline"],"picked":"Coolheaded","floor":17},{"not_picked":["Hologram"],"picked":"Gash","floor":17},{"not_picked":["Reprogram"],"picked":"Gash","floor":17},{"not_picked":["Sweeping Beam"],"picked":"Steam","floor":17},{"not_picked":["Coolheaded"],"picked":"Skim","floor":17},{"not_picked":["Consume","Lockon"],"picked":"SKIP","floor":18},{"not_picked":["Ball Lightning"],"picked":"Redo","floor":19},{"not_picked":["Ball Lightning","Multi-Cast"],"picked":"SKIP","floor":21},{"not_picked":["Darkness","Compile Driver"],"picked":"SKIP","floor":22},{"not_picked":["Tempest","Ball Lightning"],"picked":"SKIP","floor":24},{"not_picked":["Sweeping Beam"],"picked":"Go for the Eyes","floor":25},{"not_picked":["Leap","Ball Lightning+1"],"picked":"SKIP","floor":28},{"not_picked":["Go for the Eyes+1"],"picked":"FTL+1","floor":30},{"not_picked":["Stack"],"picked":"Hologram","floor":31},{"not_picked":["Stack"],"picked":"Coolheaded","floor":34},{"not_picked":["Sunder+1","Force Field"],"picked":"SKIP","floor":35},{"not_picked":["Rebound+1"],"picked":"Steam","floor":36},{"not_picked":["Heatsinks","Compile Driver+1"],"picked":"SKIP","floor":41},{"not_picked":["Conserve Battery+1"],"picked":"Beam Cell+1","floor":45},{"not_picked":["Creative AI"],"picked":"Gash+1","floor":47},{"not_picked":["Reinforced Body+1"],"picked":"BootSequence+1","floor":48}],"player_experience":67511,"relics_obtained":[{"floor":8,"key":"Symbiotic Virus"},{"floor":9,"key":"Smiling Mask"},{"floor":11,"key":"Cables"},{"floor":14,"key":"Shovel"},{"floor":24,"key":"MawBank"},{"floor":25,"key":"Molten Egg 2"},{"floor":26,"key":"Matryoshka"},{"floor":41,"key":"Kunai"},{"floor":43,"key":"Toxic Egg 2"},{"floor":43,"key":"The Courier"},{"floor":45,"key":"Anchor"}],"event_choices":[{"damage_healed":0,"gold_gain":175,"player_choice":"AGREE","damage_taken":0,"max_hp_gain":0,"max_hp_loss":0,"event_name":"Liars Game","floor":2,"gold_loss":0,"cards_obtained":["Doubt"]},{"damage_healed":0,"gold_gain":0,"player_choice":"Box","damage_taken":0,"relics_obtained":["Ornamental Fan"],"max_hp_gain":0,"max_hp_loss":0,"event_name":"Big Fish","floor":6,"gold_loss":0,"cards_obtained":["Regret"]},{"damage_healed":0,"gold_gain":0,"player_choice":"Simplicity","damage_taken":0,"max_hp_gain":0,"max_hp_loss":0,"event_name":"Back to Basics","floor":29,"gold_loss":0,"cards_upgraded":["Strike_B","Strike_B","Strike_B","Strike_B","Defend_B","Defend_B","Defend_B","Defend_B"]},{"cards_removed":["Zap"],"damage_healed":0,"gold_gain":0,"player_choice":"Removed Skill","damage_taken":0,"max_hp_gain":0,"max_hp_loss":0,"event_name":"Falling","floor":37,"gold_loss":0},{"damage_healed":0,"gold_gain":999,"player_choice":"Gold","damage_taken":0,"max_hp_gain":0,"max_hp_loss":0,"event_name":"MindBloom","floor":39,"gold_loss":0,"cards_obtained":["Normality","Normality"]}],"is_beta":false,"boss_relics":[{"not_picked":["Velvet Choker","Coffee Dripper"],"picked":"Orrery"},{"not_picked":["Lizard Tail","Inserter"],"picked":"Tiny House"}],"items_purged_floors":[],"is_endless":false,"potions_floor_spawned":[3,11,12,13,22,24,25,31,35,36,45],"ascension_level":0}