{"gold_per_floor":[109,34,47,47,60,60,89,89,89,115,135,152,169,189,189,189],"floor_reached":16,"playtime":1016,"items_purged":[],"score":200,"play_id":"bb559571-b61c-4f81-8557-6982d30bd4bc","local_time":"20190105233302","is_ascension_mode":true,"campfire_choices":[{"data":"Survivor","floor":6,"key":"SMITH"},{"floor":8,"key":"REST"},{"floor":15,"key":"REST"}],"neow_cost":"NONE","seed_source_timestamp":96398313182921,"circlet_count":0,"master_deck":["AscendersBane","Defend_G","Defend_G","Defend_G","Defend_G","Defend_G","Strike_G","Strike_G","Strike_G","Strike_G","Survivor+1","Neutralize+1","PiercingWail","Riddle With Holes","Dodge and Roll","Setup","All Out Attack","Acrobatics"],"relics":["Busted Crown","Matryoshka","Darkstone Periapt","Blue Candle","Pen Nib"],"potions_floor_usage":[7,16,16],"damage_taken":[{"damage":0,"enemies":"Jaw Worm","floor":1,"turns":5},{"damage":2,"enemies":"Small Slimes","floor":3,"turns":6},{"damage":0,"enemies":"Cultist","floor":5,"turns":5},{"damage":24,"enemies":"Lagavulin","floor":7,"turns":11},{"damage":30,"enemies":"Gremlin Nob","floor":10,"turns":6},{"damage":1,"enemies":"Red Slaver","floor":11,"turns":5},{"damage":1,"enemies":"Blue Slaver","floor":12,"turns":5},{"damage":0,"enemies":"Exordium Wildlife","floor":13,"turns":3},{"damage":0,"enemies":"3 Louse","floor":14,"turns":3},{"damage":40,"enemies":"Slime Boss","floor":16,"turns":11}],"seed_played":"-1899453136637133431","potions_obtained":[{"floor":1,"key":"Strength Potion"},{"floor":10,"key":"AttackPotion"},{"floor":11,"key":"AttackPotion"}],"is_trial":false,"path_per_floor":["M","?","M","?","M","R","E","R","T","E","M","M","M","M","R","B"],"character_chosen":"THE_SILENT","items_purchased":[],"campfire_rested":2,"item_purchase_floors":[],"current_hp_per_floor":[59,59,57,57,57,57,33,52,52,22,21,20,20,20,39,0],"gold":189,"neow_bonus":"BOSS_RELIC","is_prod":false,"is_daily":false,"chose_seed":false,"campfire_upgraded":1,"win_rate":0,"timestamp":1546749182,"path_taken":["M","?","M","?","?","R","E","R","T","E","M","M","M","M","R","BOSS"],"build_version":"2019-01-03v4","purchased_purges":0,"victory":false,"max_hp_per_floor":[66,66,66,66,66,66,66,66,66,66,66,66,66,66,66,66],"card_choices":[{"not_picked":["Tactician"],"picked":"SKIP","floor":1},{"not_picked":[],"picked":"PiercingWail","floor":3},{"not_picked":["PiercingWail"],"picked":"SKIP","floor":5},{"not_picked":[],"picked":"Riddle With Holes","floor":7},{"not_picked":[],"picked":"Dodge and Roll","floor":10},{"not_picked":[],"picked":"Setup","floor":11},{"not_picked":[],"picked":"All Out Attack","floor":12},{"not_picked":[],"picked":"Acrobatics","floor":13},{"not_picked":["Underhanded Strike"],"picked":"SKIP","floor":14}],"player_experience":835597,"relics_obtained":[{"floor":7,"key":"Matryoshka"},{"floor":9,"key":"Darkstone Periapt"},{"floor":9,"key":"Blue Candle"},{"floor":10,"key":"Pen Nib"}],"event_choices":[{"cards_removed":["Strike_G"],"damage_healed":0,"gold_gain":0,"player_choice":"Card Removal","damage_taken":0,"max_hp_gain":0,"max_hp_loss":0,"event_name":"The Cleric","floor":2,"gold_loss":75},{"damage_healed":0,"gold_gain":0,"player_choice":"Upgraded","damage_taken":0,"max_hp_gain":0,"max_hp_loss":0,"event_name":"Upgrade Shrine","floor":4,"gold_loss":0,"cards_upgraded":["Neutralize"]}],"is_beta":false,"boss_relics":[],"items_purged_floors":[],"is_endless":false,"potions_floor_spawned":[1,10,11],"killed_by":"Slime Boss","ascension_level":15}