{"gold_per_floor":[116,133,133,148,173,217,217,248,271,271,295,295,316,351,351,476,476,491,530,546,546],"floor_reached":21,"playtime":1741,"items_purged":[],"score":347,"play_id":"6b35078a-48b5-4792-a825-13d1f95a89a6","local_time":"20181112144600","is_ascension_mode":true,"campfire_choices":[{"floor":7.0,"key":"REST"},{"floor":10.0,"key":"REST"},{"data":"Bullet Time","floor":12.0,"key":"SMITH"},{"floor":15.0,"key":"REST"}],"neow_cost":"NONE","seed_source_timestamp":0,"circlet_count":0,"master_deck":["AscendersBane","Survivor","Neutralize","Dagger Throw","Backflip","Injury","Predator","Bullet Time+1","Skewer","Endless Agony","Noxious Fumes","Acrobatics","Backflip","After Image","Backflip","Bane","Slice","Catalyst","Quick Slash","Dagger Throw","PiercingWail","Dagger Spray","Backflip","Well Laid Plans","Skewer+1","Cloak And Dagger","Backflip"],"special_seed":0,"relics":["Ring of the Snake","Golden Idol","Bronze Scales","Blood Vial","Omamori","Potion Belt","Pandora\u0027s Box","Red Mask"],"potions_floor_usage":[19],"damage_taken":[{"damage":3.0,"enemies":"Cultist","floor":1.0,"turns":5.0},{"damage":0.0,"enemies":"Small Slimes","floor":2.0,"turns":3.0},{"damage":4.0,"enemies":"Jaw Worm","floor":4.0,"turns":6.0},{"damage":14.0,"enemies":"Large Slime","floor":5.0,"turns":12.0},{"damage":30.0,"enemies":"Gremlin Nob","floor":6.0,"turns":4.0},{"damage":15.0,"enemies":"3 Sentries","floor":8.0,"turns":8.0},{"damage":0.0,"enemies":"Blue Slaver","floor":11.0,"turns":2.0},{"damage":12.0,"enemies":"Gremlin Gang","floor":13.0,"turns":4.0},{"damage":12.0,"enemies":"Lagavulin","floor":14.0,"turns":6.0},{"damage":38,"enemies":"Hexaghost","floor":16,"turns":11},{"damage":16,"enemies":"Shell Parasite","floor":18,"turns":6},{"damage":47,"enemies":"Masked Bandits","floor":19,"turns":5},{"damage":0,"enemies":"Chosen","floor":20,"turns":4},{"damage":8,"enemies":"Snake Plant","floor":21,"turns":2}],"seed_played":"-7065814116159763258","potions_obtained":[{"floor":2.0,"key":"Explosive Potion"},{"floor":6.0,"key":"Poison Potion"},{"floor":11.0,"key":"Energy Potion"},{"floor":13.0,"key":"PowerPotion"},{"floor":14.0,"key":"AttackPotion"},{"floor":18,"key":"Energy Potion"}],"is_trial":false,"path_per_floor":["M","M","?","M","M","E","R","E","T","R","M","R","M","E","R","B",null,"M","?","M","M"],"character_chosen":"THE_SILENT","items_purchased":[],"campfire_rested":3,"item_purchase_floors":[],"current_hp_per_floor":[67,67,67,63,49,19,42,27,27,50,52,52,42,32,55,19,63,49,4,6,0],"gold":546,"neow_bonus":"TEN_PERCENT_HP_BONUS","is_prod":false,"is_daily":false,"chose_seed":false,"campfire_upgraded":1,"win_rate":0,"timestamp":1542051960,"path_taken":["M","M","?","M","M","E","R","E","T","R","M","R","M","E","R","BOSS","M","?","M","M"],"build_version":"2018-11-08","purchased_purges":0,"victory":false,"max_hp_per_floor":[77,77,77,77,77,77,77,77,77,77,77,77,77,77,77,77,77,77,77,77,77],"card_choices":[{"not_picked":["Poisoned Stab","Slice"],"picked":"Dagger Throw","floor":1.0},{"not_picked":["Deflect","Catalyst"],"picked":"Backflip","floor":2.0},{"not_picked":["Bane","Quick Slash"],"picked":"Predator","floor":4.0},{"not_picked":["PiercingWail","Cloak And Dagger"],"picked":"Bullet Time","floor":5.0},{"not_picked":["Dagger Spray","Dodge and Roll"],"picked":"Skewer","floor":6.0},{"not_picked":["Bane","Bullet Time"],"picked":"Endless Agony","floor":8.0},{"not_picked":["Prepared","Dodge and Roll"],"picked":"Noxious Fumes","floor":11.0},{"not_picked":["Dagger Spray","Bane"],"picked":"Acrobatics","floor":13.0},{"not_picked":["Outmaneuver","Dodge and Roll"],"picked":"Backflip","floor":14.0},{"not_picked":["Die Die Die","Malaise"],"picked":"After Image","floor":16},{"not_picked":["Masterful Stab","Blade Dance"],"picked":"Skewer+1","floor":18},{"not_picked":["PiercingWail","Deadly Poison"],"picked":"Cloak And Dagger","floor":19},{"not_picked":["Backstab","Flechettes"],"picked":"Backflip","floor":20}],"player_experience":746046,"relics_obtained":[{"floor":6.0,"key":"Bronze Scales"},{"floor":8.0,"key":"Blood Vial"},{"floor":9.0,"key":"Omamori"},{"floor":14.0,"key":"Potion Belt"},{"floor":19,"key":"Red Mask"}],"event_choices":[{"damage_healed":0.0,"max_hp_gain":0.0,"max_hp_loss":0.0,"gold_gain":0.0,"event_name":"Golden Idol","player_choice":"Take Wound","floor":3.0,"gold_loss":0.0,"damage_taken":0.0,"relics_obtained":["Golden Idol"],"cards_obtained":["Injury"]},{"damage_healed":0,"gold_gain":0,"player_choice":"Fought Bandits","damage_taken":0,"max_hp_gain":0,"max_hp_loss":0,"event_name":"Masked Bandits","floor":19,"gold_loss":0}],"is_beta":false,"boss_relics":[{"not_picked":["Lizard Tail","Tiny House"],"picked":"Pandora\u0027s Box"}],"items_purged_floors":[],"is_endless":false,"potions_floor_spawned":[2,6,11,13,14,18],"killed_by":"Snake Plant","ascension_level":12}