{"gold_per_floor":[111,128,28,28,28,63,80,80,80,111,131,31,31,31,31,128,128,139,139,153,172,97,97,107,107,107,140,154,154,154,174,174,270,320,338,338,39,54,54,54,84,84,138,492,492,492,521,534,534,534],"floor_reached":51,"playtime":2889,"items_purged":["Strike_G","Strike_G","Strike_G"],"score":1053,"play_id":"9ed52e7f-89c4-474b-8960-7c76ff497059","local_time":"20181001213101","is_ascension_mode":true,"campfire_choices":[{"floor":8.0,"key":"REST"},{"floor":13.0,"key":"REST"},{"floor":15.0,"key":"REST"},{"data":"Dash","floor":23.0,"key":"SMITH"},{"data":"Catalyst","floor":25.0,"key":"SMITH"},{"floor":29.0,"key":"REST"},{"floor":32.0,"key":"REST"},{"data":"Adrenaline","floor":40,"key":"SMITH"},{"data":"Deadly Poison","floor":42,"key":"SMITH"},{"data":"Backflip","floor":45,"key":"SMITH"},{"floor":49,"key":"REST"}],"neow_cost":"PERCENT_DAMAGE","seed_source_timestamp":0,"circlet_count":0,"master_deck":["Defend_G","Defend_G","Defend_G","Strike_G+1","Strike_G","Survivor","Neutralize","Poisoned Stab+1","Dash+1","Bane+1","Deadly Poison+1","Catalyst+1","Corpse Explosion","Adrenaline+1","Blur+1","Catalyst","All Out Attack+1","Slice+1","Dodge and Roll","Backflip+1","Quick Slash+1","Prepared+1","Dagger Throw+1","Bouncing Flask+1"],"special_seed":0,"relics":["Ring of the Snake","Turnip","Peace Pipe","Pen Nib","Bronze Scales","Busted Crown","FaceOfCleric","Kunai","Molten Egg 2","Tiny House","Whetstone","Anchor","Regal Pillow","Old Coin","Bottled Lightning","Toxic Egg 2"],"potions_floor_usage":[35,41,50,50,50],"damage_taken":[{"damage":1.0,"enemies":"2 Louse","floor":1.0,"turns":4.0},{"damage":4.0,"enemies":"Jaw Worm","floor":2.0,"turns":5.0},{"damage":19.0,"enemies":"3 Sentries","floor":6.0,"turns":11.0},{"damage":0.0,"enemies":"Cultist","floor":7.0,"turns":3.0},{"damage":33.0,"enemies":"Gremlin Nob","floor":10.0,"turns":4.0},{"damage":13.0,"enemies":"Exordium Thugs","floor":11.0,"turns":7.0},{"damage":43.0,"enemies":"Hexaghost","floor":16.0,"turns":7.0},{"damage":0.0,"enemies":"Chosen","floor":18.0,"turns":3.0},{"damage":10.0,"enemies":"Shell Parasite","floor":20.0,"turns":3.0},{"damage":8.0,"enemies":"Cultist and Chosen","floor":21.0,"turns":4.0},{"damage":0.0,"enemies":"3 Cultists","floor":24.0,"turns":2.0},{"damage":26.0,"enemies":"Book of Stabbing","floor":27.0,"turns":5.0},{"damage":9.0,"enemies":"Snecko","floor":28.0,"turns":4.0},{"damage":20.0,"enemies":"Colosseum Slavers","floor":30.0,"turns":5.0},{"damage":0.0,"enemies":"Sentry and Sphere","floor":31.0,"turns":3.0},{"damage":29.0,"enemies":"Automaton","floor":33.0,"turns":6.0},{"damage":6,"enemies":"3 Shapes","floor":35,"turns":3},{"damage":8,"enemies":"Orb Walker","floor":38,"turns":2},{"damage":18,"enemies":"2 Orb Walkers","floor":41,"turns":4},{"damage":17,"enemies":"Mysterious Sphere","floor":44,"turns":3},{"damage":37,"enemies":"Giant Head","floor":47,"turns":7},{"damage":0,"enemies":"Transient","floor":48,"turns":5},{"damage":33,"enemies":"Donu and Deca","floor":50,"turns":6}],"seed_played":"-6473548456936174492","potions_obtained":[{"floor":6.0,"key":"PowerPotion"},{"floor":7.0,"key":"AttackPotion"},{"floor":11.0,"key":"LiquidBronze"},{"floor":21.0,"key":"FearPotion"},{"floor":28.0,"key":"Fire Potion"},{"floor":33.0,"key":"SkillPotion"},{"floor":34,"key":"Weak Potion"},{"floor":35,"key":"Dexterity Potion"},{"floor":47,"key":"FearPotion"}],"is_trial":false,"path_per_floor":["M","M","$","?","?","E","M","R","T","E","M","$","R","T","R","B",null,"M","?","M","M","?","R","M","R","T","E","M","R","?","M","R","B",null,"M","?","$","M","?","R","E","R","T","?","R","T","E","M","R","B"],"character_chosen":"THE_SILENT","items_purchased":["Bane","Whetstone","Backflip"],"campfire_rested":6,"item_purchase_floors":[3,37,37],"current_hp_per_floor":[55,51,51,56,56,37,37,63,63,30,17,17,43,43,69,26,73,73,73,64,57,57,57,58,58,58,33,25,53,34,35,63,35,87,82,113,113,106,106,106,89,89,89,73,73,73,37,38,88,56],"gold":534,"neow_bonus":"TWENTY_PERCENT_HP_BONUS","is_prod":false,"is_daily":false,"chose_seed":false,"campfire_upgraded":5,"win_rate":0,"timestamp":1538443861,"path_taken":["M","M","$","?","?","E","M","R","T","E","M","?","R","?","R","BOSS","M","?","M","M","?","R","M","R","T","E","M","R","?","M","R","BOSS","M","?","?","?","?","R","E","R","T","?","R","?","E","M","R","BOSS"],"build_version":"2018-09-27","purchased_purges":3,"victory":true,"max_hp_per_floor":[84,84,84,89,89,89,89,89,89,89,89,89,89,89,89,89,89,89,89,90,91,91,91,92,92,92,93,94,94,95,96,96,97,102,103,113,113,114,114,114,115,115,115,116,116,116,117,118,118,119],"card_choices":[{"not_picked":["Underhanded Strike","Blade Dance"],"picked":"Poisoned Stab","floor":1.0},{"not_picked":["Flying Knee","PiercingWail"],"picked":"Dash","floor":2.0},{"not_picked":["Dagger Spray","Phantasmal Killer"],"picked":"Dagger Throw","floor":6.0},{"not_picked":["Underhanded Strike","Flying Knee"],"picked":"Deadly Poison","floor":7.0},{"not_picked":["Calculated Gamble","Deadly Poison"],"picked":"Catalyst","floor":10.0},{"not_picked":["Underhanded Strike","Leg Sweep"],"picked":"Corpse Explosion","floor":11.0},{"not_picked":["Burst","Venomology"],"picked":"Adrenaline","floor":16.0},{"not_picked":[],"picked":"Blur+1","floor":18.0},{"not_picked":[],"picked":"Catalyst","floor":20.0},{"not_picked":["Outmaneuver"],"picked":"SKIP","floor":21.0},{"not_picked":[],"picked":"All Out Attack+1","floor":24.0},{"not_picked":[],"picked":"Slice","floor":27.0},{"not_picked":["Finisher+1"],"picked":"SKIP","floor":28.0},{"not_picked":["Deflect"],"picked":"SKIP","floor":31.0},{"not_picked":[],"picked":"Doppelganger","floor":33.0},{"not_picked":[],"picked":"Dodge and Roll","floor":35},{"not_picked":[],"picked":"Quick Slash+1","floor":38},{"not_picked":[],"picked":"Prepared+1","floor":41},{"not_picked":[],"picked":"Dagger Throw+1","floor":44},{"not_picked":["Calculated Gamble"],"picked":"SKIP","floor":47},{"not_picked":[],"picked":"Bouncing Flask+1","floor":48}],"player_experience":529225,"relics_obtained":[{"floor":6.0,"key":"Turnip"},{"floor":9.0,"key":"Peace Pipe"},{"floor":10.0,"key":"Pen Nib"},{"floor":14.0,"key":"Bronze Scales"},{"floor":26.0,"key":"Kunai"},{"floor":27.0,"key":"Molten Egg 2"},{"floor":41,"key":"Anchor"},{"floor":43,"key":"Regal Pillow"},{"floor":44,"key":"Old Coin"},{"floor":46,"key":"Bottled Lightning"},{"floor":47,"key":"Toxic Egg 2"}],"event_choices":[{"event_name":"Big Fish","player_choice":"Donut","floor":4.0,"damage_taken":0.0},{"event_name":"Purifier","player_choice":"One Purge","floor":5.0,"damage_taken":0.0},{"event_name":"FaceTrader","player_choice":"Trade","floor":19.0,"damage_taken":0.0},{"event_name":"Beggar","player_choice":"Gave Gold","floor":22.0,"damage_taken":0.0},{"event_name":"Colosseum","player_choice":"Fight","floor":30.0,"damage_taken":0.0},{"event_name":"Colosseum","player_choice":"Fled From Nobs","floor":30.0,"damage_taken":0.0},{"event_name":"Bonfire Elementals","player_choice":"RARE","floor":36,"damage_taken":0},{"event_name":"Falling","player_choice":"Removed Attack","floor":39,"damage_taken":0},{"event_name":"Mysterious Sphere","player_choice":"Fight","floor":44,"damage_taken":0}],"is_beta":false,"boss_relics":[{"not_picked":["Lizard Tail","Runic Pyramid"],"picked":"Busted Crown"},{"not_picked":["Black Star","HoveringKite"],"picked":"Tiny House"}],"items_purged_floors":[3,12,37],"is_endless":false,"potions_floor_spawned":[6,7,11,21,28,30,33,35,47],"ascension_level":7}