{"gold_per_floor":[110,127,137,148,168,168,40,70,95,60,60,60,60,133,133,238,238,258,258,7,26,46,81,93,151,188,200,212,240,252,25,25,127,127,143,154,167,46,0,0,12,30,98,110,130,130,146,146,146,146],"floor_reached":51,"playtime":13254,"items_purged":["Defend_B"],"score":760,"play_id":"f0d133a4-dbf1-411c-8140-d24ff7214973","local_time":"20180907222640","is_ascension_mode":true,"campfire_choices":[{"data":"Zap","floor":6.0,"key":"SMITH"},{"data":"Reinforced Body","floor":15.0,"key":"SMITH"},{"floor":28,"key":"REST"},{"floor":30,"key":"REST"},{"floor":32,"key":"REST"},{"floor":40,"key":"REST"},{"floor":46,"key":"REST"},{"floor":49,"key":"REST"}],"neow_cost":"NONE","seed_source_timestamp":0,"circlet_count":0,"master_deck":["Strike_B+1","Strike_B+1","Strike_B+1","Strike_B+1","Defend_B+1","Defend_B+1","Defend_B+1","Zap+1","Dualcast","Beam Cell","Reinforced Body+1","Steam","Compile Driver","Echo Form+1","Stack","Self Repair","Meteor Strike","White Noise+1","Apotheosis","Aggregate","Redo+1","Machine Learning","Core Surge","Lockon+1","Thunder Strike","Redo","Hello World","All For One","Redo+1","Darkness+1","Electrodynamics","Ball Lightning","Storm+1","Compile Driver+1","Conserve Battery"],"special_seed":0,"relics":["Cracked Core","Anchor","Lantern","Juzu Bracelet","Symbiotic Virus","Fusion Hammer","Nilry\u0027s Codex","MawBank","Blood Vial","Bronze Scales","MutagenicStrength","Busted Crown","Red Mask","Molten Egg 2"],"potions_floor_usage":[33,44,45,50,50],"damage_taken":[{"damage":1.0,"enemies":"Cultist","floor":1.0,"turns":3.0},{"damage":0.0,"enemies":"Jaw Worm","floor":2.0,"turns":3.0},{"damage":0.0,"enemies":"Small Slimes","floor":3.0,"turns":3.0},{"damage":0.0,"enemies":"Looter","floor":4.0,"turns":3.0},{"damage":4.0,"enemies":"Exordium Thugs","floor":5.0,"turns":4.0},{"damage":37.0,"enemies":"Gremlin Nob","floor":8.0,"turns":5.0},{"damage":18.0,"enemies":"Slime Boss","floor":16.0,"turns":9.0},{"damage":6.0,"enemies":"Shell Parasite","floor":18.0,"turns":5.0},{"damage":0.0,"enemies":"Spheric Guardian","floor":21.0,"turns":4.0},{"damage":20.0,"enemies":"Shelled Parasite and Fungi","floor":22.0,"turns":3.0},{"damage":31.0,"enemies":"Slavers","floor":23.0,"turns":6.0},{"damage":26.0,"enemies":"Gremlin Leader","floor":25.0,"turns":7.0},{"damage":0,"enemies":"Snake Plant","floor":29,"turns":3},{"damage":21,"enemies":"Champ","floor":33,"turns":7},{"damage":0,"enemies":"Orb Walker","floor":35,"turns":3},{"damage":0,"enemies":"3 Shapes","floor":36,"turns":4},{"damage":49,"enemies":"Sphere and 2 Shapes","floor":37,"turns":4},{"damage":0,"enemies":"Spire Growth","floor":41,"turns":4},{"damage":25,"enemies":"Maw","floor":42,"turns":5},{"damage":0,"enemies":"Transient","floor":44,"turns":5},{"damage":22,"enemies":"3 Darklings","floor":45,"turns":4},{"damage":0,"enemies":"Maw","floor":47,"turns":4},{"damage":33,"enemies":"Donu and Deca","floor":50,"turns":6}],"seed_played":"-385168699528664640","potions_obtained":[{"floor":5.0,"key":"Explosive Potion"},{"floor":8.0,"key":"Block Potion"},{"floor":16.0,"key":"FearPotion"},{"floor":21.0,"key":"GamblersBrew"},{"floor":29,"key":"PowerPotion"},{"floor":33,"key":"Dexterity Potion"},{"floor":44,"key":"Dexterity Potion"},{"floor":47,"key":"SpeedPotion"},{"floor":48,"key":"Energy Potion"}],"is_trial":false,"path_per_floor":["M","M","M","M","M","R","$","E","T","?","?","$","$","T","R","B",null,"M","?","$","M","M","E","?","E","T","?","R","M","R","$","R","B",null,"M","M","M","$","?","R","M","M","T","M","M","R","M","?","R","B"],"character_chosen":"DEFECT","items_purchased":["Echo Form","Stack","Apotheosis","Thunder Strike","Redo","Hello World","Electrodynamics","Ball Lightning"],"campfire_rested":6,"item_purchase_floors":[7,7,20,31,31,31,38,38],"current_hp_per_floor":[74,74,74,74,70,70,70,33,33,51,51,51,51,51,51,40,75,75,59,59,75,55,45,45,39,39,39,61,73,75,75,75,54,75,75,75,33,33,33,55,57,34,34,36,16,38,47,47,69,55],"gold":146,"neow_bonus":"RANDOM_COMMON_RELIC","is_prod":false,"is_daily":false,"chose_seed":false,"campfire_upgraded":2,"win_rate":0,"timestamp":1536373600,"path_taken":["M","?","M","M","M","R","$","E","T","?","?","?","$","?","R","BOSS","M","?","$","M","M","E","?","E","T","?","R","M","R","$","R","BOSS","M","M","M","$","?","R","M","M","T","M","M","R","M","?","R","BOSS"],"build_version":"2018-09-06","purchased_purges":1,"victory":true,"max_hp_per_floor":[75,75,75,75,75,75,75,75,75,75,75,75,75,75,75,75,75,75,75,75,75,75,75,75,75,75,75,75,75,75,75,75,75,75,75,75,75,75,75,75,75,75,75,75,75,75,75,75,75,75],"card_choices":[{"not_picked":["Turbo","Leap"],"picked":"Beam Cell","floor":1.0},{"not_picked":["Leap","Turbo"],"picked":"Reinforced Body","floor":2.0},{"not_picked":["Recycle","Rebound"],"picked":"Steam","floor":3.0},{"not_picked":["Melter","Scrape","Barrage"],"picked":"SKIP","floor":4.0},{"not_picked":["Gash","Leap"],"picked":"Compile Driver","floor":5.0},{"not_picked":["Redo","Conserve Battery"],"picked":"Self Repair","floor":8.0},{"not_picked":["Fission","Rainbow"],"picked":"Meteor Strike","floor":16.0},{"not_picked":["Darkness","Streamline+1"],"picked":"White Noise+1","floor":18.0},{"not_picked":["Hologram+1","Stack+1"],"picked":"Aggregate","floor":21.0},{"not_picked":["Rebound","Steam Power"],"picked":"Redo+1","floor":22.0},{"not_picked":["Reprogram+1","Steam"],"picked":"Machine Learning","floor":23.0},{"not_picked":["Sweeping Beam","Stack"],"picked":"Core Surge","floor":25},{"not_picked":["Steam","Hologram"],"picked":"Lockon+1","floor":29},{"not_picked":["Rainbow","Hyperbeam"],"picked":"All For One","floor":33},{"not_picked":[],"picked":"Redo+1","floor":35},{"not_picked":[],"picked":"Darkness+1","floor":36},{"not_picked":["Streamline+1"],"picked":"SKIP","floor":37},{"not_picked":["Stack"],"picked":"SKIP","floor":41},{"not_picked":[],"picked":"Storm+1","floor":42},{"not_picked":["Steam"],"picked":"SKIP","floor":44},{"not_picked":[],"picked":"Compile Driver+1","floor":45},{"not_picked":[],"picked":"Conserve Battery","floor":47}],"player_experience":311231,"relics_obtained":[{"floor":8.0,"key":"Lantern"},{"floor":9.0,"key":"Juzu Bracelet"},{"floor":14.0,"key":"Symbiotic Virus"},{"floor":19.0,"key":"Nilry\u0027s Codex"},{"floor":23.0,"key":"MawBank"},{"floor":25,"key":"Blood Vial"},{"floor":26,"key":"Bronze Scales"},{"floor":43,"key":"Molten Egg 2"}],"event_choices":[{"event_name":"The Cleric","player_choice":"Healed","floor":10.0,"damage_taken":0.0},{"event_name":"Upgrade Shrine","player_choice":"Upgraded","floor":11.0,"damage_taken":0.0},{"event_name":"Cursed Tome","player_choice":"Obtained Book","floor":19.0,"damage_taken":0.0},{"event_name":"Back to Basics","player_choice":"Simplicity","floor":24.0,"damage_taken":0.0},{"event_name":"Drug Dealer","player_choice":"Inject Mutagens","floor":27,"damage_taken":0},{"event_name":"Tomb of Lord Red Mask","player_choice":"Paid","floor":39,"damage_taken":0},{"event_name":"The Lab","player_choice":"Got Potions","floor":48,"damage_taken":0}],"is_beta":false,"boss_relics":[{"not_picked":["Pandora\u0027s Box","Orrery"],"picked":"Fusion Hammer"},{"not_picked":["Empty Cage","FrozenCore"],"picked":"Busted Crown"}],"items_purged_floors":[20],"is_endless":false,"potions_floor_spawned":[5,8,16,21,23,29,33,37,41,44,47],"ascension_level":3}