{"gold_per_floor":[114,128,35,35,47,77,77,105,128,141,43,59,76,92,92,92],"floor_reached":16,"playtime":623,"items_purged":["Strike_B"],"score":120,"play_id":"edd2829e-8527-4193-b22c-94f7907ead6f","local_time":"20190210051725","is_ascension_mode":true,"campfire_choices":[{"floor":7,"key":"REST"},{"floor":15,"key":"REST"}],"neow_cost":"NONE","seed_source_timestamp":407926150296686,"circlet_count":0,"master_deck":["Strike_B","Strike_B","Defend_B","Defend_B","Defend_B","Defend_B","Zap","Dualcast","All For One","Rebound","Gash","Scrape","Aggregate","Scrape","Compile Driver","Beam Cell","Hologram","Gash"],"relics":["Cracked Core","Smiling Mask","Regal Pillow","Strawberry"],"potions_floor_usage":[14,16,16],"damage_taken":[{"damage":8,"enemies":"2 Louse","floor":1,"turns":3},{"damage":1,"enemies":"Cultist","floor":2,"turns":3},{"damage":6,"enemies":"Jaw Worm","floor":5,"turns":3},{"damage":26,"enemies":"3 Sentries","floor":6,"turns":7},{"damage":26,"enemies":"Lagavulin","floor":8,"turns":5},{"damage":11,"enemies":"Red Slaver","floor":10,"turns":3},{"damage":7,"enemies":"3 Louse","floor":12,"turns":2},{"damage":10,"enemies":"Looter","floor":13,"turns":2},{"damage":4,"enemies":"Blue Slaver","floor":14,"turns":4},{"damage":48,"enemies":"The Guardian","floor":16,"turns":8}],"seed_played":"-3566078514864216340","potions_obtained":[{"floor":8,"key":"Poison Potion"},{"floor":10,"key":"SkillPotion"},{"floor":13,"key":"LiquidBronze"}],"is_trial":false,"path_per_floor":["M","M","$","?","M","E","R","E","T","M","$","M","M","M","R","B"],"character_chosen":"DEFECT","items_purchased":["Gash","Scrape","Beam Cell"],"campfire_rested":2,"item_purchase_floors":[3,3,11],"current_hp_per_floor":[67,66,66,66,60,34,56,30,37,26,26,19,9,5,44,0],"gold":92,"neow_bonus":"ONE_RANDOM_RARE_CARD","is_prod":false,"is_daily":false,"chose_seed":false,"campfire_upgraded":0,"win_rate":0,"timestamp":1549793845,"path_taken":["M","M","$","?","?","E","R","E","T","M","?","M","M","?","R","BOSS"],"build_version":"2019-01-23","purchased_purges":1,"victory":false,"max_hp_per_floor":[75,75,75,75,75,75,75,75,82,82,82,82,82,82,82,82],"card_choices":[{"not_picked":["Cold Snap","Coolheaded"],"picked":"Rebound","floor":1},{"not_picked":["Tempest","Hello World","Sunder"],"picked":"SKIP","floor":2},{"not_picked":["Undo","Conserve Battery"],"picked":"Scrape","floor":5},{"not_picked":["Heatsinks","Redo"],"picked":"Compile Driver","floor":6},{"not_picked":["Meteor Strike","Sweeping Beam","Conserve Battery"],"picked":"SKIP","floor":8},{"not_picked":["Compile Driver","Blizzard","Ball Lightning"],"picked":"SKIP","floor":10},{"not_picked":["Redo","Barrage","Reinforced Body"],"picked":"SKIP","floor":12},{"not_picked":["Cold Snap","Lockon"],"picked":"Hologram","floor":13},{"not_picked":["Defragment","Compile Driver"],"picked":"Gash","floor":14}],"player_experience":123713,"relics_obtained":[{"floor":6,"key":"Smiling Mask"},{"floor":8,"key":"Regal Pillow"},{"floor":9,"key":"Strawberry"}],"event_choices":[{"damage_healed":0,"gold_gain":0,"cards_transformed":["Strike_B"],"player_choice":"Transformed","damage_taken":0,"max_hp_gain":0,"max_hp_loss":0,"event_name":"Transmorgrifier","floor":4,"gold_loss":0,"cards_obtained":["Aggregate"]}],"is_beta":false,"boss_relics":[],"items_purged_floors":[11],"is_endless":false,"potions_floor_spawned":[8,10,13],"killed_by":"The Guardian","ascension_level":1}