{"gold_per_floor":[212,212,235,9,28,93,268,193,193,193,193],"floor_reached":11,"playtime":806,"items_purged":["Doubt"],"score":78,"play_id":"ad672ab5-8dfc-4a7e-8b11-436769057453","local_time":"20190212001327","is_ascension_mode":true,"campfire_choices":[{"data":"Rampage","floor":10,"key":"SMITH"}],"neow_cost":"NONE","seed_source_timestamp":0,"circlet_count":0,"master_deck":["Strike_R","Strike_R","Strike_R","Strike_R","Strike_R","Defend_R","Defend_R","Defend_R","Defend_R","Bash","Shockwave","Rampage+1","Limit Break","Feel No Pain","Entrench"],"special_seed":0,"relics":["Burning Blood","Golden Idol","Tiny Chest","Mummified Hand"],"potions_floor_usage":[6],"damage_taken":[{"damage":16,"enemies":"Small Slimes","floor":1,"turns":4},{"damage":4,"enemies":"2 Louse","floor":3,"turns":4},{"damage":9,"enemies":"Jaw Worm","floor":5,"turns":4},{"damage":27,"enemies":"3 Sentries","floor":6,"turns":9},{"damage":33,"enemies":"Lots of Slimes","floor":11,"turns":2}],"seed_played":"3862212802435792113","potions_obtained":[{"floor":5,"key":"Explosive Potion"}],"is_trial":false,"path_per_floor":["M","?","M","$","M","E","?","$","T","R","M"],"character_chosen":"IRONCLAD","items_purchased":["Limit Break","Feel No Pain"],"campfire_rested":0,"item_purchase_floors":[4,4],"current_hp_per_floor":[70,50,52,52,49,28,28,28,28,28,0],"gold":193,"neow_bonus":"HUNDRED_GOLD","is_prod":false,"is_daily":false,"chose_seed":false,"campfire_upgraded":1,"win_rate":0,"timestamp":1549926807,"path_taken":["M","?","M","$","M","E","?","$","T","R","M"],"build_version":"2019-01-23","purchased_purges":1,"victory":false,"max_hp_per_floor":[80,80,80,80,80,80,80,80,80,80,80],"card_choices":[{"not_picked":["Sword Boomerang","Warcry"],"picked":"Shockwave","floor":1},{"not_picked":["Battle Trance","Perfected Strike"],"picked":"Rampage","floor":3},{"not_picked":["Anger","Warcry"],"picked":"Entrench","floor":5},{"not_picked":["Berserk","Clash","Dual Wield"],"picked":"SKIP","floor":6}],"player_experience":354943,"relics_obtained":[{"floor":6,"key":"Tiny Chest"},{"floor":9,"key":"Mummified Hand"}],"event_choices":[{"damage_healed":0,"gold_gain":0,"player_choice":"Take Damage","damage_taken":20,"relics_obtained":["Golden Idol"],"max_hp_gain":0,"max_hp_loss":0,"event_name":"Golden Idol","floor":2,"gold_loss":0},{"damage_healed":0,"gold_gain":175,"player_choice":"AGREE","damage_taken":0,"max_hp_gain":0,"max_hp_loss":0,"event_name":"Liars Game","floor":7,"gold_loss":0,"cards_obtained":["Doubt"]}],"is_beta":false,"boss_relics":[],"items_purged_floors":[8],"is_endless":false,"potions_floor_spawned":[5],"killed_by":"Lots of Slimes","ascension_level":2}