{"gold_per_floor":[109,119,131,147,165,195,195,223,249,279,291,378,390,414,426,514,526,556,568,505,537,560,572],"floor_reached":23,"playtime":2615,"items_purged":[],"score":376,"play_id":"76618df2-c6f2-4473-b3a5-c56f2d2b3f3e","local_time":"20190201220833","is_ascension_mode":true,"campfire_choices":[{"floor":7.0,"key":"REST"},{"floor":11.0,"key":"REST"},{"data":"Whirlwind","floor":15.0,"key":"SMITH"}],"neow_cost":"NONE","seed_source_timestamp":531820417537479,"circlet_count":0,"master_deck":["AscendersBane","Bash","Impervious","Flame Barrier","Disarm","Pommel Strike","Metallicize","Pommel Strike","Ghostly Armor","Whirlwind+1","Anger","Offering","Cleave","Anger","Shrug It Off","Limit Break","Combust","Inflame","Havoc","Body Slam","Disarm","J.A.X.","Pommel Strike","True Grit+1"],"special_seed":0,"relics":["Burning Blood","Lantern","Anchor","Art of War","MawBank","Pandora\u0027s Box"],"potions_floor_usage":[21,22,23],"damage_taken":[{"damage":3.0,"enemies":"Small Slimes","floor":1.0,"turns":5.0},{"damage":0.0,"enemies":"2 Louse","floor":2.0,"turns":4.0},{"damage":7.0,"enemies":"Jaw Worm","floor":3.0,"turns":5.0},{"damage":6.0,"enemies":"Looter","floor":4.0,"turns":4.0},{"damage":26.0,"enemies":"Exordium Wildlife","floor":5.0,"turns":8.0},{"damage":28.0,"enemies":"Gremlin Nob","floor":6.0,"turns":5.0},{"damage":15.0,"enemies":"Lagavulin","floor":8.0,"turns":10.0},{"damage":2.0,"enemies":"Large Slime","floor":14.0,"turns":6.0},{"damage":57.0,"enemies":"Slime Boss","floor":16.0,"turns":15.0},{"damage":7.0,"enemies":"3 Byrds","floor":18.0,"turns":4.0},{"damage":23,"enemies":"Spheric Guardian","floor":21,"turns":4},{"damage":23,"enemies":"Snecko","floor":22,"turns":7},{"damage":35,"enemies":"Slavers","floor":23,"turns":3}],"seed_played":"-733083778376076827","potions_obtained":[{"floor":1.0,"key":"AttackPotion"},{"floor":4.0,"key":"Dexterity Potion"},{"floor":5.0,"key":"BloodPotion"},{"floor":8.0,"key":"GamblersBrew"},{"floor":14.0,"key":"EssenceOfSteel"},{"floor":21,"key":"Strength Potion"}],"is_trial":false,"path_per_floor":["M","M","M","M","M","E","R","E","T","?","R","?","?","M","R","B",null,"M","?","?","M","M","E"],"character_chosen":"IRONCLAD","items_purchased":[],"campfire_rested":2,"item_purchase_floors":[],"current_hp_per_floor":[71,75,74,74,54,32,54,45,45,45,67,56,56,60,60,9,59,58,58,58,48,31,0],"gold":572,"neow_bonus":"ONE_RANDOM_RARE_CARD","is_prod":false,"is_daily":false,"chose_seed":false,"campfire_upgraded":1,"win_rate":0,"timestamp":1549076913,"path_taken":["M","M","M","M","M","E","R","E","T","?","R","?","?","M","R","BOSS","M","?","?","M","M","E"],"build_version":"2019-01-23","purchased_purges":0,"victory":false,"max_hp_per_floor":[75,75,75,75,75,75,75,75,75,75,75,75,75,75,75,75,75,75,75,75,75,75,75],"card_choices":[{"not_picked":["Havoc","Warcry"],"picked":"Flame Barrier","floor":1.0},{"not_picked":["Dropkick","Thunderclap"],"picked":"Disarm","floor":2.0},{"not_picked":["Headbutt","Shrug It Off"],"picked":"Pommel Strike","floor":3.0},{"not_picked":["Flame Barrier","Clash"],"picked":"Metallicize","floor":4.0},{"not_picked":["Flex","Heavy Blade"],"picked":"Pommel Strike","floor":5.0},{"not_picked":["Second Wind","Exhume"],"picked":"Ghostly Armor","floor":6.0},{"not_picked":["Entrench","Cleave"],"picked":"Whirlwind","floor":8.0},{"not_picked":["Iron Wave","Heavy Blade"],"picked":"Anger","floor":14.0},{"not_picked":["Immolate","Feed"],"picked":"Offering","floor":16.0},{"not_picked":["Warcry","Rage"],"picked":"Disarm","floor":18.0},{"not_picked":["Whirlwind","Sentinel"],"picked":"Pommel Strike","floor":21},{"not_picked":["Heavy Blade","Iron Wave+1"],"picked":"True Grit+1","floor":22}],"player_experience":963637,"relics_obtained":[{"floor":6.0,"key":"Lantern"},{"floor":8.0,"key":"Anchor"},{"floor":9.0,"key":"Art of War"}],"event_choices":[{"damage_healed":0.0,"max_hp_gain":0.0,"max_hp_loss":0.0,"gold_gain":30.0,"event_name":"Dead Adventurer","player_choice":"Searched \u00272\u0027 times","floor":10.0,"gold_loss":0.0,"damage_taken":0.0,"relics_obtained":["MawBank"]},{"damage_healed":0.0,"max_hp_gain":0.0,"max_hp_loss":0.0,"gold_gain":75.0,"event_name":"World of Goop","player_choice":"Gather Gold","floor":12.0,"gold_loss":0.0,"damage_taken":11.0},{"damage_healed":0.0,"max_hp_gain":0.0,"max_hp_loss":0.0,"gold_gain":0.0,"event_name":"Liars Game","player_choice":"Ignored","floor":13.0,"gold_loss":0.0,"damage_taken":0.0},{"damage_healed":0.0,"max_hp_gain":0.0,"max_hp_loss":0.0,"gold_gain":0.0,"event_name":"Drug Dealer","player_choice":"Obtain J.A.X.","floor":19.0,"gold_loss":0.0,"damage_taken":0.0,"cards_obtained":["J.A.X."]},{"cards_removed":["Wild Strike"],"damage_healed":0,"gold_gain":0,"player_choice":"Gave Gold","damage_taken":0,"max_hp_gain":0,"max_hp_loss":0,"event_name":"Beggar","floor":20,"gold_loss":75}],"is_beta":false,"boss_relics":[{"not_picked":["Runic Pyramid","Orrery"],"picked":"Pandora\u0027s Box"}],"items_purged_floors":[],"is_endless":false,"potions_floor_spawned":[1,4,5,8,14,18,21],"killed_by":"Slavers","ascension_level":17}