{"gold_per_floor":[115,115,115,130,143,168,168,196,219,254,279,0,12,12,12,110,110,91,91,91,101,121,149,149,424,424,442,453,38,51,78,78,178,178,194,206,220,320,335,335,369,369,393,393,393],"floor_reached":45,"playtime":5685,"items_purged":["Strike_G","Regret"],"score":962,"play_id":"80c22c16-cd64-43be-8408-a9739d382d95","local_time":"20181108145441","is_ascension_mode":true,"campfire_choices":[{"floor":7,"key":"REST"},{"floor":15,"key":"REST"},{"floor":24,"key":"REST"},{"floor":32,"key":"REST"},{"floor":40,"key":"REST"},{"floor":42,"key":"REST"}],"neow_cost":"NONE","seed_source_timestamp":228657193275121,"circlet_count":0,"master_deck":["AscendersBane","Defend_G","Defend_G","Defend_G","Defend_G","Strike_G","Strike_G+1","Strike_G+1","Survivor","Neutralize","Terror","Dash","PiercingWail","Footwork","Footwork","Dodge and Roll","Apotheosis","Well Laid Plans","Backflip","Corpse Explosion","Footwork","RitualDagger","Dagger Spray+1","Blur","After Image","Shame","Caltrops","Prepared","After Image","Dagger Throw","Skewer","Dagger Throw+1","Outmaneuver+1","Concentrate","Normality"],"relics":["Ring of the Snake","Whetstone","Orichalcum","MawBank","Centennial Puzzle","NlothsMask","Cursed Key","Matryoshka","Mummified Hand","Vajra","Philosopher\u0027s Stone","Ice Cream","Gremlin Horn","Omamori","Oddly Smooth Stone"],"potions_floor_usage":[6,23,41],"damage_taken":[{"damage":0,"enemies":"Jaw Worm","floor":1,"turns":5},{"damage":3,"enemies":"Cultist","floor":4,"turns":4},{"damage":3,"enemies":"2 Louse","floor":5,"turns":3},{"damage":27,"enemies":"Lagavulin","floor":6,"turns":10},{"damage":20,"enemies":"3 Sentries","floor":8,"turns":13},{"damage":0,"enemies":"Red Slaver","floor":11,"turns":5},{"damage":0,"enemies":"Blue Slaver","floor":13,"turns":6},{"damage":20,"enemies":"The Guardian","floor":16,"turns":14},{"damage":2,"enemies":"2 Thieves","floor":18,"turns":4},{"damage":2,"enemies":"Spheric Guardian","floor":21,"turns":6},{"damage":0,"enemies":"Centurion and Healer","floor":22,"turns":6},{"damage":11,"enemies":"Gremlin Leader","floor":23,"turns":8},{"damage":8,"enemies":"Snake Plant","floor":27,"turns":6},{"damage":8,"enemies":"Snecko","floor":28,"turns":5},{"damage":1,"enemies":"Chosen and Byrds","floor":30,"turns":4},{"damage":14,"enemies":"Book of Stabbing","floor":31,"turns":5},{"damage":0,"enemies":"Automaton","floor":33,"turns":15},{"damage":0,"enemies":"3 Shapes","floor":35,"turns":7},{"damage":19,"enemies":"3 Darklings","floor":36,"turns":3},{"damage":16,"enemies":"Transient","floor":37,"turns":5},{"damage":2,"enemies":"Mind Bloom Boss Battle","floor":38,"turns":6},{"damage":0,"enemies":"Jaw Worm Horde","floor":39,"turns":2},{"damage":48,"enemies":"Reptomancer","floor":41,"turns":9},{"damage":42,"enemies":"3 Darklings","floor":45,"turns":2}],"seed_played":"-2300483027392549136","potions_obtained":[{"floor":1,"key":"SteroidPotion"},{"floor":4,"key":"Fire Potion"},{"floor":8,"key":"FearPotion"},{"floor":13,"key":"Explosive Potion"},{"floor":16,"key":"Weak Potion"},{"floor":23,"key":"SpeedPotion"},{"floor":37,"key":"Fire Potion"}],"is_trial":false,"path_per_floor":["M","?","?","M","M","E","R","E","T","T","M","$","M","?","R","B",null,"M","?","?","M","M","E","R","?","T","M","M","$","M","E","R","B",null,"M","M","M","?","M","R","E","R","T","?","M"],"character_chosen":"THE_SILENT","items_purchased":["Apotheosis","Well Laid Plans","Mummified Hand","Caltrops"],"campfire_rested":6,"item_purchase_floors":[12,12,29,29],"current_hp_per_floor":[70,63,63,60,57,30,53,33,33,33,33,33,33,33,56,36,67,65,59,59,57,57,46,69,69,69,61,53,53,52,38,61,61,73,73,54,38,36,36,59,11,34,34,34,0],"gold":393,"neow_bonus":"TEN_PERCENT_HP_BONUS","is_prod":false,"is_daily":false,"chose_seed":false,"campfire_upgraded":0,"win_rate":0,"timestamp":1541706881,"path_taken":["M","?","?","?","M","E","R","E","T","?","M","?","?","?","R","BOSS","M","?","?","M","M","E","R","?","T","M","M","$","M","E","R","BOSS","M","M","?","?","M","R","E","R","T","?","M"],"build_version":"2018-11-01","purchased_purges":2,"victory":false,"max_hp_per_floor":[77,77,77,77,77,77,77,77,77,77,77,77,77,77,77,77,77,77,77,77,77,77,77,77,77,77,77,77,77,77,77,77,77,77,77,77,77,77,77,77,77,77,77,77,77],"card_choices":[{"not_picked":["Flying Knee","Leg Sweep"],"picked":"Terror","floor":1},{"not_picked":["Predator","PiercingWail"],"picked":"Dash","floor":4},{"not_picked":["Deflect","Accuracy"],"picked":"PiercingWail","floor":5},{"not_picked":["PiercingWail","Dash"],"picked":"Footwork","floor":6},{"not_picked":["Eviscerate","Acrobatics"],"picked":"Footwork","floor":8},{"not_picked":["Underhanded Strike","Calculated Gamble"],"picked":"Dodge and Roll","floor":11},{"not_picked":["Masterful Stab","Skewer"],"picked":"Backflip","floor":13},{"not_picked":["Die Die Die","Phantasmal Killer"],"picked":"Corpse Explosion","floor":16},{"not_picked":["Endless Agony","Dodge and Roll"],"picked":"Footwork","floor":18},{"not_picked":["Blade Dance","Calculated Gamble"],"picked":"Dagger Spray+1","floor":21},{"not_picked":["Choke","Dash"],"picked":"Blur","floor":22},{"not_picked":["Dagger Spray+1","Eviscerate"],"picked":"After Image","floor":23},{"not_picked":["Underhanded Strike+1","Deflect+1","Catalyst+1"],"picked":"SKIP","floor":27},{"not_picked":["Bouncing Flask","Deadly Poison","Underhanded Strike"],"picked":"SKIP","floor":28},{"not_picked":["Slice","Bane"],"picked":"Prepared","floor":30},{"not_picked":["Storm of Steel","Reflex","Endless Agony"],"picked":"SKIP","floor":31},{"not_picked":["Grand Finale","Night Terror"],"picked":"After Image","floor":33},{"not_picked":["Masterful Stab","Deflect"],"picked":"Dagger Throw","floor":35},{"not_picked":["Distraction","Flechettes"],"picked":"Skewer","floor":36},{"not_picked":["Underhanded Strike+1","Eviscerate"],"picked":"Dagger Throw+1","floor":37},{"not_picked":["Bane","Cloak And Dagger"],"picked":"Outmaneuver+1","floor":38},{"not_picked":["Reflex+1","Distraction"],"picked":"Concentrate","floor":39},{"not_picked":["Underhanded Strike","Flying Knee","Deflect+1"],"picked":"SKIP","floor":41}],"player_experience":722141,"relics_obtained":[{"floor":6,"key":"Whetstone"},{"floor":8,"key":"Orichalcum"},{"floor":9,"key":"MawBank"},{"floor":10,"key":"Centennial Puzzle"},{"floor":23,"key":"Matryoshka"},{"floor":31,"key":"Vajra"},{"floor":38,"key":"Ice Cream"},{"floor":41,"key":"Gremlin Horn"},{"floor":43,"key":"Omamori"},{"floor":43,"key":"Oddly Smooth Stone"}],"event_choices":[{"cards_removed":["Strike_G"],"damage_healed":0,"gold_gain":0,"player_choice":"Card Removal","damage_taken":7,"max_hp_gain":0,"max_hp_loss":0,"event_name":"Golden Wing","floor":2,"gold_loss":0},{"cards_removed":["Defend_G"],"damage_healed":0,"gold_gain":0,"player_choice":"Offered Basic","damage_taken":0,"max_hp_gain":0,"max_hp_loss":0,"event_name":"Bonfire Elementals","floor":3,"gold_loss":0},{"damage_healed":0,"gold_gain":0,"player_choice":"Trade","damage_taken":0,"relics_obtained":["NlothsMask"],"max_hp_gain":0,"max_hp_loss":0,"event_name":"FaceTrader","floor":14,"gold_loss":0},{"damage_healed":0,"gold_gain":0,"player_choice":"Joined the Cult","damage_taken":6,"max_hp_gain":0,"max_hp_loss":0,"event_name":"Nest","floor":19,"gold_loss":0,"cards_obtained":["RitualDagger"]},{"damage_healed":0,"gold_gain":0,"player_choice":"Ignored","damage_taken":0,"max_hp_gain":0,"max_hp_loss":0,"event_name":"Vampires","floor":20,"gold_loss":0},{"damage_healed":0,"gold_gain":275,"player_choice":"Desecrate","damage_taken":0,"max_hp_gain":0,"max_hp_loss":0,"event_name":"Golden Shrine","floor":25,"gold_loss":0,"cards_obtained":["Regret"]},{"damage_healed":0,"gold_gain":0,"player_choice":"Fight","damage_taken":0,"max_hp_gain":0,"max_hp_loss":0,"event_name":"MindBloom","floor":38,"gold_loss":0},{"damage_healed":0,"gold_gain":0,"player_choice":"Ignored","damage_taken":0,"max_hp_gain":0,"max_hp_loss":0,"event_name":"Tomb of Lord Red Mask","floor":44,"gold_loss":0}],"is_beta":false,"boss_relics":[{"not_picked":["Runic Dome","Fusion Hammer"],"picked":"Cursed Key"},{"not_picked":["White Beast Statue","WristBlade"],"picked":"Philosopher\u0027s Stone"}],"items_purged_floors":[12,29],"is_endless":false,"potions_floor_spawned":[1,4,8,13,16,21,23,27,31,33,35,37],"killed_by":"3 Darklings","ascension_level":12}