{"gold_per_floor":[110,110,33,33,33,33,64,87,87,87,130,160,130,164,164,164],"floor_reached":16,"playtime":464,"items_purged":[],"score":167,"play_id":"a544b472-2977-43a1-a97f-623c11fb6ce4","local_time":"20190122220012","is_ascension_mode":true,"campfire_choices":[{"data":"Bash","floor":6,"key":"SMITH"},{"data":"True Grit","floor":10,"key":"SMITH"},{"data":"Twin Strike","floor":15,"key":"SMITH"}],"neow_cost":"NONE","seed_source_timestamp":442725098479552,"circlet_count":0,"master_deck":["Strike_R","Strike_R","Strike_R","Strike_R","Defend_R","Defend_R","Defend_R","Defend_R","Bash+1","Twin Strike+1","Carnage","Rampage","True Grit+1","Uppercut+1","Armaments+1"],"relics":["Burning Blood","NeowsBlessing","Golden Idol","Dodecahedron","Molten Egg 2","Regal Pillow","Odd Mushroom","Toxic Egg 2"],"potions_floor_usage":[11,14,14],"damage_taken":[{"damage":0,"enemies":"2 Louse","floor":1,"turns":1},{"damage":0,"enemies":"Gremlin Nob","floor":7,"turns":1},{"damage":0,"enemies":"Small Slimes","floor":8,"turns":1},{"damage":18,"enemies":"Lagavulin","floor":11,"turns":5},{"damage":31,"enemies":"The Mushroom Lair","floor":12,"turns":5},{"damage":8,"enemies":"3 Sentries","floor":14,"turns":7},{"damage":27,"enemies":"Hexaghost","floor":16,"turns":9}],"seed_played":"-6628520485109266604","potions_obtained":[{"floor":7,"key":"SkillPotion"},{"floor":12,"key":"Fire Potion"},{"floor":13,"key":"Block Potion"},{"floor":13,"key":"SmokeBomb"}],"is_trial":false,"path_per_floor":["M","?","$","?","?","R","E","M","T","R","E","?","?","E","R","B"],"character_chosen":"IRONCLAD","items_purchased":["Carnage"],"campfire_rested":0,"item_purchase_floors":[3],"current_hp_per_floor":[80,60,60,53,53,53,59,65,65,65,53,28,28,26,26,0],"gold":164,"neow_bonus":"THREE_ENEMY_KILL","is_prod":false,"is_daily":false,"chose_seed":false,"campfire_upgraded":3,"win_rate":0,"timestamp":1548223212,"path_taken":["M","?","$","?","?","R","E","?","T","R","E","?","?","E","R","BOSS"],"build_version":"2019-01-17v2","purchased_purges":0,"victory":false,"max_hp_per_floor":[80,80,80,80,80,80,80,80,80,80,80,80,80,80,80,80],"card_choices":[{"not_picked":["Flex","Havoc"],"picked":"Twin Strike","floor":1},{"not_picked":["Heavy Blade","True Grit"],"picked":"Rampage","floor":7},{"not_picked":["Anger","Body Slam"],"picked":"True Grit","floor":8},{"not_picked":["Fiend Fire+1","Pommel Strike+1"],"picked":"Uppercut+1","floor":11},{"not_picked":["Inflame","Pummel+1"],"picked":"Armaments","floor":14}],"player_experience":246816,"relics_obtained":[{"floor":7,"key":"Dodecahedron"},{"floor":9,"key":"Molten Egg 2"},{"floor":11,"key":"Regal Pillow"},{"floor":12,"key":"Odd Mushroom"},{"floor":14,"key":"Toxic Egg 2"}],"event_choices":[{"damage_healed":0,"gold_gain":0,"player_choice":"Take Damage","damage_taken":20,"relics_obtained":["Golden Idol"],"max_hp_gain":0,"max_hp_loss":0,"event_name":"Golden Idol","floor":2,"gold_loss":0},{"cards_removed":["Strike_R"],"damage_healed":0,"gold_gain":0,"player_choice":"Card Removal","damage_taken":7,"max_hp_gain":0,"max_hp_loss":0,"event_name":"Golden Wing","floor":4,"gold_loss":0},{"damage_healed":0,"gold_gain":0,"player_choice":"Ignored","damage_taken":0,"max_hp_gain":0,"max_hp_loss":0,"event_name":"WeMeetAgain","floor":5,"gold_loss":0},{"damage_healed":0,"gold_gain":0,"player_choice":"Fought Mushrooms","damage_taken":0,"max_hp_gain":0,"max_hp_loss":0,"event_name":"Mushrooms","floor":12,"gold_loss":0},{"damage_healed":0,"gold_gain":0,"player_choice":"Bought 2 Potions","damage_taken":0,"max_hp_gain":0,"max_hp_loss":0,"event_name":"The Woman in Blue","floor":13,"gold_loss":0}],"is_beta":false,"boss_relics":[],"items_purged_floors":[],"is_endless":false,"potions_floor_spawned":[7,12],"killed_by":"Hexaghost","ascension_level":4}