{"gold_per_floor":[110,123,141,316,334,334,334,349,349,364,397,411,430,445,445,542,542,532,558,558,576,405,405,19,19,19,31,48,60,60,71,71,171,171,181,403,455,469,469],"floor_reached":39,"playtime":2202,"items_purged":["Doubt"],"score":458,"play_id":"9c81cee6-ab59-497f-a4c2-2de5819d6080","local_time":"20190210055422","is_ascension_mode":true,"campfire_choices":[{"data":"Chaos","floor":6,"key":"SMITH"},{"data":"Chaos","floor":15,"key":"SMITH"},{"floor":23,"key":"REST"},{"floor":25,"key":"REST"},{"floor":30,"key":"REST"},{"floor":32,"key":"REST"}],"neow_cost":"TEN_PERCENT_HP_LOSS","seed_source_timestamp":408563463824438,"circlet_count":0,"master_deck":["Strike_B","Strike_B","Strike_B","Strike_B","Defend_B","Defend_B","Defend_B","Defend_B","Zap","Dualcast","Machine Learning","Coolheaded","Conserve Battery","Chaos+1","Reboot","Ball Lightning","Redo","Turbo","Leap","Chaos+1","Seek","Ball Lightning","Melter+1","Fusion+1","Doom and Gloom","Go for the Eyes","Mayhem","Ball Lightning","Compile Driver+1","Hologram","Biased Cognition","Skim+1","Ball Lightning+1","Defragment+1"],"relics":["FrozenCore","Bottled Flame","Boot","Shuriken","Red Mask","Runic Capacitor","Bag of Preparation","Inserter","Shovel"],"potions_floor_usage":[11,11,20,33,33,39],"damage_taken":[{"damage":2,"enemies":"2 Louse","floor":1,"turns":3},{"damage":7,"enemies":"Jaw Worm","floor":2,"turns":4},{"damage":0,"enemies":"Cultist","floor":3,"turns":4},{"damage":9,"enemies":"Blue Slaver","floor":5,"turns":4},{"damage":8,"enemies":"Looter","floor":8,"turns":3},{"damage":1,"enemies":"Exordium Wildlife","floor":10,"turns":3},{"damage":4,"enemies":"3 Sentries","floor":11,"turns":6},{"damage":12,"enemies":"Lots of Slimes","floor":12,"turns":4},{"damage":1,"enemies":"2 Fungi Beasts","floor":13,"turns":2},{"damage":0,"enemies":"Large Slime","floor":14,"turns":5},{"damage":35,"enemies":"Slime Boss","floor":16,"turns":12},{"damage":17,"enemies":"2 Thieves","floor":18,"turns":4},{"damage":37,"enemies":"Masked Bandits","floor":19,"turns":6},{"damage":0,"enemies":"Colosseum Slavers","floor":20,"turns":1},{"damage":0,"enemies":"3 Byrds","floor":21,"turns":5},{"damage":30,"enemies":"3 Cultists","floor":27,"turns":6},{"damage":1,"enemies":"Cultist and Chosen","floor":28,"turns":5},{"damage":4,"enemies":"Snake Plant","floor":29,"turns":4},{"damage":9,"enemies":"Snecko","floor":31,"turns":5},{"damage":22,"enemies":"Champ","floor":33,"turns":9},{"damage":4,"enemies":"Orb Walker","floor":35,"turns":4},{"damage":44,"enemies":"2 Orb Walkers","floor":37,"turns":6},{"damage":4,"enemies":"3 Shapes","floor":38,"turns":4},{"damage":22,"enemies":"Writhing Mass","floor":39,"turns":2}],"seed_played":"-8754720750648922473","potions_obtained":[{"floor":2,"key":"Regen Potion"},{"floor":5,"key":"Explosive Potion"},{"floor":14,"key":"Swift Potion"},{"floor":16,"key":"SteroidPotion"},{"floor":18,"key":"SmokeBomb"},{"floor":21,"key":"Swift Potion"},{"floor":31,"key":"FocusPotion"},{"floor":38,"key":"GamblersBrew"}],"is_trial":false,"path_per_floor":["M","M","M","?","M","R","T","M","T","M","E","M","M","M","R","B",null,"M","?","?","M","$","R","$","R","T","M","M","M","R","M","R","B",null,"M","?","?","M","M"],"character_chosen":"DEFECT","items_purchased":["Doom and Gloom","Go for the Eyes","Runic Capacitor","Mayhem"],"campfire_rested":4,"item_purchase_floors":[22,22,24,24],"current_hp_per_floor":[66,59,59,59,50,50,50,42,42,41,51,39,38,38,38,3,68,51,14,14,14,14,34,34,54,54,24,23,19,39,30,50,28,68,64,64,20,16,0],"gold":469,"neow_bonus":"THREE_RARE_CARDS","is_prod":false,"is_daily":false,"chose_seed":false,"campfire_upgraded":2,"win_rate":0,"timestamp":1549796062,"path_taken":["M","M","M","?","M","R","?","M","T","M","E","M","?","M","R","BOSS","M","?","?","M","$","R","?","R","T","M","M","M","R","?","R","BOSS","M","?","?","M","M"],"build_version":"2019-01-23","purchased_purges":1,"victory":false,"max_hp_per_floor":[68,68,68,68,68,68,68,68,68,68,68,68,68,68,68,68,68,68,68,68,68,68,68,68,68,68,68,68,68,68,68,68,68,68,68,68,68,68,68],"card_choices":[{"not_picked":["Seek","Multi-Cast"],"picked":"Machine Learning","floor":0},{"not_picked":["Gash","Sweeping Beam"],"picked":"Coolheaded","floor":1},{"not_picked":["Stack","Compile Driver"],"picked":"Conserve Battery","floor":2},{"not_picked":["Self Repair","Auto Shields"],"picked":"Chaos","floor":3},{"not_picked":["Scrape","Reinforced Body","Barrage"],"picked":"SKIP","floor":5},{"not_picked":["Barrage","Beam Cell"],"picked":"Reboot","floor":8},{"not_picked":["Fusion","Beam Cell"],"picked":"Ball Lightning","floor":10},{"not_picked":["Amplify","Go for the Eyes"],"picked":"Redo","floor":11},{"not_picked":["Fusion","Barrage"],"picked":"Turbo","floor":12},{"not_picked":["Hyperbeam","Scrape"],"picked":"Leap","floor":13},{"not_picked":["Sweeping Beam","Loop"],"picked":"Chaos","floor":14},{"not_picked":["Buffer","Multi-Cast"],"picked":"Seek","floor":16},{"not_picked":["Steam","Conserve Battery"],"picked":"Ball Lightning","floor":18},{"not_picked":["Beam Cell","Heatsinks"],"picked":"Melter+1","floor":19},{"not_picked":["Storm+1","Go for the Eyes"],"picked":"Fusion+1","floor":21},{"not_picked":["Recycle","Barrage"],"picked":"Ball Lightning","floor":27},{"not_picked":["Turbo","Coolheaded"],"picked":"Compile Driver+1","floor":28},{"not_picked":["Rip and Tear","Cold Snap"],"picked":"Hologram","floor":29},{"not_picked":["Streamline","Amplify","Rebound"],"picked":"SKIP","floor":31},{"not_picked":["Seek","Thunder Strike"],"picked":"Biased Cognition","floor":33},{"not_picked":["Barrage","Sweeping Beam"],"picked":"Skim+1","floor":35},{"not_picked":["Reinforced Body+1","Sweeping Beam+1"],"picked":"Ball Lightning+1","floor":37},{"not_picked":["Doom and Gloom","Leap+1"],"picked":"Defragment+1","floor":38}],"player_experience":124336,"relics_obtained":[{"floor":7,"key":"Bottled Flame"},{"floor":9,"key":"Boot"},{"floor":11,"key":"Shuriken"},{"floor":19,"key":"Red Mask"},{"floor":26,"key":"Bag of Preparation"},{"floor":37,"key":"Shovel"}],"event_choices":[{"damage_healed":0,"gold_gain":175,"player_choice":"AGREE","damage_taken":0,"max_hp_gain":0,"max_hp_loss":0,"event_name":"Liars Game","floor":4,"gold_loss":0,"cards_obtained":["Doubt"]},{"damage_healed":0,"gold_gain":0,"player_choice":"Fought Bandits","damage_taken":0,"max_hp_gain":0,"max_hp_loss":0,"event_name":"Masked Bandits","floor":19,"gold_loss":0},{"damage_healed":0,"gold_gain":0,"player_choice":"Fight","damage_taken":0,"max_hp_gain":0,"max_hp_loss":0,"event_name":"Colosseum","floor":20,"gold_loss":0},{"damage_healed":0,"gold_gain":0,"player_choice":"Fled From Nobs","damage_taken":0,"max_hp_gain":0,"max_hp_loss":0,"event_name":"Colosseum","floor":20,"gold_loss":0},{"damage_healed":0,"gold_gain":222,"player_choice":"Wore Mask","damage_taken":0,"max_hp_gain":0,"max_hp_loss":0,"event_name":"Tomb of Lord Red Mask","floor":36,"gold_loss":0},{"damage_healed":0,"gold_gain":0,"player_choice":"Fight","damage_taken":0,"max_hp_gain":0,"max_hp_loss":0,"event_name":"Mysterious Sphere","floor":37,"gold_loss":0}],"is_beta":false,"boss_relics":[{"not_picked":["Runic Dome","Orrery"],"picked":"FrozenCore"},{"not_picked":["Coffee Dripper","Sozu"],"picked":"Inserter"}],"items_purged_floors":[22],"is_endless":false,"potions_floor_spawned":[2,5,14,16,18,19,21,27,31,38],"killed_by":"Writhing Mass","ascension_level":1}