{"gold_per_floor":[114,129,129,129,144,144,159,159,184,184,184,184,184,184,184,184],"floor_reached":16,"playtime":689,"items_purged":[],"score":113,"play_id":"6fb29b92-1fc5-4129-8e47-151d8883cb45","local_time":"20181106185626","daily_mods":["Specialized","Flight","Night Terrors"],"is_ascension_mode":false,"campfire_choices":[{"data":"Warcry","floor":6,"key":"SMITH"},{"data":"Havoc","floor":8,"key":"SMITH"},{"data":"Havoc","floor":11,"key":"SMITH"},{"data":"Havoc","floor":12,"key":"SMITH"},{"data":"Havoc","floor":13,"key":"SMITH"},{"floor":15,"key":"REST"}],"neow_cost":"","seed_source_timestamp":0,"circlet_count":0,"master_deck":["Strike_R+1","Strike_R+1","Strike_R","Strike_R+1","Defend_R","Defend_R","Defend_R","Defend_R","Bash","Havoc","Havoc+1","Havoc+1","Havoc+1","Havoc+1","Second Wind","Intimidate","Battle Trance+1","Warcry+1","Injury"],"special_seed":17841,"relics":["Burning Blood","Whetstone","Golden Idol"],"potions_floor_usage":[],"damage_taken":[{"damage":11,"enemies":"2 Louse","floor":1,"turns":3},{"damage":9,"enemies":"Small Slimes","floor":2,"turns":5},{"damage":8,"enemies":"Jaw Worm","floor":5,"turns":2},{"damage":11,"enemies":"3 Louse","floor":7,"turns":6},{"damage":81,"enemies":"The Guardian","floor":16,"turns":10}],"seed_played":"-1781606062419763823","potions_obtained":[{"floor":1,"key":"Swift Potion"},{"floor":2,"key":"SpeedPotion"}],"is_trial":false,"path_per_floor":["M","M","?","?","M","R","M","R","T","?","R","R","R","?","R","B"],"character_chosen":"IRONCLAD","items_purchased":[],"campfire_rested":1,"item_purchase_floors":[],"current_hp_per_floor":[75,72,72,72,70,70,65,65,65,49,49,49,49,49,75,0],"gold":184,"neow_bonus":"","is_prod":false,"is_daily":true,"chose_seed":false,"campfire_upgraded":5,"win_rate":0,"timestamp":1541548586,"path_taken":["M","M","?","?","M","R","M","R","T","?","R","R","R","?","R","BOSS"],"build_version":"2018-11-01","purchased_purges":0,"victory":false,"max_hp_per_floor":[80,80,80,80,80,80,80,80,80,80,80,80,80,80,75,75],"card_choices":[{"not_picked":["Body Slam","Twin Strike"],"picked":"Second Wind","floor":1},{"not_picked":["Wild Strike","Combust"],"picked":"Intimidate","floor":2},{"not_picked":["True Grit","Evolve"],"picked":"Warcry","floor":5},{"not_picked":["True Grit","Juggernaut","Sword Boomerang"],"picked":"SKIP","floor":7},{"not_picked":["True Grit","Juggernaut","Sword Boomerang"],"picked":"SKIP","floor":7}],"player_experience":31885,"relics_obtained":[{"floor":9,"key":"Whetstone"}],"event_choices":[{"damage_healed":0,"gold_gain":0,"cards_transformed":["Strike_R"],"player_choice":"Change","damage_taken":0,"max_hp_gain":0,"max_hp_loss":0,"event_name":"Living Wall","floor":3,"gold_loss":0,"cards_obtained":["Battle Trance"]},{"damage_healed":0,"gold_gain":0,"player_choice":"Ignored","damage_taken":0,"max_hp_gain":0,"max_hp_loss":0,"event_name":"Golden Wing","floor":4,"gold_loss":0},{"damage_healed":0,"gold_gain":0,"player_choice":"Entered Light","damage_taken":16,"max_hp_gain":0,"max_hp_loss":0,"event_name":"Shining Light","floor":10,"gold_loss":0,"cards_upgraded":["Battle Trance","Strike_R"]},{"damage_healed":0,"gold_gain":0,"player_choice":"Take Wound","damage_taken":0,"relics_obtained":["Golden Idol"],"max_hp_gain":0,"max_hp_loss":0,"event_name":"Golden Idol","floor":14,"gold_loss":0,"cards_obtained":["Injury"]}],"is_beta":false,"boss_relics":[],"items_purged_floors":[],"is_endless":false,"potions_floor_spawned":[1,2],"killed_by":"The Guardian","ascension_level":0}