{"gold_per_floor":[10,85,98,115,129,158,158,184,184,218,218,229,229,248,248,367,367,387,312,55,55,55,90,103,133,133,133,133,149,75,107,119,233,245,269,12,12,32,132,142,168,168,168,201,201,231,251,251,251,251],"floor_reached":51,"playtime":5475,"items_purged":["Strike_R"],"score":1363,"play_id":"a699ddbd-0d4a-4a8f-8f18-561b6f047489","local_time":"20181106144903","is_ascension_mode":true,"campfire_choices":[{"data":"Rampage","floor":7.0,"key":"SMITH"},{"data":"Armaments","floor":13.0,"key":"SMITH"},{"data":"Uppercut","floor":15.0,"key":"SMITH"},{"data":"Barricade","floor":27.0,"key":"SMITH"},{"data":"Entrench","floor":32.0,"key":"SMITH"},{"data":"1","floor":42,"key":"LIFT"},{"data":"2","floor":45,"key":"LIFT"},{"data":"Secret Weapon","floor":49,"key":"SMITH"}],"neow_cost":"NO_GOLD","seed_source_timestamp":55614350308873,"circlet_count":0,"master_deck":["AscendersBane","Strike_R+1","Strike_R+1","Strike_R+1","Defend_R+1","Defend_R+1","Defend_R+1","Defend_R+1","Bash","Flash of Steel","Magnetism","Rampage+1","Pommel Strike","Battle Trance","Pommel Strike","Headbutt","Shrug It Off","Armaments+1","Uppercut+1","Barricade+1","Shrug It Off","Inflame","Headbutt","Entrench+1","Whirlwind","Impervious","Secret Weapon+1","Discovery","True Grit","Body Slam+1","Double Tap","Shame","Shockwave","Trip"],"special_seed":0,"relics":["Burning Blood","Gremlin Horn","PreservedInsect","Dream Catcher","Pear","Coffee Dripper","Orichalcum","Vajra","Art of War","Blue Candle","Bottled Tornado","MawBank","Cursed Key","Girya","Bottled Flame","Dodecahedron","Darkstone Periapt","Anchor"],"potions_floor_usage":[38,50],"damage_taken":[{"damage":9.0,"enemies":"Jaw Worm","floor":1.0,"turns":4.0},{"damage":0.0,"enemies":"Small Slimes","floor":3.0,"turns":4.0},{"damage":1.0,"enemies":"Cultist","floor":4.0,"turns":3.0},{"damage":9.0,"enemies":"Blue Slaver","floor":5.0,"turns":5.0},{"damage":20.0,"enemies":"Lagavulin","floor":6.0,"turns":6.0},{"damage":15.0,"enemies":"Gremlin Nob","floor":8.0,"turns":4.0},{"damage":8.0,"enemies":"Lagavulin","floor":10.0,"turns":6.0},{"damage":0.0,"enemies":"Large Slime","floor":12.0,"turns":4.0},{"damage":13.0,"enemies":"Exordium Wildlife","floor":14.0,"turns":4.0},{"damage":36.0,"enemies":"The Guardian","floor":16.0,"turns":12.0},{"damage":20.0,"enemies":"Shell Parasite","floor":18.0,"turns":7.0},{"damage":9.0,"enemies":"Book of Stabbing","floor":23.0,"turns":4.0},{"damage":5.0,"enemies":"3 Byrds","floor":24.0,"turns":4.0},{"damage":0.0,"enemies":"Gremlin Leader","floor":25.0,"turns":5.0},{"damage":7.0,"enemies":"Centurion and Healer","floor":29.0,"turns":4.0},{"damage":10.0,"enemies":"Book of Stabbing","floor":31.0,"turns":6.0},{"damage":31.0,"enemies":"Collector","floor":33.0,"turns":12.0},{"damage":0.0,"enemies":"Orb Walker","floor":35.0,"turns":4.0},{"damage":20,"enemies":"3 Darklings","floor":38,"turns":6},{"damage":0,"enemies":"Mind Bloom Boss Battle","floor":39,"turns":8},{"damage":6,"enemies":"4 Shapes","floor":40,"turns":7},{"damage":0,"enemies":"Giant Head","floor":41,"turns":5},{"damage":9,"enemies":"Reptomancer","floor":44,"turns":6},{"damage":34,"enemies":"Nemesis","floor":46,"turns":7},{"damage":0,"enemies":"Maw","floor":47,"turns":6},{"damage":13,"enemies":"Awakened One","floor":50,"turns":9}],"seed_played":"-6978217277500165695","potions_obtained":[{"floor":1.0,"key":"Weak Potion"},{"floor":6.0,"key":"Dexterity Potion"},{"floor":8.0,"key":"Block Potion"},{"floor":11.0,"key":"Block Potion"},{"floor":16.0,"key":"Regen Potion"},{"floor":23.0,"key":"SkillPotion"},{"floor":29.0,"key":"Ancient Potion"},{"floor":31.0,"key":"Block Potion"},{"floor":33.0,"key":"FearPotion"},{"floor":39,"key":"SkillPotion"},{"floor":46,"key":"BloodPotion"}],"is_trial":false,"path_per_floor":["M","?","M","M","M","E","R","E","T","E","E","?","M","R","M","R","B",null,"M","?","$","?","?","E","M","E","T","R","T","M","$","E","R","B",null,"M","$","?","M","?","M","E","R","T","E","R","E","M","?","R","B",null],"character_chosen":"IRONCLAD","items_purchased":["Inflame","Orichalcum","Whirlwind","Secret Weapon","Discovery"],"campfire_rested":0,"item_purchase_floors":[20,20,30,36,36],"current_hp_per_floor":[69,58,64,69,66,52,52,43,43,51,51,57,57,50,50,20,73,59,59,59,41,41,50,51,57,57,57,57,56,56,52,52,27,78,84,84,84,70,76,76,82,82,82,79,79,51,57,52,52,54],"gold":251,"neow_bonus":"RANDOM_COLORLESS_2","is_prod":false,"is_daily":false,"chose_seed":false,"campfire_upgraded":6,"win_rate":0,"timestamp":1541533743,"path_taken":["M","?","M","M","M","E","R","E","T","E","?","M","R","M","R","BOSS","M","?","$","?","?","E","?","E","T","R","?","M","?","E","R","BOSS","M","$","?","?","?","M","E","R","T","E","R","E","M","?","R","BOSS"],"build_version":"2018-11-01","purchased_purges":1,"victory":true,"max_hp_per_floor":[80,80,80,80,80,80,80,80,80,90,90,90,90,90,90,90,90,90,90,90,95,95,95,95,95,95,95,95,95,95,95,95,95,95,95,95,95,95,95,95,95,95,95,95,95,95,95,95,95,95],"card_choices":[{"not_picked":["Body Slam","Burning Pact"],"picked":"Rampage","floor":1.0},{"not_picked":["Reckless Charge","Heavy Blade"],"picked":"Pommel Strike","floor":3.0},{"not_picked":["Clothesline","Twin Strike"],"picked":"Battle Trance","floor":4.0},{"not_picked":["Reckless Charge","Clash","Perfected Strike"],"picked":"SKIP","floor":5.0},{"not_picked":["Intimidate","Anger"],"picked":"Pommel Strike","floor":6.0},{"not_picked":["Corruption","Clothesline"],"picked":"Headbutt","floor":8.0},{"not_picked":["Shockwave","Blood for Blood"],"picked":"Shrug It Off","floor":10.0},{"not_picked":["Blood for Blood","Anger"],"picked":"Armaments","floor":12.0},{"not_picked":["Burning Pact","Rupture"],"picked":"Uppercut","floor":14.0},{"not_picked":["Limit Break","Exhume"],"picked":"Barricade","floor":16.0},{"not_picked":["Perfected Strike","Iron Wave"],"picked":"Shrug It Off","floor":18.0},{"not_picked":["Warcry","Clash"],"picked":"Headbutt","floor":23.0},{"not_picked":["Power Through","Havoc","Evolve"],"picked":"SKIP","floor":24.0},{"not_picked":["Twin Strike","Wild Strike+1"],"picked":"Entrench","floor":25.0},{"not_picked":["Flex","Pommel Strike","Clash"],"picked":"SKIP","floor":29.0},{"not_picked":["Havoc+1","Sword Boomerang","Pommel Strike"],"picked":"SKIP","floor":31.0},{"not_picked":["Berserk","Barricade"],"picked":"Impervious","floor":33.0},{"not_picked":["Sentinel","Rampage","Flex"],"picked":"SKIP","floor":35.0},{"not_picked":["Thunderclap+1","Sword Boomerang+1"],"picked":"True Grit","floor":38},{"not_picked":["Spot Weakness","Havoc"],"picked":"Body Slam+1","floor":40},{"not_picked":["Heavy Blade","Shrug It Off"],"picked":"Double Tap","floor":41},{"not_picked":["Reckless Charge","Anger","Iron Wave"],"picked":"SKIP","floor":44},{"not_picked":["Carnage","Havoc","Pommel Strike"],"picked":"SKIP","floor":46},{"not_picked":["Headbutt","Barricade"],"picked":"Shockwave","floor":47},{"not_picked":["Impatience","Flash of Steel"],"picked":"Trip","floor":48}],"player_experience":702109,"relics_obtained":[{"floor":6.0,"key":"Gremlin Horn"},{"floor":8.0,"key":"PreservedInsect"},{"floor":9.0,"key":"Dream Catcher"},{"floor":10.0,"key":"Pear"},{"floor":23.0,"key":"Vajra"},{"floor":25.0,"key":"Art of War"},{"floor":26.0,"key":"Blue Candle"},{"floor":28.0,"key":"Bottled Tornado"},{"floor":31.0,"key":"MawBank"},{"floor":39,"key":"Girya"},{"floor":41,"key":"Bottled Flame"},{"floor":43,"key":"Dodecahedron"},{"floor":44,"key":"Darkstone Periapt"},{"floor":46,"key":"Anchor"}],"event_choices":[{"damage_healed":0.0,"max_hp_gain":0.0,"max_hp_loss":0.0,"gold_gain":75.0,"event_name":"World of Goop","player_choice":"Gather Gold","floor":2.0,"gold_loss":0.0,"damage_taken":11.0},{"damage_healed":0.0,"max_hp_gain":0.0,"max_hp_loss":0.0,"gold_gain":0.0,"event_name":"Lab","player_choice":"Got Potions","floor":11.0,"gold_loss":0.0,"damage_taken":0.0},{"cards_removed":["Strike_R"],"damage_healed":0.0,"max_hp_gain":0.0,"max_hp_loss":0.0,"gold_gain":0.0,"event_name":"Beggar","player_choice":"Gave Gold","floor":19.0,"gold_loss":75.0,"damage_taken":0.0},{"damage_healed":0.0,"max_hp_gain":5.0,"max_hp_loss":0.0,"gold_gain":0.0,"event_name":"Forgotten Altar","player_choice":"Shed Blood","floor":21.0,"gold_loss":0.0,"damage_taken":23.0},{"damage_healed":0.0,"max_hp_gain":0.0,"max_hp_loss":0.0,"gold_gain":0.0,"event_name":"Back to Basics","player_choice":"Simplicity","floor":22.0,"gold_loss":0.0,"damage_taken":0.0,"cards_upgraded":["Strike_R","Strike_R","Strike_R","Defend_R","Defend_R","Defend_R","Defend_R"]},{"damage_healed":0,"gold_gain":0,"player_choice":"0 cards matched","damage_taken":0,"max_hp_gain":0,"max_hp_loss":0,"event_name":"Match and Keep!","floor":37,"gold_loss":0,"cards_obtained":[]},{"damage_healed":0,"gold_gain":0,"player_choice":"Fight","damage_taken":0,"max_hp_gain":0,"max_hp_loss":0,"event_name":"MindBloom","floor":39,"gold_loss":0},{"damage_healed":0,"gold_gain":0,"player_choice":"Memory 2","damage_taken":5,"max_hp_gain":0,"max_hp_loss":0,"event_name":"SensoryStone","floor":48,"gold_loss":0}],"is_beta":false,"boss_relics":[{"not_picked":["Empty Cage","Mark of Pain"],"picked":"Coffee Dripper"},{"not_picked":["Runic Cube","Fusion Hammer"],"picked":"Cursed Key"}],"items_purged_floors":[20],"is_endless":false,"potions_floor_spawned":[1,6,8,12,16,23,29,31,33,39,44,46],"ascension_level":12}