{"gold_per_floor":[112,129,145,25,44,44,61,61,61,61,73,73,38,56,56,161,161,171,171,19,19,30,30,43,43,43,43,61,72,72,72,72,173,173,187,197,197,217,234,234,244,244,296,296,296,41,61,61],"floor_reached":48,"playtime":2514,"items_purged":["Decay"],"score":618,"play_id":"b0971281-7595-4e9b-ad76-02fbc2655b32","local_time":"20190108133911","is_ascension_mode":true,"campfire_choices":[{"floor":6,"key":"REST"},{"data":"Transmutation","floor":8,"key":"SMITH"},{"floor":12,"key":"REST"},{"floor":15,"key":"REST"},{"floor":23,"key":"REST"},{"data":"Burst","floor":25,"key":"SMITH"},{"floor":30,"key":"REST"},{"data":"Noxious Fumes","floor":32,"key":"SMITH"},{"floor":40,"key":"REST"},{"floor":42,"key":"REST"}],"neow_cost":"CURSE","seed_source_timestamp":317056499645555,"circlet_count":0,"master_deck":["Defend_G","Defend_G","Defend_G","Defend_G","Defend_G","Strike_G","Strike_G","Survivor","Neutralize","Transmutation+1","Sadistic Nature","Backflip","Sucker Punch","Deadly Poison","Dagger Spray","Burst+1","Masterful Stab","Bouncing Flask+1","Noxious Fumes+1","Cloak And Dagger","Die Die Die","Dagger Throw","Deflect","Backstab","Dash","Adrenaline","Escape Plan+1","Slice","Footwork","Sadistic Nature"],"relics":["Ring of the Snake","Gremlin Horn","CultistMask","Eternal Feather","Bag of Preparation","Question Card","Sozu","Art of War","Mummified Hand"],"potions_floor_usage":[16,21,24,33],"damage_taken":[{"damage":11,"enemies":"Cultist","floor":1,"turns":5},{"damage":4,"enemies":"2 Louse","floor":2,"turns":5},{"damage":0,"enemies":"Small Slimes","floor":3,"turns":4},{"damage":12,"enemies":"3 Louse","floor":5,"turns":3},{"damage":10,"enemies":"Gremlin Gang","floor":7,"turns":6},{"damage":11,"enemies":"Looter","floor":11,"turns":3},{"damage":29,"enemies":"Exordium Thugs","floor":14,"turns":4},{"damage":45,"enemies":"Slime Boss","floor":16,"turns":10},{"damage":0,"enemies":"Chosen","floor":18,"turns":4},{"damage":30,"enemies":"Colosseum Slavers","floor":21,"turns":5},{"damage":4,"enemies":"3 Byrds","floor":22,"turns":4},{"damage":18,"enemies":"3 Cultists","floor":24,"turns":3},{"damage":5,"enemies":"Snecko","floor":28,"turns":4},{"damage":19,"enemies":"Centurion and Healer","floor":29,"turns":6},{"damage":46,"enemies":"Collector","floor":33,"turns":8},{"damage":19,"enemies":"3 Shapes","floor":35,"turns":6},{"damage":6,"enemies":"Orb Walker","floor":36,"turns":3},{"damage":21,"enemies":"Maw","floor":38,"turns":6},{"damage":16,"enemies":"3 Darklings","floor":39,"turns":9},{"damage":29,"enemies":"Sphere and 2 Shapes","floor":41,"turns":5},{"damage":33,"enemies":"Maw","floor":47,"turns":6},{"damage":23,"enemies":"3 Darklings","floor":48,"turns":3}],"seed_played":"-3852876790764714488","potions_obtained":[{"floor":3,"key":"LiquidBronze"},{"floor":7,"key":"FairyPotion"},{"floor":11,"key":"GhostInAJar"},{"floor":18,"key":"Explosive Potion"},{"floor":22,"key":"Swift Potion"},{"floor":29,"key":"PowerPotion"}],"is_trial":false,"path_per_floor":["M","M","M","$","M","R","M","R","T","?","M","R","$","M","R","B",null,"M","?","$","?","M","R","M","R","T","?","M","M","R","?","R","B",null,"M","M","?","M","M","R","M","R","T","?","?","$","M","M"],"character_chosen":"THE_SILENT","items_purchased":["Dagger Spray","Noxious Fumes","Bag of Preparation","Mummified Hand"],"campfire_rested":7,"item_purchase_floors":[4,13,20,46],"current_hp_per_floor":[52,48,48,48,36,57,47,47,47,47,36,57,57,28,49,4,54,54,54,54,24,20,56,38,53,53,53,48,29,65,65,70,24,59,40,34,34,13,7,43,14,50,50,50,50,50,17,0],"gold":61,"neow_bonus":"RANDOM_COLORLESS_2","is_prod":false,"is_daily":false,"chose_seed":false,"campfire_upgraded":3,"win_rate":0,"timestamp":1546972751,"path_taken":["M","?","M","$","M","R","M","R","T","?","?","R","$","M","R","BOSS","M","?","$","?","M","R","M","R","T","?","?","M","R","?","R","BOSS","M","M","?","M","M","R","?","R","T","?","?","$","M","?"],"build_version":"2019-01-03v4","purchased_purges":1,"victory":false,"max_hp_per_floor":[70,70,70,70,70,70,70,70,70,70,70,70,70,70,70,70,70,70,70,70,70,70,70,70,70,70,70,70,70,70,70,70,70,70,70,70,70,70,70,70,70,70,70,70,70,70,70,70],"card_choices":[{"not_picked":["PiercingWail","Calculated Gamble"],"picked":"Backflip","floor":1},{"not_picked":["Blade Dance","Dagger Spray"],"picked":"Sucker Punch","floor":2},{"not_picked":["Acrobatics","Heel Hook"],"picked":"Deadly Poison","floor":3},{"not_picked":["Dagger Spray","Bane"],"picked":"Burst","floor":5},{"not_picked":["Quick Slash","Backflip"],"picked":"Masterful Stab","floor":7},{"not_picked":["Underhanded Strike","Cloak And Dagger"],"picked":"Bouncing Flask","floor":11},{"not_picked":["Backflip","Night Terror"],"picked":"Cloak And Dagger","floor":14},{"not_picked":["Wraith Form v2","Bullet Time"],"picked":"Die Die Die","floor":16},{"not_picked":["Acrobatics","Skewer","Dagger Throw"],"picked":"SKIP","floor":18},{"not_picked":["Escape Plan","Acrobatics+1"],"picked":"Backstab","floor":22},{"not_picked":["Terror","Dagger Throw+1","Infinite Blades"],"picked":"SKIP","floor":24},{"not_picked":["Acrobatics+1","Calculated Gamble","Underhanded Strike","Choke"],"picked":"SKIP","floor":28},{"not_picked":["Calculated Gamble","Dagger Throw","Storm of Steel"],"picked":"Dash","floor":29},{"not_picked":["Phantasmal Killer","Wraith Form v2","Malaise"],"picked":"Adrenaline","floor":33},{"not_picked":["Flying Knee+1","Outmaneuver","Poisoned Stab","Prepared+1"],"picked":"SKIP","floor":35},{"not_picked":["Deadly Poison+1","Quick Slash+1","Backstab+1"],"picked":"Escape Plan+1","floor":36},{"not_picked":["Underhanded Strike+1","Masterful Stab","Deadly Poison+1"],"picked":"Footwork","floor":38},{"not_picked":["Concentrate","Heel Hook","Underhanded Strike","Masterful Stab+1"],"picked":"SKIP","floor":39},{"not_picked":["Tools of the Trade","Expertise+1","Masterful Stab","Finisher"],"picked":"SKIP","floor":41},{"not_picked":["Masterful Stab+1","Quick Slash+1","Dagger Throw+1","Prepared+1"],"picked":"SKIP","floor":47}],"player_experience":519395,"relics_obtained":[{"floor":9,"key":"Gremlin Horn"},{"floor":26,"key":"Question Card"},{"floor":43,"key":"Art of War"}],"event_choices":[{"damage_healed":0,"gold_gain":0,"player_choice":"Trade","damage_taken":0,"relics_obtained":["CultistMask"],"max_hp_gain":0,"max_hp_loss":0,"event_name":"FaceTrader","floor":10,"gold_loss":0},{"damage_healed":0,"gold_gain":0,"cards_transformed":["Strike_G","Strike_G"],"player_choice":"Became Test Subject","damage_taken":0,"max_hp_gain":0,"max_hp_loss":0,"event_name":"Drug Dealer","floor":19,"gold_loss":0,"cards_obtained":["Dagger Throw","Deflect"]},{"damage_healed":0,"gold_gain":0,"player_choice":"Fight","damage_taken":0,"max_hp_gain":0,"max_hp_loss":0,"event_name":"Colosseum","floor":21,"gold_loss":0},{"damage_healed":0,"gold_gain":0,"player_choice":"Fled From Nobs","damage_taken":0,"max_hp_gain":0,"max_hp_loss":0,"event_name":"Colosseum","floor":21,"gold_loss":0},{"damage_healed":0,"gold_gain":0,"player_choice":"Forge","damage_taken":0,"max_hp_gain":0,"max_hp_loss":0,"event_name":"Accursed Blacksmith","floor":27,"gold_loss":0,"cards_upgraded":["Bouncing Flask"]},{"damage_healed":0,"gold_gain":0,"cards_transformed":["Strike_G"],"player_choice":"Transformed","damage_taken":0,"max_hp_gain":0,"max_hp_loss":0,"event_name":"Transmorgrifier","floor":37,"gold_loss":0,"cards_obtained":["Slice"]},{"damage_healed":0,"gold_gain":0,"player_choice":"Ignored","damage_taken":0,"max_hp_gain":0,"max_hp_loss":0,"event_name":"Mysterious Sphere","floor":44,"gold_loss":0},{"damage_healed":0,"gold_gain":0,"player_choice":"Copied","damage_taken":0,"max_hp_gain":0,"max_hp_loss":0,"event_name":"Duplicator","floor":45,"gold_loss":0,"cards_obtained":["Sadistic Nature"]}],"is_beta":true,"boss_relics":[{"not_picked":["Ectoplasm","White Beast Statue"],"picked":"Eternal Feather"},{"not_picked":["Snecko Eye","Black Star"],"picked":"Sozu"}],"items_purged_floors":[4],"is_endless":false,"potions_floor_spawned":[3,7,11,18,22,29,38,41],"killed_by":"3 Darklings","ascension_level":9}