{"gold_per_floor":[119,130,130,130,150,150,160,185,185,196,206,221,255,274,274,379,379,379,379,35,35,35,35,0,0,0,0,0,0,0,0,0,0,0,0,0,0,0,0,0,0,0],"floor_reached":42,"playtime":3222,"items_purged":[],"score":633,"play_id":"064e65ed-63a3-44f1-93d1-0e2ae9827dd1","local_time":"20180917164215","is_ascension_mode":true,"campfire_choices":[{"floor":6,"key":"REST"},{"floor":15,"key":"REST"},{"floor":25,"key":"REST"},{"floor":28,"key":"REST"},{"floor":32,"key":"REST"},{"floor":40,"key":"REST"}],"neow_cost":"NONE","seed_source_timestamp":220345783111909,"circlet_count":0,"master_deck":["Strike_R+1","Strike_R","Strike_R","Strike_R","Strike_R","Defend_R","Defend_R+1","Bash","Iron Wave","Seeing Red","Demon Form","Twin Strike","Inflame","Twin Strike","Iron Wave","Shrug It Off","Shrug It Off","Demon Form","Spot Weakness","Cleave","Demon Form","Heavy Blade","Limit Break","Armaments","Heavy Blade","Double Tap","Flex+1","Fire Breathing+1","Thunderclap+1","Battle Trance"],"relics":["Runic Cube","Omamori","Singing Bowl","Mercury Hourglass","Ectoplasm","Pear","Shuriken","Orichalcum","Bag of Preparation","Velvet Choker","Lantern"],"potions_floor_usage":[13,14,16,33,41],"damage_taken":[{"damage":8,"enemies":"Small Slimes","floor":1,"turns":4},{"damage":6,"enemies":"Jaw Worm","floor":2,"turns":4},{"damage":2,"enemies":"2 Louse","floor":5,"turns":3},{"damage":16,"enemies":"Blue Slaver","floor":7,"turns":5},{"damage":27,"enemies":"Gremlin Nob","floor":8,"turns":4},{"damage":0,"enemies":"Large Slime","floor":10,"turns":4},{"damage":10,"enemies":"Gremlin Gang","floor":11,"turns":4},{"damage":1,"enemies":"Exordium Wildlife","floor":12,"turns":3},{"damage":9,"enemies":"Lagavulin","floor":13,"turns":6},{"damage":3,"enemies":"Exordium Thugs","floor":14,"turns":4},{"damage":4,"enemies":"Slime Boss","floor":16,"turns":6},{"damage":2,"enemies":"Chosen","floor":18,"turns":4},{"damage":13,"enemies":"Shell Parasite","floor":19,"turns":4},{"damage":45,"enemies":"Book of Stabbing","floor":23,"turns":5},{"damage":46,"enemies":"Slavers","floor":27,"turns":5},{"damage":22,"enemies":"Snake Plant","floor":29,"turns":3},{"damage":11,"enemies":"Sentry and Sphere","floor":31,"turns":4},{"damage":50,"enemies":"Collector","floor":33,"turns":7},{"damage":15,"enemies":"Orb Walker","floor":35,"turns":3},{"damage":16,"enemies":"3 Shapes","floor":36,"turns":4},{"damage":27,"enemies":"Maw","floor":37,"turns":6},{"damage":19,"enemies":"Sphere and 2 Shapes","floor":38,"turns":4},{"damage":48,"enemies":"Nemesis","floor":41,"turns":5},{"damage":15,"enemies":"3 Darklings","floor":42,"turns":1}],"seed_played":"7007209942337827768","potions_obtained":[{"floor":2,"key":"SkillPotion"},{"floor":7,"key":"LiquidBronze"},{"floor":12,"key":"PowerPotion"},{"floor":13,"key":"Fruit Juice"},{"floor":14,"key":"GamblersBrew"},{"floor":18,"key":"FearPotion"},{"floor":27,"key":"Strength Potion"},{"floor":31,"key":"Regen Potion"},{"floor":36,"key":"AttackPotion"},{"floor":41,"key":"Weak Potion"}],"is_trial":false,"path_per_floor":["M","M","?","?","M","R","M","E","T","M","M","M","E","M","R","B",null,"M","M","$","?","?","E","?","R","T","E","R","M","$","M","R","B",null,"M","M","M","M","?","R","E"],"character_chosen":"IRONCLAD","items_purchased":["Spot Weakness","Pear","Cleave"],"campfire_rested":6,"item_purchase_floors":[20,20,20],"current_hp_per_floor":[72,66,50,43,41,65,49,22,22,22,12,11,9,6,32,28,87,87,76,86,86,86,43,43,73,73,27,57,35,35,24,54,19,103,88,72,45,28,28,59,11,0],"gold":0,"neow_bonus":"BOSS_RELIC","is_prod":false,"is_daily":false,"chose_seed":false,"campfire_upgraded":0,"win_rate":0,"timestamp":1537216935,"path_taken":["M","M","?","?","M","R","M","E","T","M","M","M","E","M","R","BOSS","M","M","$","?","?","E","?","R","T","E","R","M","$","M","R","BOSS","M","M","M","M","?","R","E","M"],"build_version":"2018-09-06","purchased_purges":0,"victory":false,"max_hp_per_floor":[80,80,80,80,80,80,80,80,80,80,80,80,87,87,87,87,87,89,91,101,101,101,103,103,103,103,103,103,103,103,103,103,103,103,103,103,103,105,105,105,105,105],"card_choices":[{"not_picked":["Armaments","Headbutt"],"picked":"Iron Wave","floor":1},{"not_picked":["Clothesline","Wild Strike"],"picked":"Seeing Red","floor":2},{"not_picked":["Anger","Clothesline"],"picked":"Demon Form","floor":5},{"not_picked":["Wild Strike","Sword Boomerang"],"picked":"Twin Strike","floor":7},{"not_picked":["Whirlwind","Clash"],"picked":"Inflame","floor":8},{"not_picked":["Flex","Burning Pact"],"picked":"Twin Strike","floor":10},{"not_picked":["Clash","Headbutt"],"picked":"Iron Wave","floor":11},{"not_picked":["Clash","Dark Embrace"],"picked":"Shrug It Off","floor":12},{"not_picked":["Clothesline","Thunderclap","Burning Pact"],"picked":"Singing Bowl","floor":13},{"not_picked":["Iron Wave","Hemokinesis"],"picked":"Shrug It Off","floor":14},{"not_picked":["Dark Embrace","Fiend Fire"],"picked":"Demon Form","floor":16},{"not_picked":["Clothesline","Iron Wave","Heavy Blade"],"picked":"Singing Bowl","floor":18},{"not_picked":["Flex","Clash","True Grit+1"],"picked":"Singing Bowl","floor":19},{"not_picked":["Clothesline","Combust","Spot Weakness"],"picked":"Singing Bowl","floor":23},{"not_picked":["Warcry","Clothesline+1"],"picked":"Limit Break","floor":27},{"not_picked":["Sword Boomerang+1","Entrench+1"],"picked":"Armaments","floor":29},{"not_picked":["Battle Trance","Second Wind"],"picked":"Heavy Blade","floor":31},{"not_picked":["Fiend Fire","Dark Embrace"],"picked":"Double Tap","floor":33},{"not_picked":["Sentinel+1","Anger"],"picked":"Flex+1","floor":35},{"not_picked":["Shrug It Off+1","Twin Strike+1"],"picked":"Fire Breathing+1","floor":36},{"not_picked":["True Grit+1","Iron Wave"],"picked":"Thunderclap+1","floor":37},{"not_picked":["Wild Strike","Rage","Rampage"],"picked":"Singing Bowl","floor":38},{"not_picked":["Anger","Dropkick+1"],"picked":"Battle Trance","floor":41}],"player_experience":404713,"relics_obtained":[{"floor":8,"key":"Omamori"},{"floor":9,"key":"Singing Bowl"},{"floor":13,"key":"Mercury Hourglass"},{"floor":23,"key":"Shuriken"},{"floor":26,"key":"Orichalcum"},{"floor":27,"key":"Bag of Preparation"},{"floor":41,"key":"Lantern"}],"event_choices":[{"event_name":"Shining Light","player_choice":"Entered Light","floor":3,"damage_taken":0},{"event_name":"Golden Wing","player_choice":"Card Removal","floor":4,"damage_taken":0},{"event_name":"Match and Keep!","player_choice":"1 cards matched","floor":21,"damage_taken":0},{"event_name":"The Library","player_choice":"Read","floor":22,"damage_taken":0},{"event_name":"Masked Bandits","player_choice":"Paid Fearfully","floor":24,"damage_taken":0},{"event_name":"Falling","player_choice":"Removed Skill","floor":39,"damage_taken":0}],"is_beta":false,"boss_relics":[{"not_picked":["Black Star","Astrolabe"],"picked":"Ectoplasm"},{"not_picked":["Runic Dome","White Beast Statue"],"picked":"Velvet Choker"}],"items_purged_floors":[],"is_endless":false,"potions_floor_spawned":[2,7,12,13,14,18,27,31,36,41],"killed_by":"3 Darklings","ascension_level":4}