{"gold_per_floor":[119,119,119,136,136,136,152,152,152,152,162,162,180,212,212,313,363,374,393,26,125,136,136,136,136,136,136],"floor_reached":27,"playtime":830,"items_purged":[],"score":403,"play_id":"6be45884-0305-4129-aa91-ff3792406dfc","local_time":"20190123171858","is_ascension_mode":true,"campfire_choices":[{"floor":6,"key":"REST"},{"data":"Perfected Strike","floor":8,"key":"SMITH"},{"floor":12,"key":"REST"},{"data":"Intimidate","floor":15,"key":"SMITH"},{"data":"True Grit","floor":23,"key":"SMITH"},{"data":"Double Tap","floor":25,"key":"SMITH"}],"neow_cost":"PERCENT_DAMAGE","seed_source_timestamp":402558016561370,"circlet_count":0,"master_deck":["AscendersBane","Strike_R","Strike_R","Strike_R","Strike_R","Strike_R+1","Defend_R","Defend_R","Defend_R","Defend_R","Bash+1","Intimidate+1","Perfected Strike+1","Twin Strike","Twin Strike+1","Double Tap+1","Shrug It Off","Perfected Strike","Twin Strike","True Grit+1","Ghostly Armor"],"relics":["Burning Blood","Pocketwatch","FossilizedHelix","Pear","Potion Belt","Tiny House","Magic Flower","CultistMask","Molten Egg 2"],"potions_floor_usage":[19,22,27,27],"damage_taken":[{"damage":5,"enemies":"Small Slimes","floor":1,"turns":4},{"damage":7,"enemies":"2 Louse","floor":4,"turns":2},{"damage":0,"enemies":"Cultist","floor":7,"turns":4},{"damage":22,"enemies":"Gremlin Gang","floor":11,"turns":4},{"damage":9,"enemies":"Lots of Slimes","floor":13,"turns":5},{"damage":0,"enemies":"Gremlin Nob","floor":14,"turns":2},{"damage":61,"enemies":"Slime Boss","floor":16,"turns":13},{"damage":6,"enemies":"Chosen","floor":18,"turns":3},{"damage":0,"enemies":"3 Byrds","floor":19,"turns":4},{"damage":20,"enemies":"3 Cultists","floor":22,"turns":5},{"damage":88,"enemies":"Book of Stabbing","floor":27,"turns":6}],"seed_played":"-8473262567489150591","potions_obtained":[{"floor":4,"key":"Swift Potion"},{"floor":10,"key":"Strength Potion"},{"floor":16,"key":"Explosive Potion"},{"floor":17,"key":"Fire Potion"},{"floor":22,"key":"BloodPotion"}],"is_trial":false,"path_per_floor":["M","?","?","M","?","R","M","R","T","?","M","R","M","E","R","B",null,"M","M","$","?","M","R","?","R","T","E"],"character_chosen":"IRONCLAD","items_purchased":["Magic Flower","True Grit"],"campfire_rested":2,"item_purchase_floors":[20,20],"current_hp_per_floor":[52,34,34,33,17,41,47,47,57,57,41,68,65,71,71,16,77,77,83,83,83,72,72,72,72,72,0],"gold":136,"neow_bonus":"ONE_RARE_RELIC","is_prod":false,"is_daily":false,"chose_seed":false,"campfire_upgraded":4,"win_rate":0,"timestamp":1548281938,"path_taken":["M","?","?","M","?","R","M","R","T","?","?","R","?","E","R","BOSS","M","M","?","?","M","R","?","R","T","E"],"build_version":"2019-01-23","purchased_purges":0,"victory":false,"max_hp_per_floor":[80,80,80,80,80,80,80,80,90,90,90,90,90,90,90,90,95,95,95,95,95,95,95,95,95,95,95],"card_choices":[{"not_picked":["Clash","Body Slam"],"picked":"Intimidate","floor":1},{"not_picked":["Warcry","Wild Strike"],"picked":"Perfected Strike","floor":4},{"not_picked":["Heavy Blade","Warcry"],"picked":"Twin Strike","floor":7},{"not_picked":["Body Slam","Flex"],"picked":"Twin Strike","floor":11},{"not_picked":["True Grit","Sword Boomerang"],"picked":"Double Tap","floor":13},{"not_picked":["Clothesline","Armaments"],"picked":"Shrug It Off","floor":14},{"not_picked":["Flex","Headbutt"],"picked":"Perfected Strike","floor":17},{"not_picked":["Body Slam","Headbutt+1"],"picked":"Twin Strike","floor":18},{"not_picked":["Evolve","Seeing Red","Bludgeon"],"picked":"SKIP","floor":19},{"not_picked":["Combust","Body Slam"],"picked":"Ghostly Armor","floor":22}],"player_experience":554636,"relics_obtained":[{"floor":9,"key":"Pear"},{"floor":14,"key":"Potion Belt"},{"floor":26,"key":"Molten Egg 2"}],"event_choices":[{"damage_healed":0,"gold_gain":0,"player_choice":"Success","damage_taken":18,"relics_obtained":["FossilizedHelix"],"max_hp_gain":0,"max_hp_loss":0,"event_name":"Scrap Ooze","floor":2,"gold_loss":0},{"damage_healed":0,"gold_gain":0,"player_choice":"Ignored","damage_taken":0,"max_hp_gain":0,"max_hp_loss":0,"event_name":"Golden Wing","floor":3,"gold_loss":0},{"damage_healed":0,"gold_gain":0,"player_choice":"Entered Light","damage_taken":16,"max_hp_gain":0,"max_hp_loss":0,"event_name":"Shining Light","floor":5,"gold_loss":0,"cards_upgraded":["Bash","Strike_R"]},{"damage_healed":0,"gold_gain":0,"player_choice":"Got Potions","damage_taken":0,"max_hp_gain":0,"max_hp_loss":0,"event_name":"Lab","floor":10,"gold_loss":0},{"damage_healed":0,"gold_gain":99,"player_choice":"Stole From Cult","damage_taken":0,"max_hp_gain":0,"max_hp_loss":0,"event_name":"Nest","floor":21,"gold_loss":0},{"damage_healed":0,"gold_gain":0,"player_choice":"Trade","damage_taken":0,"relics_obtained":["CultistMask"],"max_hp_gain":0,"max_hp_loss":0,"event_name":"FaceTrader","floor":24,"gold_loss":0}],"is_beta":true,"boss_relics":[{"not_picked":["Fusion Hammer","Empty Cage"],"picked":"Tiny House"}],"items_purged_floors":[],"is_endless":false,"potions_floor_spawned":[4,16,18,22],"killed_by":"Book of Stabbing","ascension_level":12}