{"gold_per_floor":[119,119,135,135,151,187,187,201,201,220,220,264,291,305,305,398,398,417,617,633,654,231,267,10,10,37,52,75,75,89,127,127,225,225,240,240,264,44,107,140,140,179,202,535,48,73,90,116,116,116,116,116,116,56,87,87],"floor_reached":57,"playtime":3712,"items_purged":["Strike_G"],"score":3490,"play_id":"4cdc369e-00f4-4c99-a2d5-06b8a181adaa","local_time":"20190212070826","is_ascension_mode":true,"campfire_choices":[{"data":"Dagger Spray","floor":7.0,"key":"SMITH"},{"data":"Blade Dance","floor":15.0,"key":"SMITH"},{"floor":29.0,"key":"REST"},{"floor":32.0,"key":"REST"},{"data":"A Thousand Cuts","floor":41.0,"key":"SMITH"},{"floor":49,"key":"RECALL"},{"data":"1","floor":53,"key":"LIFT"}],"neow_cost":"CURSE","seed_source_timestamp":2771368344300284,"circlet_count":0,"master_deck":["AscendersBane","Defend_G","Defend_G","Defend_G","Defend_G","Defend_G","Strike_G","Strike_G","Strike_G","Strike_G","Survivor","Neutralize","Dagger Spray+1","Endless Agony","Injury","Leg Sweep","Endless Agony","Blade Dance+1","Acrobatics","Regret","Dagger Spray","Dagger Throw","Malaise+1","Footwork","Dodge and Roll+1","Well Laid Plans","Escape Plan+1","Dodge and Roll+1","Glass Knife","Dodge and Roll+1","Decay","PiercingWail+1","PiercingWail+1","Backflip+1","Leg Sweep+1","A Thousand Cuts+1","Predator","Footwork","Well Laid Plans","Acrobatics+1","PiercingWail+1","Impatience+1","Adrenaline+1","Acrobatics+1"],"special_seed":0,"relics":["Ring of the Snake","Du-Vu Doll","The Courier","Calipers","Tough Bandages","Matryoshka","Toxic Egg 2","Pen Nib","Sozu","Girya","PreservedInsect","Kunai","Mummified Hand","Bag of Preparation","Centennial Puzzle","HoveringKite","Bag of Marbles","Ice Cream","Gambling Chip","Omamori","Letter Opener","Ornamental Fan","Oddly Smooth Stone","Anchor","Orichalcum"],"potions_floor_usage":[],"damage_taken":[{"damage":1.0,"enemies":"Small Slimes","floor":1.0,"turns":4.0},{"damage":1.0,"enemies":"Cultist","floor":3.0,"turns":4.0},{"damage":0.0,"enemies":"Jaw Worm","floor":5.0,"turns":2.0},{"damage":7.0,"enemies":"3 Sentries","floor":6.0,"turns":7.0},{"damage":1.0,"enemies":"Looter","floor":8.0,"turns":3.0},{"damage":0.0,"enemies":"Blue Slaver","floor":10.0,"turns":1.0},{"damage":8.0,"enemies":"Gremlin Nob","floor":12.0,"turns":3.0},{"damage":0.0,"enemies":"2 Fungi Beasts","floor":14.0,"turns":1.0},{"damage":0.0,"enemies":"Slime Boss","floor":16.0,"turns":5.0},{"damage":0.0,"enemies":"Chosen","floor":18.0,"turns":3.0},{"damage":1.0,"enemies":"3 Byrds","floor":20.0,"turns":4.0},{"damage":18.0,"enemies":"Snecko","floor":21.0,"turns":6.0},{"damage":15.0,"enemies":"Slavers","floor":23.0,"turns":5.0},{"damage":8.0,"enemies":"Centurion and Healer","floor":27.0,"turns":5.0},{"damage":2.0,"enemies":"Snake Plant","floor":28.0,"turns":3.0},{"damage":0.0,"enemies":"Snecko","floor":30.0,"turns":5.0},{"damage":21.0,"enemies":"Book of Stabbing","floor":31.0,"turns":3.0},{"damage":9.0,"enemies":"Champ","floor":33.0,"turns":20.0},{"damage":0.0,"enemies":"3 Shapes","floor":35.0,"turns":3.0},{"damage":1.0,"enemies":"3 Darklings","floor":37.0,"turns":6.0},{"damage":0.0,"enemies":"2 Orb Walkers","floor":39.0,"turns":3.0},{"damage":0.0,"enemies":"Giant Head","floor":40.0,"turns":7.0},{"damage":0.0,"enemies":"Reptomancer","floor":42.0,"turns":5.0},{"damage":0,"enemies":"Nemesis","floor":46,"turns":3},{"damage":0,"enemies":"Maw","floor":47,"turns":6},{"damage":0,"enemies":"Reptomancer","floor":48,"turns":1},{"damage":0,"enemies":"Donu and Deca","floor":50,"turns":10},{"damage":0,"enemies":"Awakened One","floor":51,"turns":17},{"damage":0,"enemies":"Shield and Spear","floor":55,"turns":2},{"damage":23,"enemies":"The Heart","floor":56,"turns":17}],"seed_played":"196716078907138488","potions_obtained":[{"floor":10.0,"key":"Regen Potion"},{"floor":12.0,"key":"Explosive Potion"},{"floor":16.0,"key":"Ancient Potion"}],"is_trial":false,"path_per_floor":["M","?","M","?","M","E","R","M","T","M","?","E","T","M","R","B",null,"M","?","M","M","$","E","$","?","T","M","M","R","M","E","R","B",null,"M","?","M","$","?","E","R","E","T","?","$","E","M","E","R","B","B",null,"R","$","E","B",null],"character_chosen":"THE_SILENT","items_purchased":["Well Laid Plans","Girya","Escape Plan+1","Dodge and Roll+1","Kunai","Dodge and Roll+1","Footwork","Well Laid Plans","Bag of Marbles","Impatience+1","Letter Opener","Ornamental Fan"],"campfire_rested":2,"item_purchase_floors":[22,22,22,22,24,24,38,38,38,45,45,45],"current_hp_per_floor":[58,58,57,57,57,50,50,49,49,49,49,41,41,41,41,55,63,63,63,62,44,44,29,29,29,29,21,19,38,38,17,36,27,56,56,56,55,55,55,55,55,55,55,55,55,55,55,55,55,55,55,63,63,63,63,40],"gold":87,"neow_bonus":"ONE_RARE_RELIC","is_prod":false,"is_daily":false,"chose_seed":false,"campfire_upgraded":3,"win_rate":0,"timestamp":1549951706,"path_taken":["M","?","?","?","M","E","R","M","T","M","?","E","?","M","R","BOSS","M","?","?","M","?","E","$","?","T","M","M","R","M","E","R","BOSS","M","?","M","$","?","E","R","E","T","?","$","E","M","E","R","BOSS","BOSS","R","$","E","BOSS"],"build_version":"2019-02-06","purchased_purges":1,"victory":true,"max_hp_per_floor":[66,66,66,66,66,66,66,66,66,66,66,66,66,66,66,66,66,66,66,66,66,66,66,66,66,66,66,66,66,66,66,66,66,66,66,66,66,66,66,66,66,66,66,66,66,66,66,66,66,66,66,66,66,66,66,66],"card_choices":[{"not_picked":["Deflect","Slice"],"picked":"Dagger Spray","floor":1.0},{"not_picked":["Backflip","Blur"],"picked":"Endless Agony","floor":3.0},{"not_picked":["Bouncing Flask","Catalyst"],"picked":"Leg Sweep","floor":5.0},{"not_picked":["Crippling Poison","Poisoned Stab"],"picked":"Endless Agony","floor":6.0},{"not_picked":["Catalyst","Backflip"],"picked":"Blade Dance","floor":8.0},{"not_picked":["Eviscerate","Slice"],"picked":"Acrobatics","floor":10.0},{"not_picked":["Deflect","Prepared"],"picked":"Dagger Spray","floor":12.0},{"not_picked":["Envenom","Predator"],"picked":"Dagger Throw","floor":14.0},{"not_picked":["Doppelganger+1","A Thousand Cuts"],"picked":"Malaise+1","floor":16.0},{"not_picked":["Quick Slash","Bane"],"picked":"Footwork","floor":18.0},{"not_picked":["Caltrops","Heel Hook","Expertise+1"],"picked":"SKIP","floor":20.0},{"not_picked":["Predator","Terror+1"],"picked":"Dodge and Roll+1","floor":21.0},{"not_picked":["Deflect+1","Predator"],"picked":"Glass Knife","floor":23.0},{"not_picked":["Dash","Flying Knee"],"picked":"PiercingWail+1","floor":27.0},{"not_picked":["Slice","Cloak And Dagger+1"],"picked":"PiercingWail+1","floor":28.0},{"not_picked":["Deadly Poison+1","Poisoned Stab"],"picked":"Backflip+1","floor":30.0},{"not_picked":["Quick Slash+1","Accuracy"],"picked":"Leg Sweep+1","floor":31.0},{"not_picked":["Venomology+1","Adrenaline+1"],"picked":"A Thousand Cuts","floor":33.0},{"not_picked":["Blade Dance+1","Slice+1"],"picked":"Predator","floor":35.0},{"not_picked":["Quick Slash","Deadly Poison+1","Setup+1"],"picked":"SKIP","floor":37.0},{"not_picked":["Sucker Punch","Skewer"],"picked":"Acrobatics+1","floor":39.0},{"not_picked":["Sucker Punch","Slice","Concentrate+1"],"picked":"SKIP","floor":40.0},{"not_picked":["Deflect+1","Dagger Spray+1"],"picked":"PiercingWail+1","floor":42.0},{"not_picked":["Eviscerate","Masterful Stab"],"picked":"Adrenaline+1","floor":46},{"not_picked":["Dagger Throw+1","Deflect+1","Bouncing Flask+1"],"picked":"SKIP","floor":47},{"not_picked":["Outmaneuver+1","Dodge and Roll+1"],"picked":"Acrobatics+1","floor":48},{"not_picked":["Die Die Die","Dash","Poisoned Stab+1"],"picked":"SKIP","floor":55}],"player_experience":2971687,"relics_obtained":[{"floor":6.0,"key":"The Courier"},{"floor":9.0,"key":"Calipers"},{"floor":12.0,"key":"Matryoshka"},{"floor":13.0,"key":"Toxic Egg 2"},{"floor":13.0,"key":"Pen Nib"},{"floor":23.0,"key":"PreservedInsect"},{"floor":26.0,"key":"Mummified Hand"},{"floor":26.0,"key":"Bag of Preparation"},{"floor":31.0,"key":"Centennial Puzzle"},{"floor":39.0,"key":"Ice Cream"},{"floor":40.0,"key":"Gambling Chip"},{"floor":42.0,"key":"Omamori"},{"floor":46,"key":"Oddly Smooth Stone"},{"floor":48,"key":"Anchor"},{"floor":55,"key":"Orichalcum"}],"event_choices":[{"cards_removed":["Injury"],"damage_healed":0.0,"max_hp_gain":0.0,"max_hp_loss":0.0,"gold_gain":0.0,"event_name":"Fountain of Cleansing","player_choice":"Removed Curses","floor":2.0,"gold_loss":0.0,"damage_taken":0.0},{"damage_healed":0.0,"max_hp_gain":0.0,"max_hp_loss":0.0,"gold_gain":0.0,"event_name":"Golden Idol","player_choice":"Take Wound","floor":4.0,"gold_loss":0.0,"damage_taken":0.0,"relics_obtained":["Golden Idol"],"cards_obtained":["Injury"]},{"damage_healed":0.0,"max_hp_gain":0.0,"max_hp_loss":0.0,"gold_gain":0.0,"event_name":"Big Fish","player_choice":"Box","floor":11.0,"gold_loss":0.0,"damage_taken":0.0,"relics_obtained":["Tough Bandages"],"cards_obtained":["Regret"]},{"damage_healed":0.0,"max_hp_gain":0.0,"max_hp_loss":0.0,"gold_gain":250.0,"event_name":"The Joust","player_choice":"Bet on Owner","floor":19.0,"gold_loss":50.0,"damage_taken":0.0},{"damage_healed":0.0,"max_hp_gain":0.0,"max_hp_loss":0.0,"gold_gain":0.0,"event_name":"Wheel of Change","player_choice":"Cursed","floor":25.0,"gold_loss":0.0,"damage_taken":0.0,"cards_obtained":["Decay"]},{"damage_healed":0.0,"max_hp_gain":0.0,"max_hp_loss":0.0,"gold_gain":0.0,"event_name":"SensoryStone","player_choice":"Memory 1","floor":36.0,"gold_loss":0.0,"damage_taken":0.0},{"damage_healed":0.0,"max_hp_gain":0.0,"max_hp_loss":0.0,"gold_gain":0.0,"event_name":"Mysterious Sphere","player_choice":"Fight","floor":39.0,"gold_loss":0.0,"damage_taken":0.0},{"damage_healed":0.0,"max_hp_gain":0.0,"max_hp_loss":0.0,"gold_gain":333.0,"event_name":"The Moai Head","player_choice":"Gave Idol","floor":44.0,"relics_lost":["Golden Idol"],"gold_loss":0.0,"damage_taken":0.0}],"is_beta":true,"boss_relics":[{"not_picked":["Lizard Tail","Black Star"],"picked":"Sozu"},{"not_picked":["Fusion Hammer","Tiny House"],"picked":"HoveringKite"}],"items_purged_floors":[54],"is_endless":false,"potions_floor_spawned":[10,12,14,16,20,23,31,33,40,42,47,48,55],"ascension_level":20}