{"gold_per_floor":[118,118,118,128,142,142,242,267,267,277,289,289,300,300,300,374,374,393,199,214,230,329,329,348,366,391,316,316,332,101,42,42,42],"floor_reached":33,"playtime":1265,"items_purged":[],"score":493,"play_id":"56f974ec-c1a0-4530-8c22-be8ad262e2b3","local_time":"20190206193833","is_ascension_mode":true,"campfire_choices":[{"data":"Finesse","floor":6,"key":"SMITH"},{"data":"Perfected Strike","floor":12,"key":"SMITH"},{"floor":15,"key":"REST"},{"data":"Perfected Strike","floor":23,"key":"SMITH"},{"data":"Offering","floor":28,"key":"SMITH"},{"floor":32,"key":"REST"}],"neow_cost":"NONE","seed_source_timestamp":144291243596888,"circlet_count":0,"master_deck":["AscendersBane","Strike_R","Strike_R","Strike_R","Strike_R","Strike_R","Defend_R","Defend_R","Defend_R","Bash","Finesse+1","Perfected Strike+1","Twin Strike","Cleave","Warcry","Perfected Strike+1","Disarm","Wild Strike","Trip","Double Tap","Wild Strike","PanicButton","Offering+1","Perfected Strike+1","Iron Wave","Shrug It Off","Burning Pact"],"relics":["Burning Blood","Gremlin Horn","The Courier","Runic Dome","Orichalcum","Shuriken"],"potions_floor_usage":[16],"damage_taken":[{"damage":10,"enemies":"2 Louse","floor":1,"turns":3},{"damage":5,"enemies":"Jaw Worm","floor":4,"turns":3},{"damage":0,"enemies":"Small Slimes","floor":5,"turns":3},{"damage":31,"enemies":"Lagavulin","floor":8,"turns":6},{"damage":8,"enemies":"Blue Slaver","floor":10,"turns":3},{"damage":6,"enemies":"Gremlin Gang","floor":11,"turns":3},{"damage":14,"enemies":"Exordium Wildlife","floor":13,"turns":2},{"damage":0,"enemies":"Slime Boss","floor":16,"turns":4},{"damage":18,"enemies":"3 Byrds","floor":18,"turns":4},{"damage":12,"enemies":"Chosen","floor":20,"turns":3},{"damage":15,"enemies":"Centurion and Healer","floor":21,"turns":4},{"damage":6,"enemies":"Sentry and Sphere","floor":24,"turns":2},{"damage":6,"enemies":"Cultist and Chosen","floor":25,"turns":4},{"damage":32,"enemies":"Snake Plant","floor":29,"turns":4},{"damage":61,"enemies":"Collector","floor":33,"turns":6}],"seed_played":"3961784210844383003","potions_obtained":[{"floor":4,"key":"Fire Potion"},{"floor":10,"key":"Poison Potion"},{"floor":13,"key":"FearPotion"},{"floor":16,"key":"Swift Potion"},{"floor":20,"key":"Ancient Potion"}],"is_trial":false,"path_per_floor":["M","?","?","M","M","R","?","E","T","M","M","R","M","?","R","B",null,"M","$","M","M","?","R","M","M","T","?","R","M","$","$","R","B"],"character_chosen":"IRONCLAD","items_purchased":["PanicButton","Offering","Shuriken","Shrug It Off","Burning Pact"],"campfire_rested":2,"item_purchase_floors":[19,19,30,30,31],"current_hp_per_floor":[68,73,73,74,80,80,80,55,55,53,53,53,45,45,70,76,83,71,71,65,56,56,56,56,56,56,56,56,30,30,30,55,0],"gold":42,"neow_bonus":"RANDOM_COLORLESS","is_prod":false,"is_daily":false,"chose_seed":false,"campfire_upgraded":4,"win_rate":0,"timestamp":1549499913,"path_taken":["M","?","?","M","M","R","?","E","T","M","M","R","?","?","R","BOSS","M","$","M","?","?","R","M","M","T","?","R","M","?","$","R","BOSS"],"build_version":"2019-01-23","purchased_purges":0,"victory":false,"max_hp_per_floor":[80,85,85,85,85,85,85,85,85,85,85,85,85,85,85,85,85,85,85,85,85,85,85,85,85,85,85,85,85,85,85,85,85],"card_choices":[{"not_picked":["Heavy Blade","Sword Boomerang"],"picked":"Perfected Strike","floor":1},{"not_picked":["Cleave","Dark Embrace"],"picked":"Twin Strike","floor":4},{"not_picked":["Body Slam","Entrench"],"picked":"Cleave","floor":5},{"not_picked":["Burning Pact","Second Wind"],"picked":"Warcry","floor":8},{"not_picked":["Blood for Blood","Cleave"],"picked":"Perfected Strike","floor":10},{"not_picked":["Pummel","Bloodletting"],"picked":"Disarm","floor":11},{"not_picked":["Sword Boomerang","Iron Wave"],"picked":"Wild Strike","floor":13},{"not_picked":["Dark Embrace","Impervious"],"picked":"Double Tap","floor":16},{"not_picked":["Disarm","Seeing Red"],"picked":"Wild Strike","floor":18},{"not_picked":["Clash","Sword Boomerang"],"picked":"Perfected Strike","floor":20},{"not_picked":["Sword Boomerang","Cleave","Immolate"],"picked":"SKIP","floor":21},{"not_picked":["Hemokinesis","Warcry","Havoc"],"picked":"SKIP","floor":24},{"not_picked":["Second Wind+1","Armaments","Seeing Red"],"picked":"SKIP","floor":25},{"not_picked":["Heavy Blade","Armaments"],"picked":"Iron Wave","floor":29}],"player_experience":587270,"relics_obtained":[{"floor":8,"key":"Gremlin Horn"},{"floor":9,"key":"The Courier"},{"floor":26,"key":"Orichalcum"}],"event_choices":[{"damage_healed":0,"gold_gain":0,"player_choice":"Donut","damage_taken":0,"max_hp_gain":5,"max_hp_loss":0,"event_name":"Big Fish","floor":2,"gold_loss":0},{"damage_healed":0,"gold_gain":0,"player_choice":"Grow","damage_taken":0,"max_hp_gain":0,"max_hp_loss":0,"event_name":"Living Wall","floor":3,"gold_loss":0,"cards_upgraded":["Perfected Strike"]},{"damage_healed":0,"gold_gain":100,"player_choice":"Pray","damage_taken":0,"max_hp_gain":0,"max_hp_loss":0,"event_name":"Golden Shrine","floor":7,"gold_loss":0},{"damage_healed":0,"gold_gain":0,"player_choice":"1 cards matched","damage_taken":0,"max_hp_gain":0,"max_hp_loss":0,"event_name":"Match and Keep!","floor":14,"gold_loss":0,"cards_obtained":["Trip"]},{"damage_healed":0,"gold_gain":99,"player_choice":"Stole From Cult","damage_taken":0,"max_hp_gain":0,"max_hp_loss":0,"event_name":"Nest","floor":22,"gold_loss":0},{"cards_removed":["Defend_R"],"damage_healed":0,"gold_gain":0,"player_choice":"Gave Gold","damage_taken":0,"max_hp_gain":0,"max_hp_loss":0,"event_name":"Beggar","floor":27,"gold_loss":75}],"is_beta":true,"boss_relics":[{"not_picked":["Empty Cage","Runic Cube"],"picked":"Runic Dome"}],"items_purged_floors":[],"is_endless":false,"potions_floor_spawned":[4,10,13,16,20,24,25,29],"killed_by":"Collector","ascension_level":13}