{"gold_per_floor":[110,125,136,48,66,98,117,117,142,168,14,14,47,61,61,165,165,176,188,188,199,215,215,215,231,231,231,231,247,247,264,264,364,364,374,74,84,99,114,114,114,114,139,151,183,195,220,242,254,266],"floor_reached":50,"playtime":3569,"items_purged":[],"score":559,"play_id":"d44fa4ea-0406-48e5-983b-48bd1ebfcffb","local_time":"20181109041343","is_ascension_mode":true,"campfire_choices":[{"floor":8,"key":"REST"},{"data":"Steam Power","floor":12,"key":"SMITH"},{"data":"Zap","floor":15,"key":"SMITH"},{"floor":23,"key":"REST"},{"floor":30,"key":"REST"},{"floor":32,"key":"REST"},{"floor":40,"key":"REST"},{"floor":42,"key":"REST"},{"data":"Reboot","floor":44,"key":"SMITH"},{"data":"Scrape","floor":46,"key":"SMITH"},{"floor":49,"key":"REST"}],"neow_cost":"NONE","seed_source_timestamp":227756259909781,"circlet_count":0,"master_deck":["Strike_B+1","Strike_B+1","Strike_B+1","Strike_B+1","Defend_B+1","Defend_B+1","Defend_B+1","Defend_B+1","Zap+1","Dualcast","Go for the Eyes","Conserve Battery","Steam","Impatience","Steam Power+1","BootSequence","Go for the Eyes","All For One","Gash","Fission","Beam Cell","Gash","Gash","Hologram","Leap","Go for the Eyes+1","Auto Shields+1","Reboot+1","Turbo","Beam Cell","Hologram","FTL+1","Finesse","Reinforced Body+1","Scrape+1","Self Repair+1","Injury","Go for the Eyes+1","Undo"],"relics":["Cracked Core","Boot","Darkstone Periapt","Ancient Tea Set","Vajra","Bag of Marbles","Orrery","Nunchaku","Bronze Scales","Cursed Key","Toolbox","MawBank"],"potions_floor_usage":[16,21,22,33,45,48,50],"damage_taken":[{"damage":0,"enemies":"Cultist","floor":1,"turns":3},{"damage":0,"enemies":"2 Louse","floor":2,"turns":2},{"damage":1,"enemies":"Jaw Worm","floor":3,"turns":3},{"damage":0,"enemies":"2 Fungi Beasts","floor":5,"turns":2},{"damage":23,"enemies":"Lagavulin","floor":6,"turns":6},{"damage":1,"enemies":"3 Louse","floor":7,"turns":3},{"damage":8,"enemies":"3 Sentries","floor":13,"turns":8},{"damage":0,"enemies":"Blue Slaver","floor":14,"turns":3},{"damage":38,"enemies":"Slime Boss","floor":16,"turns":9},{"damage":0,"enemies":"3 Byrds","floor":18,"turns":3},{"damage":0,"enemies":"2 Thieves","floor":19,"turns":3},{"damage":15,"enemies":"Shelled Parasite and Fungi","floor":21,"turns":6},{"damage":51,"enemies":"Snecko","floor":22,"turns":8},{"damage":1,"enemies":"Colosseum Slavers","floor":24,"turns":4},{"damage":8,"enemies":"Snake Plant","floor":25,"turns":5},{"damage":1,"enemies":"Shelled Parasite and Fungi","floor":29,"turns":5},{"damage":21,"enemies":"Sentry and Sphere","floor":31,"turns":5},{"damage":30,"enemies":"Automaton","floor":33,"turns":11},{"damage":0,"enemies":"Orb Walker","floor":35,"turns":5},{"damage":10,"enemies":"3 Darklings","floor":37,"turns":4},{"damage":29,"enemies":"Jaw Worm Horde","floor":38,"turns":5},{"damage":1,"enemies":"Sphere and 2 Shapes","floor":39,"turns":3},{"damage":21,"enemies":"4 Shapes","floor":45,"turns":10},{"damage":18,"enemies":"Writhing Mass","floor":47,"turns":4},{"damage":18,"enemies":"Spire Growth","floor":48,"turns":5},{"damage":79,"enemies":"Donu and Deca","floor":50,"turns":7}],"seed_played":"192245265082201183","potions_obtained":[{"floor":1,"key":"SkillPotion"},{"floor":3,"key":"Weak Potion"},{"floor":6,"key":"Fire Potion"},{"floor":19,"key":"Regen Potion"},{"floor":21,"key":"Weak Potion"},{"floor":22,"key":"Ancient Potion"},{"floor":38,"key":"FocusPotion"},{"floor":39,"key":"PowerPotion"}],"is_trial":false,"path_per_floor":["M","M","M","$","M","E","M","R","T","T","$","R","E","M","R","B",null,"M","M","?","M","M","R","?","M","T","?","?","M","R","M","R","B",null,"M","$","M","M","M","R","?","R","T","R","M","R","M","M","R","B"],"character_chosen":"DEFECT","items_purchased":["Impatience","All For One","Finesse","Toolbox"],"campfire_rested":7,"item_purchase_floors":[4,11,36,36],"current_hp_per_floor":[75,75,74,74,74,51,50,72,72,72,72,72,64,64,64,26,75,75,75,75,60,9,31,30,22,22,22,22,21,43,22,44,29,75,75,75,65,36,35,57,57,75,81,81,70,70,52,44,68,0],"gold":266,"neow_bonus":"RANDOM_COMMON_RELIC","is_prod":false,"is_daily":false,"chose_seed":false,"campfire_upgraded":4,"win_rate":0,"timestamp":1541754823,"path_taken":["M","M","M","$","M","E","M","R","T","?","?","R","E","M","R","BOSS","M","M","?","?","M","R","?","M","T","?","?","M","R","M","R","BOSS","M","$","M","M","M","R","?","R","T","R","M","R","M","M","R","BOSS"],"build_version":"2018-11-08","purchased_purges":0,"victory":false,"max_hp_per_floor":[75,75,75,75,75,75,75,75,75,75,75,75,75,75,75,75,75,75,75,75,75,75,75,75,75,75,75,75,75,75,75,75,75,75,75,75,75,75,75,75,75,75,81,81,81,81,81,81,81,81],"card_choices":[{"not_picked":["Consume","Darkness"],"picked":"Go for the Eyes","floor":1},{"not_picked":["Capacitor","Stack"],"picked":"Conserve Battery","floor":2},{"not_picked":["Hologram","Cold Snap"],"picked":"Steam","floor":3},{"not_picked":["Coolheaded","Conserve Battery"],"picked":"Steam Power","floor":5},{"not_picked":["Darkness","Sunder"],"picked":"BootSequence","floor":6},{"not_picked":["Leap","Tempest"],"picked":"Go for the Eyes","floor":7},{"not_picked":["Cold Snap","Genetic Algorithm"],"picked":"Gash","floor":13},{"not_picked":["Redo","Barrage","Hyperbeam"],"picked":"SKIP","floor":14},{"not_picked":["Meteor Strike","Electrodynamics"],"picked":"Fission","floor":16},{"not_picked":["Conserve Battery","Leap"],"picked":"Beam Cell","floor":17},{"not_picked":["Redo","Self Repair"],"picked":"Gash","floor":17},{"not_picked":["Barrage","Ball Lightning"],"picked":"Gash","floor":17},{"not_picked":["Leap","Sunder"],"picked":"Hologram","floor":17},{"not_picked":["Ball Lightning","Rebound"],"picked":"Leap","floor":17},{"not_picked":["Static Discharge+1","Compile Driver"],"picked":"Go for the Eyes+1","floor":18},{"not_picked":["Stack","Self Repair+1"],"picked":"Auto Shields+1","floor":19},{"not_picked":["Stack","Darkness"],"picked":"Reboot","floor":21},{"not_picked":["Cold Snap","Ball Lightning"],"picked":"Turbo","floor":22},{"not_picked":["Ball Lightning","Double Energy"],"picked":"Beam Cell","floor":25},{"not_picked":["Beam Cell","Storm"],"picked":"Hologram","floor":29},{"not_picked":["Force Field+1","Leap","Barrage+1"],"picked":"SKIP","floor":31},{"not_picked":["Heatsinks+1","Steam"],"picked":"FTL+1","floor":35},{"not_picked":["Lockon","Steam+1"],"picked":"Reinforced Body+1","floor":37},{"not_picked":["Cold Snap+1","Darkness"],"picked":"Scrape","floor":38},{"not_picked":["Leap+1","Streamline"],"picked":"Self Repair+1","floor":39},{"not_picked":["Melter+1","Redo+1"],"picked":"Go for the Eyes+1","floor":45},{"not_picked":["Blizzard+1","Glacier","Coolheaded+1"],"picked":"SKIP","floor":47},{"not_picked":["Rebound","Turbo"],"picked":"Undo","floor":48}],"player_experience":48175,"relics_obtained":[{"floor":6,"key":"Darkstone Periapt"},{"floor":9,"key":"Ancient Tea Set"},{"floor":10,"key":"Vajra"},{"floor":13,"key":"Bag of Marbles"},{"floor":26,"key":"Nunchaku"},{"floor":43,"key":"MawBank"}],"event_choices":[{"damage_healed":0,"gold_gain":0,"player_choice":"Ignored","damage_taken":0,"max_hp_gain":0,"max_hp_loss":0,"event_name":"Purifier","floor":20,"gold_loss":0},{"damage_healed":0,"gold_gain":0,"player_choice":"Fight","damage_taken":0,"max_hp_gain":0,"max_hp_loss":0,"event_name":"Colosseum","floor":24,"gold_loss":0},{"damage_healed":0,"gold_gain":0,"player_choice":"Fled From Nobs","damage_taken":0,"max_hp_gain":0,"max_hp_loss":0,"event_name":"Colosseum","floor":24,"gold_loss":0},{"damage_healed":0,"gold_gain":0,"player_choice":"Simplicity","damage_taken":0,"max_hp_gain":0,"max_hp_loss":0,"event_name":"Back to Basics","floor":27,"gold_loss":0,"cards_upgraded":["Strike_B","Strike_B","Strike_B","Strike_B","Defend_B","Defend_B","Defend_B","Defend_B"]},{"damage_healed":0,"gold_gain":0,"player_choice":"Opened","damage_taken":0,"relics_obtained":["Bronze Scales"],"max_hp_gain":0,"max_hp_loss":0,"event_name":"The Mausoleum","floor":28,"gold_loss":0},{"damage_healed":0,"gold_gain":0,"player_choice":"Ignored","damage_taken":0,"max_hp_gain":0,"max_hp_loss":0,"event_name":"Mysterious Sphere","floor":41,"gold_loss":0}],"is_beta":false,"boss_relics":[{"not_picked":["Runic Dome","Runic Pyramid"],"picked":"Orrery"},{"not_picked":["Tiny House","Coffee Dripper"],"picked":"Cursed Key"}],"items_purged_floors":[],"is_endless":false,"potions_floor_spawned":[1,3,6,14,19,21,22,31,38,39],"killed_by":"Donu and Deca","ascension_level":1}