{"gold_per_floor":[118,131,131,96,62,101,101,126,126,126,140,154,194,213,213,337,337,351,451,469,356,376,376,401,420,445,483,483,483,103,121,121,240,240,263,263,263,263],"floor_reached":39,"playtime":1667,"items_purged":[],"score":1028,"play_id":"28ccbe09-b695-4e41-98ac-cffbfe4c61f4","local_time":"20190206145000","is_ascension_mode":true,"campfire_choices":[{"data":"Barricade","floor":7,"key":"SMITH"},{"floor":15,"key":"REST"},{"floor":23,"key":"REST"},{"data":"Body Slam","floor":28,"key":"SMITH"},{"data":"Metallicize","floor":32,"key":"SMITH"}],"neow_cost":"NONE","seed_source_timestamp":126566775366666,"circlet_count":0,"master_deck":["AscendersBane","Strike_R","Strike_R","Strike_R","Strike_R","Strike_R","Defend_R","Defend_R","Defend_R","Defend_R","Bash","Flame Barrier","Shrug It Off","Inflame","Barricade+1","Feel No Pain","Iron Wave","Reckless Charge","Body Slam+1","Offering+1","Infernal Blade+1","True Grit+1","Flame Barrier+1","Rupture","Armaments+1","Infernal Blade+1","Power Through+1","Cleave","Metallicize+1","Spot Weakness+1","Demon Form","Intimidate+1"],"relics":["Black Blood","NeowsBlessing","Golden Idol","Mummified Hand","Toxic Egg 2","Art of War","Incense Burner","Ancient Tea Set","Bag of Marbles","Gremlin Horn","Nunchaku","Mark of Pain"],"potions_floor_usage":[38],"damage_taken":[{"damage":0,"enemies":"Jaw Worm","floor":1,"turns":1},{"damage":0,"enemies":"2 Louse","floor":2,"turns":1},{"damage":0,"enemies":"Lagavulin","floor":6,"turns":2},{"damage":0,"enemies":"Cultist","floor":8,"turns":4},{"damage":8,"enemies":"Large Slime","floor":11,"turns":8},{"damage":17,"enemies":"Exordium Wildlife","floor":12,"turns":5},{"damage":42,"enemies":"Gremlin Nob","floor":13,"turns":5},{"damage":3,"enemies":"Blue Slaver","floor":14,"turns":4},{"damage":8,"enemies":"Slime Boss","floor":16,"turns":9},{"damage":12,"enemies":"Spheric Guardian","floor":18,"turns":6},{"damage":29,"enemies":"3 Byrds","floor":20,"turns":5},{"damage":16,"enemies":"Centurion and Healer","floor":22,"turns":9},{"damage":13,"enemies":"Shelled Parasite and Fungi","floor":24,"turns":8},{"damage":6,"enemies":"Cultist and Chosen","floor":25,"turns":6},{"damage":9,"enemies":"Slavers","floor":27,"turns":9},{"damage":8,"enemies":"Chosen and Byrds","floor":31,"turns":4},{"damage":32,"enemies":"Collector","floor":33,"turns":14},{"damage":6,"enemies":"Orb Walker","floor":35,"turns":3},{"damage":31,"enemies":"Awakened One","floor":38,"turns":16}],"seed_played":"-8652302291836395980","potions_obtained":[{"floor":1,"key":"Weak Potion"},{"floor":6,"key":"Dexterity Potion"},{"floor":16,"key":"Regen Potion"}],"is_trial":false,"path_per_floor":["M","M","?","?","$","E","R","M","T","?","M","M","E","M","R","B",null,"M","?","M","$","M","R","M","M","T","E","R","?","$","M","R","B",null,"M","?","?","B",null],"character_chosen":"IRONCLAD","items_purchased":["Inflame","Flame Barrier+1","Rupture","Metallicize","Nunchaku"],"campfire_rested":2,"item_purchase_floors":[5,21,21,30,30],"current_hp_per_floor":[78,80,60,80,80,80,80,80,80,77,75,64,28,31,55,53,73,71,71,52,52,46,70,67,71,71,72,72,72,72,74,74,52,73,77,77,77,56],"gold":263,"neow_bonus":"THREE_ENEMY_KILL","is_prod":false,"is_daily":false,"chose_seed":false,"campfire_upgraded":3,"win_rate":0,"timestamp":1549482600,"path_taken":["M","M","?","?","$","E","R","M","T","?","M","M","E","M","R","BOSS","M","?","M","$","?","R","M","M","T","E","R","?","?","M","R","BOSS","M","?","?","BOSS"],"build_version":"2019-01-23","purchased_purges":0,"victory":true,"max_hp_per_floor":[80,80,80,80,80,80,80,80,80,80,80,80,80,80,80,80,80,80,80,80,80,80,80,80,80,80,80,80,80,80,80,80,80,80,80,80,80,80],"card_choices":[{"not_picked":["Sentinel","Flex"],"picked":"Flame Barrier","floor":1},{"not_picked":["Havoc","Infernal Blade"],"picked":"Shrug It Off","floor":2},{"not_picked":["Armaments","Hemokinesis"],"picked":"Barricade","floor":6},{"not_picked":["Dropkick","Havoc"],"picked":"Feel No Pain","floor":8},{"not_picked":["Carnage","Rampage"],"picked":"Iron Wave","floor":11},{"not_picked":["Ghostly Armor+1","Heavy Blade"],"picked":"Reckless Charge","floor":12},{"not_picked":["Perfected Strike","Wild Strike","Whirlwind"],"picked":"SKIP","floor":13},{"not_picked":["Evolve","Rage+1"],"picked":"Body Slam","floor":14},{"not_picked":["Bludgeon","Barricade"],"picked":"Offering+1","floor":16},{"not_picked":["Flex+1","Sword Boomerang"],"picked":"Infernal Blade+1","floor":18},{"not_picked":["Thunderclap+1","Disarm+1"],"picked":"True Grit+1","floor":20},{"not_picked":["Flame Barrier+1","Battle Trance+1"],"picked":"Armaments+1","floor":22},{"not_picked":["Inflame","Armaments+1"],"picked":"Infernal Blade+1","floor":24},{"not_picked":["Pummel","Uppercut"],"picked":"Power Through+1","floor":25},{"not_picked":["Heavy Blade","Twin Strike"],"picked":"Cleave","floor":27},{"not_picked":["Clothesline","Sentinel+1"],"picked":"Spot Weakness+1","floor":31},{"not_picked":["Dark Embrace","Barricade"],"picked":"Demon Form","floor":33},{"not_picked":["Sword Boomerang","Pommel Strike"],"picked":"Intimidate+1","floor":35}],"player_experience":584503,"relics_obtained":[{"floor":6,"key":"Mummified Hand"},{"floor":9,"key":"Toxic Egg 2"},{"floor":13,"key":"Incense Burner"},{"floor":26,"key":"Ancient Tea Set"},{"floor":27,"key":"Bag of Marbles"}],"event_choices":[{"damage_healed":0,"gold_gain":0,"player_choice":"Take Damage","damage_taken":20,"relics_obtained":["Golden Idol"],"max_hp_gain":0,"max_hp_loss":0,"event_name":"Golden Idol","floor":3,"gold_loss":0},{"damage_healed":20,"gold_gain":0,"player_choice":"Healed","damage_taken":0,"max_hp_gain":0,"max_hp_loss":0,"event_name":"The Cleric","floor":4,"gold_loss":35},{"damage_healed":0,"gold_gain":0,"player_choice":"Success","damage_taken":3,"relics_obtained":["Art of War"],"max_hp_gain":0,"max_hp_loss":0,"event_name":"Scrap Ooze","floor":10,"gold_loss":0},{"damage_healed":0,"gold_gain":100,"player_choice":"Pray","damage_taken":0,"max_hp_gain":0,"max_hp_loss":0,"event_name":"Golden Shrine","floor":19,"gold_loss":0},{"damage_healed":0,"gold_gain":0,"player_choice":"Opened","damage_taken":0,"relics_obtained":["Gremlin Horn"],"max_hp_gain":0,"max_hp_loss":0,"event_name":"The Mausoleum","floor":29,"gold_loss":0},{"damage_healed":0,"gold_gain":0,"player_choice":"Ignored","damage_taken":0,"max_hp_gain":0,"max_hp_loss":0,"event_name":"Tomb of Lord Red Mask","floor":36,"gold_loss":0},{"damage_healed":0,"gold_gain":0,"player_choice":"Took Portal","damage_taken":0,"max_hp_gain":0,"max_hp_loss":0,"event_name":"SecretPortal","floor":37,"gold_loss":0}],"is_beta":true,"boss_relics":[{"not_picked":["Ectoplasm","Coffee Dripper"],"picked":"Black Blood"},{"not_picked":["Tiny House","Velvet Choker"],"picked":"Mark of Pain"}],"items_purged_floors":[],"is_endless":false,"potions_floor_spawned":[1,6,12,16,20,22,27,35],"ascension_level":12}