{"gold_per_floor":[17,17,27,37,54,54,84,117,198,198,212,222,232,232,232,331,331,341,361,6,22,35,35,61,61,61,92,92,105,105,121,121,222,222,232,17,0,17,27,52,62,62,85,114,114,130,130,142,142,142],"floor_reached":51,"playtime":5932,"items_purged":["Defend_B"],"score":935,"play_id":"b69dcd30-18ab-4b44-81ec-4c1903b77cc0","local_time":"20180925133044","is_ascension_mode":true,"campfire_choices":[{"data":"Storm","floor":6.0,"key":"SMITH"},{"floor":10.0,"key":"REST"},{"floor":15.0,"key":"REST"},{"floor":23.0,"key":"REST"},{"floor":25.0,"key":"REST"},{"floor":30.0,"key":"REST"},{"floor":32.0,"key":"REST"},{"floor":42,"key":"REST"},{"floor":47,"key":"REST"},{"floor":49,"key":"REST"}],"neow_cost":"NO_GOLD","seed_source_timestamp":0,"circlet_count":0,"master_deck":["Strike_B","Strike_B","Strike_B","Defend_B","Defend_B","Defend_B","Zap","Dualcast","Thunder Strike","Storm+1","Leap","Static Discharge","Rebound","Chill","Storm","Coolheaded","Seek","Coolheaded","Creative AI","Chill+1","Sunder+1","Buffer","Thunder Strike","Skim+1","Aggregate+1","Redo+1","Machine Learning","Stack+1","Leap+1","Biased Cognition","Steam+1","Static Discharge","Dark Shackles+1","Fusion+1","Turbo+1","Go for the Eyes+1","White Noise+1","Force Field+1","Sunder+1","Seek+1","Conserve Battery+1"],"special_seed":0,"relics":["Cracked Core","StoneCalendar","Art of War","Cables","Toxic Egg 2","Fusion Hammer","Centennial Puzzle","Lantern","Torii","Snecko Eye","Red Mask","The Courier","Ancient Tea Set","PreservedInsect"],"potions_floor_usage":[50,50,50],"damage_taken":[{"damage":1.0,"enemies":"Cultist","floor":1.0,"turns":3.0},{"damage":1.0,"enemies":"Small Slimes","floor":3.0,"turns":3.0},{"damage":0.0,"enemies":"2 Louse","floor":4.0,"turns":3.0},{"damage":4.0,"enemies":"Exordium Wildlife","floor":5.0,"turns":3.0},{"damage":31.0,"enemies":"3 Sentries","floor":7.0,"turns":7.0},{"damage":9.0,"enemies":"3 Sentries","floor":8.0,"turns":7.0},{"damage":2.0,"enemies":"Red Slaver","floor":11.0,"turns":2.0},{"damage":4.0,"enemies":"Blue Slaver","floor":12.0,"turns":3.0},{"damage":0.0,"enemies":"3 Louse","floor":13.0,"turns":4.0},{"damage":18.0,"enemies":"Hexaghost","floor":16.0,"turns":10.0},{"damage":14.0,"enemies":"3 Byrds","floor":18.0,"turns":3.0},{"damage":8.0,"enemies":"Chosen","floor":19.0,"turns":3.0},{"damage":16.0,"enemies":"Snake Plant","floor":21.0,"turns":3.0},{"damage":14.0,"enemies":"3 Cultists","floor":22.0,"turns":5.0},{"damage":26.0,"enemies":"Book of Stabbing","floor":24.0,"turns":5.0},{"damage":21.0,"enemies":"Slavers","floor":27.0,"turns":4.0},{"damage":0.0,"enemies":"Cultist and Chosen","floor":29.0,"turns":4.0},{"damage":1.0,"enemies":"Shelled Parasite and Fungi","floor":31.0,"turns":3.0},{"damage":16.0,"enemies":"Champ","floor":33.0,"turns":6.0},{"damage":10.0,"enemies":"3 Darklings","floor":35.0,"turns":3.0},{"damage":0.0,"enemies":"Orb Walker","floor":38.0,"turns":4.0},{"damage":0.0,"enemies":"Reptomancer","floor":39.0,"turns":5.0},{"damage":0,"enemies":"Giant Head","floor":40,"turns":7},{"damage":18,"enemies":"Spire Growth","floor":41,"turns":3},{"damage":27,"enemies":"Nemesis","floor":44,"turns":5},{"damage":0,"enemies":"Maw","floor":46,"turns":5},{"damage":0,"enemies":"3 Darklings","floor":48,"turns":2},{"damage":66,"enemies":"Donu and Deca","floor":50,"turns":7}],"seed_played":"1264030107034366655","potions_obtained":[{"floor":1.0,"key":"Explosive Potion"},{"floor":3.0,"key":"EssenceOfSteel"},{"floor":7.0,"key":"SkillPotion"},{"floor":12.0,"key":"PowerPotion"},{"floor":13.0,"key":"Swift Potion"},{"floor":18.0,"key":"SkillPotion"},{"floor":22.0,"key":"Weak Potion"},{"floor":24.0,"key":"Ancient Potion"},{"floor":27.0,"key":"Dexterity Potion"},{"floor":28.0,"key":"FocusPotion"},{"floor":28.0,"key":"Block Potion"},{"floor":38.0,"key":"LiquidBronze"},{"floor":41,"key":"Energy Potion"},{"floor":46,"key":"Dexterity Potion"}],"is_trial":false,"path_per_floor":["M","?","M","M","M","R","E","?","T","R","M","M","M","T","R","B",null,"M","M","$","M","M","R","E","R","T","E","?","M","R","M","R","B",null,"M","$","?","M","M","E","M","R","T","E","?","M","R","M","R","B"],"character_chosen":"DEFECT","items_purchased":["Buffer","Thunder Strike","Static Discharge","Dark Shackles+1","Fusion+1"],"campfire_rested":9,"item_purchase_floors":[20,20,36,36,36],"current_hp_per_floor":[74,67,66,66,62,62,31,22,22,44,42,38,38,38,60,42,67,53,45,45,29,15,37,11,33,33,12,12,12,34,33,55,39,66,56,56,56,56,56,56,38,60,60,33,33,33,55,55,75,16],"gold":142,"neow_bonus":"THREE_RARE_CARDS","is_prod":false,"is_daily":false,"chose_seed":false,"campfire_upgraded":1,"win_rate":0,"timestamp":1537896644,"path_taken":["M","?","M","?","M","R","E","?","T","R","M","M","M","?","R","BOSS","M","M","$","M","M","R","E","R","T","E","?","M","R","M","R","BOSS","M","$","?","M","M","E","M","R","T","E","?","?","R","M","R","BOSS"],"build_version":"2018-09-20","purchased_purges":1,"victory":true,"max_hp_per_floor":[75,75,75,75,75,75,75,75,75,75,75,75,75,75,75,75,75,75,75,75,75,75,75,75,75,75,75,75,75,75,75,75,75,75,75,75,75,75,75,75,75,75,75,75,75,75,75,75,75,75],"card_choices":[{"not_picked":["Machine Learning","All For One"],"picked":"Thunder Strike","floor":0.0},{"not_picked":["Consume","Lockon"],"picked":"Storm","floor":1.0},{"not_picked":["Coolheaded","Sweeping Beam"],"picked":"Leap","floor":3.0},{"not_picked":["Compile Driver","Beam Cell"],"picked":"Static Discharge","floor":4.0},{"not_picked":["Redo","Recycle"],"picked":"Rebound","floor":5.0},{"not_picked":["Sunder","Rebound"],"picked":"Chill","floor":7.0},{"not_picked":["Darkness","Steam"],"picked":"Storm","floor":8.0},{"not_picked":["Turbo","Redo"],"picked":"Coolheaded","floor":11.0},{"not_picked":["Reinforced Body","Gash"],"picked":"Seek","floor":12.0},{"not_picked":["Streamline","Sweeping Beam"],"picked":"Coolheaded","floor":13.0},{"not_picked":["Seek+1","Hyperbeam"],"picked":"Creative AI","floor":16.0},{"not_picked":["Barrage","Skim+1"],"picked":"Chill+1","floor":18.0},{"not_picked":["Loop","Genetic Algorithm+1"],"picked":"Sunder+1","floor":19.0},{"not_picked":["Rip and Tear","Heatsinks"],"picked":"Skim+1","floor":21.0},{"not_picked":["Beam Cell","Auto Shields+1"],"picked":"Aggregate+1","floor":22.0},{"not_picked":["Beam Cell","Sweeping Beam"],"picked":"Redo+1","floor":24.0},{"not_picked":["Cold Snap","Gash"],"picked":"Machine Learning","floor":27.0},{"not_picked":["Gash","Barrage"],"picked":"Stack+1","floor":29.0},{"not_picked":["Melter","Undo+1"],"picked":"Leap+1","floor":31.0},{"not_picked":["Fission+1","All For One"],"picked":"Biased Cognition","floor":33.0},{"not_picked":["Redo+1","Beam Cell+1"],"picked":"Steam+1","floor":35.0},{"not_picked":["Streamline","Rebound+1"],"picked":"Turbo+1","floor":38.0},{"not_picked":["Hologram+1","Recycle+1"],"picked":"Go for the Eyes+1","floor":39.0},{"not_picked":["Hello World","Go for the Eyes+1"],"picked":"White Noise+1","floor":40},{"not_picked":["Static Discharge+1","Lockon+1"],"picked":"Force Field+1","floor":41},{"not_picked":["Doom and Gloom+1","Streamline"],"picked":"Sunder+1","floor":44},{"not_picked":["Steam Power+1","Redo+1"],"picked":"Seek+1","floor":46},{"not_picked":["Stack+1","Turbo+1"],"picked":"Conserve Battery+1","floor":48}],"player_experience":465593,"relics_obtained":[{"floor":7.0,"key":"StoneCalendar"},{"floor":8.0,"key":"Art of War"},{"floor":9.0,"key":"Cables"},{"floor":14.0,"key":"Toxic Egg 2"},{"floor":24.0,"key":"Centennial Puzzle"},{"floor":26.0,"key":"Lantern"},{"floor":27.0,"key":"Torii"},{"floor":40,"key":"The Courier"},{"floor":43,"key":"Ancient Tea Set"},{"floor":44,"key":"PreservedInsect"}],"event_choices":[{"event_name":"Golden Wing","player_choice":"Card Removal","floor":2.0,"damage_taken":0.0},{"event_name":"Dead Adventurer","player_choice":"Searched \u00272\u0027 times","floor":8.0,"damage_taken":0.0},{"event_name":"The Lab","player_choice":"Got Potions","floor":28.0,"damage_taken":0.0},{"event_name":"Tomb of Lord Red Mask","player_choice":"Paid","floor":37.0,"damage_taken":0.0},{"event_name":"The Moai Head","player_choice":"Ignored","floor":45,"damage_taken":0}],"is_beta":false,"boss_relics":[{"not_picked":["Philosopher\u0027s Stone","FrozenCore"],"picked":"Fusion Hammer"},{"not_picked":["Orrery","Empty Cage"],"picked":"Snecko Eye"}],"items_purged_floors":[20],"is_endless":false,"potions_floor_spawned":[1,3,7,12,13,18,22,24,27,31,38,41,46,48],"ascension_level":5}