{"gold_per_floor":[115,115,190,202,220,235,27,27,27,27,39,58,58,73,73,151,151,162,162,142,152,172,205,205,225,225,237,253,282,296,313,313,388,388,405,421,84,103,120,152,168,168,168,194,211,211,242,262,262,262],"floor_reached":51,"playtime":5510,"items_purged":["Strike_R","Strike_R+1"],"score":1743,"play_id":"e73f756c-0286-4927-b277-4d813eb2fb88","local_time":"20190205213415","is_ascension_mode":true,"campfire_choices":[{"floor":8.0,"key":"REST"},{"data":"Uppercut","floor":10.0,"key":"SMITH"},{"floor":15.0,"key":"REST"},{"floor":24.0,"key":"REST"},{"floor":32.0,"key":"RECALL"},{"floor":42.0,"key":"REST"},{"floor":49,"key":"REST"}],"neow_cost":"NONE","seed_source_timestamp":108821405537161,"circlet_count":0,"master_deck":["AscendersBane","Strike_R+1","Strike_R+1","Strike_R+1","Defend_R+1","Defend_R+1","Defend_R+1","Defend_R+1","Bash","Shrug It Off","Warcry","Battle Trance","Uppercut+1","Shrug It Off","Spot Weakness","Pummel","Pommel Strike","Metallicize","Fiend Fire","Second Wind","Inflame+1","Corruption+1","Shockwave","Sentinel+1","True Grit","Dark Embrace","Disarm","Feel No Pain","Demon Form","Sentinel","Apotheosis","Metallicize","Havoc+1","Impervious","Secret Technique","Juggernaut"],"special_seed":0,"relics":["Burning Blood","Pear","Mercury Hourglass","Dead Branch","Fusion Hammer","Letter Opener","Mummified Hand","Bottled Flame","Sozu","Sundial","Gremlin Horn","Ginger","Bottled Lightning"],"potions_floor_usage":[50],"damage_taken":[{"damage":5.0,"enemies":"Small Slimes","floor":1.0,"turns":4.0},{"damage":3.0,"enemies":"2 Louse","floor":4.0,"turns":5.0},{"damage":14.0,"enemies":"Jaw Worm","floor":5.0,"turns":6.0},{"damage":32.0,"enemies":"Exordium Wildlife","floor":6.0,"turns":7.0},{"damage":40.0,"enemies":"Exordium Thugs","floor":11.0,"turns":4.0},{"damage":0.0,"enemies":"2 Fungi Beasts","floor":12.0,"turns":4.0},{"damage":0.0,"enemies":"Lots of Slimes","floor":14.0,"turns":1.0},{"damage":40.0,"enemies":"Hexaghost","floor":16.0,"turns":11.0},{"damage":0.0,"enemies":"Spheric Guardian","floor":18.0,"turns":1.0},{"damage":4.0,"enemies":"Shell Parasite","floor":21.0,"turns":3.0},{"damage":8.0,"enemies":"Chosen and Byrds","floor":22.0,"turns":5.0},{"damage":0.0,"enemies":"Book of Stabbing","floor":23.0,"turns":3.0},{"damage":6.0,"enemies":"Snecko","floor":25.0,"turns":3.0},{"damage":0.0,"enemies":"Snake Plant","floor":27.0,"turns":3.0},{"damage":3.0,"enemies":"Shelled Parasite and Fungi","floor":28.0,"turns":3.0},{"damage":0.0,"enemies":"Gremlin Leader","floor":29.0,"turns":3.0},{"damage":6.0,"enemies":"Centurion and Healer","floor":30.0,"turns":3.0},{"damage":0.0,"enemies":"Cultist and Chosen","floor":31.0,"turns":3.0},{"damage":23.0,"enemies":"Automaton","floor":33.0,"turns":6.0},{"damage":9.0,"enemies":"3 Darklings","floor":35.0,"turns":4.0},{"damage":0.0,"enemies":"3 Shapes","floor":36.0,"turns":2.0},{"damage":0.0,"enemies":"Maw","floor":38.0,"turns":3.0},{"damage":0.0,"enemies":"4 Shapes","floor":39.0,"turns":3.0},{"damage":0.0,"enemies":"Nemesis","floor":40.0,"turns":5.0},{"damage":25.0,"enemies":"3 Darklings","floor":41.0,"turns":4.0},{"damage":0.0,"enemies":"Reptomancer","floor":44.0,"turns":2.0},{"damage":11.0,"enemies":"Spire Growth","floor":45.0,"turns":5.0},{"damage":0,"enemies":"Nemesis","floor":47,"turns":5},{"damage":0,"enemies":"Transient","floor":48,"turns":3},{"damage":29,"enemies":"Awakened One","floor":50,"turns":4}],"seed_played":"-1105478233516038204","potions_obtained":[{"floor":5.0,"key":"Poison Potion"},{"floor":12.0,"key":"Explosive Potion"},{"floor":16.0,"key":"GamblersBrew"},{"floor":18.0,"key":"LiquidBronze"},{"floor":23.0,"key":"Dexterity Potion"},{"floor":30.0,"key":"Swift Potion"}],"is_trial":false,"path_per_floor":["M","?","?","M","M","M","$","R","T","R","M","M","T","M","R","B",null,"M","?","?","M","M","E","R","M","T","M","M","E","M","M","R","B",null,"M","M","$","M","M","E","M","R","T","E","M","?","E","M","R","B",null],"character_chosen":"IRONCLAD","items_purchased":["Shrug It Off","Spot Weakness","Apotheosis","Metallicize"],"campfire_rested":5,"item_purchase_floors":[7,7,37,37],"current_hp_per_floor":[76,68,57,60,52,26,26,53,53,53,19,25,25,31,58,24,75,81,81,81,83,81,87,92,92,92,92,92,92,92,92,92,75,88,85,91,91,92,92,92,73,92,92,92,87,87,92,92,92,69],"gold":262,"neow_bonus":"TEN_PERCENT_HP_BONUS","is_prod":false,"is_daily":false,"chose_seed":false,"campfire_upgraded":1,"win_rate":0,"timestamp":1549420455,"path_taken":["M","?","?","M","M","M","$","R","T","R","M","M","?","?","R","BOSS","M","?","?","M","M","E","R","M","T","M","M","E","M","?","R","BOSS","M","M","$","M","M","E","M","R","T","E","M","?","E","M","R","BOSS"],"build_version":"2019-01-23","purchased_purges":2,"victory":true,"max_hp_per_floor":[82,92,92,92,92,92,92,92,92,92,92,92,92,92,92,92,92,92,92,92,92,92,92,92,92,92,92,92,92,92,92,92,92,92,92,92,92,92,92,92,92,92,92,92,92,92,92,92,92,92],"card_choices":[{"not_picked":["Feel No Pain","Anger"],"picked":"Shrug It Off","floor":1.0},{"not_picked":["Perfected Strike","Searing Blow"],"picked":"Warcry","floor":4.0},{"not_picked":["Wild Strike","True Grit"],"picked":"Battle Trance","floor":5.0},{"not_picked":["Sever Soul","Intimidate"],"picked":"Uppercut","floor":6.0},{"not_picked":["Shrug It Off","Spot Weakness"],"picked":"Pummel","floor":11.0},{"not_picked":["Exhume","Iron Wave"],"picked":"Pommel Strike","floor":12.0},{"not_picked":["Infernal Blade","Iron Wave"],"picked":"Metallicize","floor":14.0},{"not_picked":["Offering","Dark Embrace"],"picked":"Fiend Fire","floor":16.0},{"not_picked":["Twin Strike","Sever Soul"],"picked":"Second Wind","floor":18.0},{"not_picked":["Twin Strike","Corruption"],"picked":"Inflame+1","floor":21.0},{"not_picked":["Blood for Blood","Havoc"],"picked":"Corruption+1","floor":22.0},{"not_picked":["Clothesline+1","Hemokinesis"],"picked":"Shockwave","floor":23.0},{"not_picked":["Pummel","Clash"],"picked":"Sentinel+1","floor":25.0},{"not_picked":["Twin Strike","Flex"],"picked":"True Grit","floor":27.0},{"not_picked":["Rampage","Headbutt"],"picked":"Dark Embrace","floor":28.0},{"not_picked":["Seeing Red","Combust"],"picked":"Disarm","floor":29.0},{"not_picked":["Iron Wave","Body Slam"],"picked":"Feel No Pain","floor":30.0},{"not_picked":["Hemokinesis+1","Heavy Blade","Infernal Blade"],"picked":"SKIP","floor":31.0},{"not_picked":["Offering","Exhume"],"picked":"Demon Form","floor":33.0},{"not_picked":["Shrug It Off","Heavy Blade"],"picked":"Sentinel","floor":35.0},{"not_picked":["Heavy Blade","Ghostly Armor+1","Searing Blow"],"picked":"SKIP","floor":36.0},{"not_picked":["Cleave","Clash","Intimidate"],"picked":"SKIP","floor":38.0},{"not_picked":["Heavy Blade","Twin Strike"],"picked":"Havoc+1","floor":39.0},{"not_picked":["Clash+1","Anger","Intimidate"],"picked":"SKIP","floor":40.0},{"not_picked":["True Grit","Warcry","Clash"],"picked":"SKIP","floor":41.0},{"not_picked":["Dropkick","Bloodletting"],"picked":"Impervious","floor":44.0},{"not_picked":["Perfected Strike+1","Sword Boomerang","Intimidate"],"picked":"SKIP","floor":45.0},{"not_picked":["Enlightenment","Apotheosis"],"picked":"Secret Technique","floor":46},{"not_picked":["Flex","Clash"],"picked":"Juggernaut","floor":47},{"not_picked":["Thunderclap","Clothesline","Hemokinesis+1"],"picked":"SKIP","floor":48}],"player_experience":1012625,"relics_obtained":[{"floor":9.0,"key":"Mercury Hourglass"},{"floor":13.0,"key":"Dead Branch"},{"floor":23.0,"key":"Letter Opener"},{"floor":26.0,"key":"Mummified Hand"},{"floor":29.0,"key":"Bottled Flame"},{"floor":40.0,"key":"Sundial"},{"floor":43.0,"key":"Gremlin Horn"},{"floor":44.0,"key":"Ginger"},{"floor":47,"key":"Bottled Lightning"}],"event_choices":[{"damage_healed":0.0,"max_hp_gain":0.0,"max_hp_loss":0.0,"gold_gain":0.0,"event_name":"Scrap Ooze","player_choice":"Success","floor":2.0,"gold_loss":0.0,"damage_taken":18.0,"relics_obtained":["Pear"]},{"damage_healed":0.0,"max_hp_gain":0.0,"max_hp_loss":0.0,"gold_gain":75.0,"event_name":"World of Goop","player_choice":"Gather Gold","floor":3.0,"gold_loss":0.0,"damage_taken":11.0},{"damage_healed":0.0,"max_hp_gain":0.0,"max_hp_loss":0.0,"gold_gain":0.0,"event_name":"Back to Basics","player_choice":"Simplicity","floor":19.0,"gold_loss":0.0,"damage_taken":0.0,"cards_upgraded":["Strike_R","Strike_R","Strike_R","Strike_R","Defend_R","Defend_R","Defend_R","Defend_R"]},{"damage_healed":0.0,"max_hp_gain":0.0,"max_hp_loss":0.0,"gold_gain":0.0,"event_name":"The Woman in Blue","player_choice":"Bought 1 Potion","floor":20.0,"gold_loss":0.0,"damage_taken":0.0},{"damage_healed":0,"gold_gain":0,"player_choice":"Memory 1","damage_taken":0,"max_hp_gain":0,"max_hp_loss":0,"event_name":"SensoryStone","floor":46,"gold_loss":0}],"is_beta":false,"boss_relics":[{"not_picked":["Runic Cube","White Beast Statue"],"picked":"Fusion Hammer"},{"not_picked":["Eternal Feather","Cursed Key"],"picked":"Sozu"}],"items_purged_floors":[7,37],"is_endless":false,"potions_floor_spawned":[5,12,16,18,23,25,30,33,41,44,45,47],"ascension_level":18}