{"gold_per_floor":[116,128,141,151,151,151,186,198,198,231,247,247,55,67,67,141,141,158,169,185,185,202,202,237,237,289,101,126,141,141,155,155,229,229,247,49,49,60,76,104,116,143,143,156,156,156,172,172,172,172],"floor_reached":50,"playtime":7240,"items_purged":["Strike_B","Defend_B","Strike_B"],"score":1020,"play_id":"9ad2f304-f3c0-445a-99e0-daeed28e71ff","local_time":"20190115232922","is_ascension_mode":true,"campfire_choices":[{"floor":6,"key":"REST"},{"data":"Recycle","floor":12,"key":"SMITH"},{"data":"Conserve Battery","floor":15,"key":"SMITH"},{"floor":23,"key":"REST"},{"floor":25,"key":"REST"},{"data":"Creative AI","floor":30,"key":"SMITH"},{"data":"Storm","floor":32,"key":"SMITH"},{"data":"Defragment","floor":46,"key":"SMITH"},{"floor":49,"key":"REST"}],"neow_cost":"TEN_PERCENT_HP_LOSS","seed_source_timestamp":27193776211771,"circlet_count":0,"master_deck":["AscendersBane","Strike_B","Defend_B","Defend_B","Defend_B","Zap+1","Recycle+1","FTL","Go for the Eyes","Cold Snap","Ball Lightning","Leap","Conserve Battery+1","Skim","Self Repair","Darkness","Creative AI+1","Conserve Battery","FTL","Storm+1","Coolheaded","Ball Lightning+1","Self Repair","All For One","FTL","Defragment+1","Parasite","Coolheaded+1","Capacitor+1","Conserve Battery+1","Discovery","Defragment+1"],"relics":["Cracked Core","Thread and Needle","Pantograph","Gambling Chip","Cables","Sozu","Pocketwatch","Boot","Torii","Runic Dome","Oddly Smooth Stone","Dream Catcher","Kunai"],"potions_floor_usage":[24,42],"damage_taken":[{"damage":0,"enemies":"2 Louse","floor":1,"turns":3},{"damage":0,"enemies":"Cultist","floor":2,"turns":4},{"damage":2,"enemies":"Jaw Worm","floor":3,"turns":4},{"damage":25,"enemies":"Gremlin Gang","floor":4,"turns":5},{"damage":11,"enemies":"Lagavulin","floor":7,"turns":8},{"damage":3,"enemies":"2 Fungi Beasts","floor":8,"turns":2},{"damage":0,"enemies":"3 Sentries","floor":10,"turns":6},{"damage":0,"enemies":"Looter","floor":11,"turns":3},{"damage":0,"enemies":"Exordium Thugs","floor":14,"turns":6},{"damage":2,"enemies":"The Guardian","floor":16,"turns":13},{"damage":10,"enemies":"2 Thieves","floor":18,"turns":4},{"damage":4,"enemies":"3 Byrds","floor":19,"turns":4},{"damage":14,"enemies":"Shelled Parasite and Fungi","floor":20,"turns":6},{"damage":23,"enemies":"Snake Plant","floor":22,"turns":5},{"damage":26,"enemies":"Gremlin Leader","floor":24,"turns":10},{"damage":23,"enemies":"Book of Stabbing","floor":28,"turns":5},{"damage":0,"enemies":"Chosen and Byrds","floor":29,"turns":5},{"damage":2,"enemies":"Centurion and Healer","floor":31,"turns":5},{"damage":41,"enemies":"Champ","floor":33,"turns":12},{"damage":19,"enemies":"3 Shapes","floor":35,"turns":5},{"damage":8,"enemies":"Orb Walker","floor":38,"turns":3},{"damage":1,"enemies":"Writhing Mass","floor":39,"turns":5},{"damage":31,"enemies":"Nemesis","floor":40,"turns":5},{"damage":14,"enemies":"Maw","floor":41,"turns":6},{"damage":18,"enemies":"Reptomancer","floor":42,"turns":6},{"damage":0,"enemies":"Transient","floor":44,"turns":5},{"damage":17,"enemies":"Jaw Worm Horde","floor":47,"turns":4},{"damage":74,"enemies":"Time Eater","floor":50,"turns":8}],"seed_played":"-1387569108341696570","potions_obtained":[{"floor":1,"key":"EssenceOfSteel"},{"floor":7,"key":"Weak Potion"}],"is_trial":false,"path_per_floor":["M","M","M","M","?","R","E","M","T","E","M","R","$","M","R","B",null,"M","M","M","?","M","R","E","R","T","$","E","M","R","M","R","B",null,"M","$","?","M","M","E","M","E","T","M","?","R","M","?","R","B"],"character_chosen":"DEFECT","items_purchased":["Self Repair","Darkness","Storm","Coolheaded","Defragment"],"campfire_rested":4,"item_purchase_floors":[13,13,27,27,36],"current_hp_per_floor":[64,64,62,37,37,56,45,42,42,42,42,42,42,49,49,64,64,61,57,50,50,34,53,34,53,53,53,37,44,44,49,49,37,57,52,52,52,51,64,47,47,43,43,50,50,50,40,40,59,0],"gold":172,"neow_bonus":"ONE_RARE_RELIC","is_prod":false,"is_daily":false,"chose_seed":false,"campfire_upgraded":5,"win_rate":0,"timestamp":1547612962,"path_taken":["M","M","M","M","?","R","E","M","T","E","M","R","$","M","R","BOSS","M","?","M","?","M","R","E","R","T","$","E","M","R","?","R","BOSS","M","$","?","M","M","E","M","E","T","M","?","R","M","?","R","BOSS"],"build_version":"2019-01-10","purchased_purges":3,"victory":false,"max_hp_per_floor":[64,64,64,64,64,64,64,64,64,64,64,64,64,64,64,64,64,64,64,64,64,64,64,64,64,64,64,64,64,64,64,64,64,64,64,64,64,64,64,64,64,64,64,64,64,64,64,64,64,64],"card_choices":[{"not_picked":["Tempest","Rebound"],"picked":"Recycle","floor":1},{"not_picked":["Leap","Steam"],"picked":"FTL","floor":2},{"not_picked":["Scrape","Stack"],"picked":"Go for the Eyes","floor":3},{"not_picked":["Compile Driver","Coolheaded"],"picked":"Cold Snap","floor":4},{"not_picked":["Hologram","Beam Cell"],"picked":"Ball Lightning","floor":7},{"not_picked":["Doom and Gloom","Consume"],"picked":"Leap","floor":8},{"not_picked":["Aggregate","Multi-Cast"],"picked":"Conserve Battery","floor":10},{"not_picked":["Barrage","Doom and Gloom"],"picked":"Skim","floor":11},{"not_picked":["Rebound","Reprogram","Force Field"],"picked":"SKIP","floor":14},{"not_picked":["Biased Cognition","Multi-Cast"],"picked":"Creative AI","floor":16},{"not_picked":["Chaos","Self Repair","Steam Power+1"],"picked":"SKIP","floor":18},{"not_picked":["Go for the Eyes","Redo"],"picked":"Conserve Battery","floor":19},{"not_picked":["Leap","Aggregate","Stack"],"picked":"SKIP","floor":20},{"not_picked":["Scrape","Streamline","Consume"],"picked":"SKIP","floor":22},{"not_picked":["Genetic Algorithm","Turbo"],"picked":"FTL","floor":24},{"not_picked":["Redo","Blizzard"],"picked":"Ball Lightning+1","floor":28},{"not_picked":["Auto Shields","Ball Lightning","Static Discharge"],"picked":"SKIP","floor":29},{"not_picked":["Go for the Eyes","Steam Power"],"picked":"Self Repair","floor":31},{"not_picked":["Multi-Cast","Biased Cognition"],"picked":"All For One","floor":33},{"not_picked":["Melter","Beam Cell"],"picked":"FTL","floor":35},{"not_picked":["Rebound+1","Chaos","Streamline"],"picked":"SKIP","floor":38},{"not_picked":["Leap","Barrage"],"picked":"Coolheaded+1","floor":39},{"not_picked":["Turbo","Compile Driver"],"picked":"Capacitor+1","floor":40},{"not_picked":["Barrage","Genetic Algorithm"],"picked":"Conserve Battery+1","floor":41},{"not_picked":["Rebound","Beam Cell","Leap"],"picked":"SKIP","floor":42},{"not_picked":["Blizzard+1","Self Repair","Genetic Algorithm+1"],"picked":"SKIP","floor":44},{"not_picked":["Mind Blast","Chrysalis"],"picked":"Discovery","floor":45},{"not_picked":["Steam Power","Aggregate+1"],"picked":"Defragment","floor":47}],"player_experience":867461,"relics_obtained":[{"floor":7,"key":"Pantograph"},{"floor":9,"key":"Gambling Chip"},{"floor":10,"key":"Cables"},{"floor":24,"key":"Pocketwatch"},{"floor":26,"key":"Boot"},{"floor":28,"key":"Torii"},{"floor":40,"key":"Oddly Smooth Stone"},{"floor":42,"key":"Dream Catcher"},{"floor":43,"key":"Kunai"}],"event_choices":[{"damage_healed":0,"gold_gain":0,"player_choice":"Upgraded","damage_taken":0,"max_hp_gain":0,"max_hp_loss":0,"event_name":"Upgrade Shrine","floor":5,"gold_loss":0,"cards_upgraded":["Zap"]},{"cards_removed":["Strike_B"],"damage_healed":0,"gold_gain":0,"player_choice":"Purged","damage_taken":0,"max_hp_gain":0,"max_hp_loss":0,"event_name":"Purifier","floor":21,"gold_loss":0},{"cards_removed":["Dualcast"],"damage_healed":0,"gold_gain":0,"player_choice":"Removed Skill","damage_taken":0,"max_hp_gain":0,"max_hp_loss":0,"event_name":"Falling","floor":37,"gold_loss":0},{"damage_healed":0,"gold_gain":0,"player_choice":"Memory 1","damage_taken":0,"max_hp_gain":0,"max_hp_loss":0,"event_name":"SensoryStone","floor":45,"gold_loss":0},{"damage_healed":0,"gold_gain":0,"player_choice":"Forge","damage_taken":0,"max_hp_gain":0,"max_hp_loss":0,"event_name":"Accursed Blacksmith","floor":48,"gold_loss":0,"cards_upgraded":["Defragment"]}],"is_beta":false,"boss_relics":[{"not_picked":["Ectoplasm","Busted Crown"],"picked":"Sozu"},{"not_picked":["Calling Bell","Orrery"],"picked":"Runic Dome"}],"items_purged_floors":[13,27,36],"is_endless":false,"potions_floor_spawned":[1,7,8,11,19,20,24,28,29,31,35,38,39,41,44],"killed_by":"Time Eater","ascension_level":15}