{"gold_per_floor":[99,99,99,99,24,24,0,0,0,0,0,0,0,0,0,0],"floor_reached":16,"playtime":1446,"items_purged":[],"score":211,"play_id":"0f84fb42-6704-40b7-bc1e-d74b78609938","local_time":"20190202155726","is_ascension_mode":true,"campfire_choices":[{"floor":6,"key":"REST"},{"data":"Noxious Fumes","floor":12,"key":"SMITH"},{"floor":15,"key":"REST"}],"neow_cost":"NONE","seed_source_timestamp":597225283398351,"circlet_count":0,"master_deck":["AscendersBane","Defend_G","Defend_G","Defend_G","Defend_G","Defend_G","Strike_G","Strike_G","Strike_G","Strike_G","Survivor","Neutralize","Dodge and Roll","Backstab","Deflect","Cloak And Dagger","Backstab","Noxious Fumes+1","Acrobatics","Adrenaline"],"relics":["Ectoplasm","Blue Candle","Lantern","Bag of Preparation","Bronze Scales"],"potions_floor_usage":[16,16],"damage_taken":[{"damage":0,"enemies":"Small Slimes","floor":1,"turns":5},{"damage":2,"enemies":"Jaw Worm","floor":2,"turns":4},{"damage":0,"enemies":"Cultist","floor":3,"turns":4},{"damage":9,"enemies":"2 Fungi Beasts","floor":4,"turns":5},{"damage":4,"enemies":"Exordium Thugs","floor":7,"turns":5},{"damage":21,"enemies":"3 Sentries","floor":8,"turns":16},{"damage":0,"enemies":"3 Louse","floor":11,"turns":4},{"damage":6,"enemies":"Lagavulin","floor":13,"turns":8},{"damage":0,"enemies":"2 Fungi Beasts","floor":14,"turns":3},{"damage":55,"enemies":"Slime Boss","floor":16,"turns":10}],"seed_played":"603185947506778481","potions_obtained":[{"floor":2,"key":"Weak Potion"},{"floor":7,"key":"Poison Potion"},{"floor":8,"key":"PowerPotion"}],"is_trial":false,"path_per_floor":["M","M","M","M","?","R","M","E","T","T","M","R","E","M","R","B"],"character_chosen":"THE_SILENT","items_purchased":[],"campfire_rested":2,"item_purchase_floors":[],"current_hp_per_floor":[59,57,57,48,48,66,62,41,41,41,41,41,35,35,54,0],"gold":0,"neow_bonus":"BOSS_RELIC","is_prod":false,"is_daily":false,"chose_seed":false,"campfire_upgraded":1,"win_rate":0,"timestamp":1549141046,"path_taken":["M","M","M","M","?","R","M","E","T","?","M","R","E","?","R","BOSS"],"build_version":"2019-01-23","purchased_purges":0,"victory":false,"max_hp_per_floor":[66,66,66,66,66,66,66,66,66,66,66,66,66,66,66,66],"card_choices":[{"not_picked":["Poisoned Stab","Sucker Punch"],"picked":"Dodge and Roll","floor":1},{"not_picked":["Dagger Throw","Backflip"],"picked":"Backstab","floor":2},{"not_picked":["Flying Knee","Endless Agony"],"picked":"Deflect","floor":3},{"not_picked":["Dagger Throw","Setup"],"picked":"Cloak And Dagger","floor":4},{"not_picked":["Expertise","Prepared"],"picked":"Backstab","floor":7},{"not_picked":["Skewer","Finisher"],"picked":"Noxious Fumes","floor":8},{"not_picked":["Expertise","Deflect"],"picked":"Acrobatics","floor":11},{"not_picked":["Setup","Poisoned Stab","Prepared"],"picked":"SKIP","floor":13},{"not_picked":["Cloak And Dagger","Bane"],"picked":"Adrenaline","floor":14}],"player_experience":981736,"relics_obtained":[{"floor":8,"key":"Blue Candle"},{"floor":9,"key":"Lantern"},{"floor":10,"key":"Bag of Preparation"},{"floor":13,"key":"Bronze Scales"}],"event_choices":[{"cards_removed":["Strike_G"],"damage_healed":0,"gold_gain":0,"player_choice":"Card Removal","damage_taken":0,"max_hp_gain":0,"max_hp_loss":0,"event_name":"The Cleric","floor":5,"gold_loss":75}],"is_beta":false,"boss_relics":[],"items_purged_floors":[],"is_endless":false,"potions_floor_spawned":[2,7,8,13,14],"killed_by":"Slime Boss","ascension_level":17}