{"gold_per_floor":[119,41,54,54,70,70,99,99,124,199,216,242,242,267,267,369,369,380,305,14,14,27,27,27],"floor_reached":24,"playtime":1587,"items_purged":[],"score":242,"play_id":"c494e5aa-6e62-4c14-a0a7-a91f53f71c93","local_time":"20190211111452","is_ascension_mode":true,"campfire_choices":[{"data":"Bouncing Flask","floor":6.0,"key":"SMITH"},{"data":"Footwork","floor":13.0,"key":"SMITH"},{"floor":15,"key":"REST"},{"data":"Neutralize","floor":23,"key":"SMITH"}],"neow_cost":"NONE","seed_source_timestamp":205645939616003,"circlet_count":0,"master_deck":["Defend_G","Defend_G","Defend_G","Defend_G","Defend_G","Strike_G","Strike_G","Strike_G","Strike_G","Survivor","Neutralize+1","Well Laid Plans","Footwork+1","Bouncing Flask+1","Noxious Fumes","Quick Slash+1","Deadly Poison","Tools of the Trade","Dagger Spray+1","Burst","Dodge and Roll+1"],"special_seed":0,"relics":["Ring of the Serpent","NeowsBlessing","Strawberry","Molten Egg 2","Blood Vial","Potion Belt","Odd Mushroom","Toxic Egg 2","Nilry\u0027s Codex"],"potions_floor_usage":[14,24],"damage_taken":[{"damage":0.0,"enemies":"Cultist","floor":1.0,"turns":1.0},{"damage":0.0,"enemies":"Small Slimes","floor":3.0,"turns":1.0},{"damage":0.0,"enemies":"Jaw Worm","floor":5.0,"turns":1.0},{"damage":29.0,"enemies":"3 Sentries","floor":7.0,"turns":7.0},{"damage":0.0,"enemies":"2 Fungi Beasts","floor":11.0,"turns":4.0},{"damage":8.0,"enemies":"Lagavulin","floor":12.0,"turns":6.0},{"damage":8,"enemies":"The Mushroom Lair","floor":14,"turns":4},{"damage":27,"enemies":"Hexaghost","floor":16,"turns":7},{"damage":0,"enemies":"Chosen","floor":18,"turns":4},{"damage":0,"enemies":"Spheric Guardian","floor":22,"turns":2},{"damage":68,"enemies":"Gremlin Leader","floor":24,"turns":7}],"seed_played":"-8598824661440665124","potions_obtained":[{"floor":5.0,"key":"Weak Potion"},{"floor":11.0,"key":"Explosive Potion"},{"floor":12.0,"key":"Energy Potion"},{"floor":16,"key":"SkillPotion"}],"is_trial":false,"path_per_floor":["M","$","M","?","M","R","E","?","T","?","M","E","R","?","R","B",null,"M","?","$","?","M","R","E"],"character_chosen":"THE_SILENT","items_purchased":["Footwork","Toxic Egg 2","Dodge and Roll+1"],"campfire_rested":1,"item_purchase_floors":[2,20,20],"current_hp_per_floor":[70,70,70,70,70,70,41,41,41,30,32,26,26,20,43,18,77,77,77,77,61,63,63,0],"gold":27,"neow_bonus":"THREE_ENEMY_KILL","is_prod":false,"is_daily":false,"chose_seed":false,"campfire_upgraded":3,"win_rate":0,"timestamp":1549880092,"path_taken":["M","$","M","?","M","R","E","?","T","?","M","E","R","?","R","BOSS","M","?","$","?","M","R","E"],"build_version":"2019-01-23","purchased_purges":0,"victory":false,"max_hp_per_floor":[70,70,70,77,77,77,77,77,77,77,77,77,77,77,77,77,77,77,77,77,77,77,77,77],"card_choices":[{"not_picked":["Flying Knee","Infinite Blades"],"picked":"Well Laid Plans","floor":1.0},{"not_picked":["Blade Dance","Dagger Spray"],"picked":"Bouncing Flask","floor":3.0},{"not_picked":["Concentrate","Backflip"],"picked":"Noxious Fumes","floor":5.0},{"not_picked":["Deadly Poison","Slice"],"picked":"Quick Slash","floor":7.0},{"not_picked":["PiercingWail","Calculated Gamble"],"picked":"Deadly Poison","floor":11.0},{"not_picked":["Flechettes+1","Blade Dance"],"picked":"Tools of the Trade","floor":12.0},{"not_picked":["Slice+1","Heel Hook+1"],"picked":"Dagger Spray+1","floor":14},{"not_picked":["Glass Knife+1","Unload+1"],"picked":"Burst","floor":16},{"not_picked":["Setup","Slice+1","Heel Hook+1"],"picked":"SKIP","floor":18},{"not_picked":["Blade Dance+1","Eviscerate+1","Quick Slash+1"],"picked":"SKIP","floor":22}],"player_experience":328535,"relics_obtained":[{"floor":7.0,"key":"Molten Egg 2"},{"floor":9.0,"key":"Blood Vial"},{"floor":12.0,"key":"Potion Belt"},{"floor":14,"key":"Odd Mushroom"},{"floor":21,"key":"Nilry\u0027s Codex"}],"event_choices":[{"damage_healed":0.0,"max_hp_gain":0.0,"max_hp_loss":0.0,"gold_gain":0.0,"event_name":"Scrap Ooze","player_choice":"Success","floor":4.0,"gold_loss":0.0,"damage_taken":7.0,"relics_obtained":["Strawberry"]},{"damage_healed":0.0,"max_hp_gain":0.0,"max_hp_loss":0.0,"gold_gain":0.0,"event_name":"Liars Game","player_choice":"Ignored","floor":8.0,"gold_loss":0.0,"damage_taken":0.0},{"damage_healed":0.0,"max_hp_gain":0.0,"max_hp_loss":0.0,"gold_gain":75.0,"event_name":"World of Goop","player_choice":"Gather Gold","floor":10.0,"gold_loss":0.0,"damage_taken":11.0},{"damage_healed":0,"gold_gain":0,"player_choice":"Fought Mushrooms","damage_taken":0,"max_hp_gain":0,"max_hp_loss":0,"event_name":"Mushrooms","floor":14,"gold_loss":0},{"cards_removed":["Strike_G"],"damage_healed":0,"gold_gain":0,"player_choice":"Gave Gold","damage_taken":0,"max_hp_gain":0,"max_hp_loss":0,"event_name":"Beggar","floor":19,"gold_loss":75},{"damage_healed":0,"gold_gain":0,"player_choice":"Obtained Book","damage_taken":16,"max_hp_gain":0,"max_hp_loss":0,"event_name":"Cursed Tome","floor":21,"gold_loss":0}],"is_beta":false,"boss_relics":[{"not_picked":["Eternal Feather","Ectoplasm"],"picked":"Ring of the Serpent"}],"items_purged_floors":[],"is_endless":false,"potions_floor_spawned":[5,11,12,16],"killed_by":"Gremlin Leader","ascension_level":4}