{"gold_per_floor":[111,10,28,78,89,104,134,134,134,134,160,176,176,33,33,109,109,119,138,152,172,62,62,92,92,118,148,162,40,73,83,83,154,154,169,187,187,207,227,227,254,254],"floor_reached":42,"playtime":5715,"items_purged":["Defend_G","Strike_G"],"score":1093,"play_id":"be07d612-8be5-449c-a7d2-43337ffd4286","local_time":"20190206235712","is_ascension_mode":true,"campfire_choices":[{"floor":8.0,"key":"REST"},{"data":"Apotheosis","floor":10.0,"key":"SMITH"},{"floor":13.0,"key":"REST"},{"floor":15.0,"key":"REST"},{"data":"Caltrops","floor":23.0,"key":"SMITH"},{"floor":25.0,"key":"REST"},{"floor":32.0,"key":"REST"},{"floor":40.0,"key":"REST"}],"neow_cost":"PERCENT_DAMAGE","seed_source_timestamp":0,"circlet_count":0,"master_deck":["AscendersBane","Defend_G","Defend_G","Defend_G","Strike_G","Strike_G","Strike_G","Survivor","Neutralize","Good Instincts","Apotheosis+1","Backflip+1","Backflip","Footwork+1","PiercingWail","Caltrops+1","Expertise","Leg Sweep","Cloak And Dagger+1","Skewer","Glass Knife","Acrobatics+1","Leg Sweep","Dash","Infinite Blades+1","Infinite Blades+1","Crippling Poison","Adrenaline","Bouncing Flask+1","A Thousand Cuts+1","Infinite Blades+1","Calculated Gamble+1","Blade Dance","Noxious Fumes+1"],"special_seed":0,"relics":["Ring of the Snake","Regal Pillow","Frozen Egg 2","FossilizedHelix","Sozu","War Paint","Bag of Preparation","Juzu Bracelet","Bottled Tornado","Runic Pyramid","Centennial Puzzle"],"potions_floor_usage":[],"damage_taken":[{"damage":0.0,"enemies":"Jaw Worm","floor":1.0,"turns":5.0},{"damage":4.0,"enemies":"Cultist","floor":3.0,"turns":4.0},{"damage":0.0,"enemies":"2 Louse","floor":5.0,"turns":3.0},{"damage":2.0,"enemies":"Blue Slaver","floor":6.0,"turns":6.0},{"damage":28.0,"enemies":"3 Sentries","floor":7.0,"turns":13.0},{"damage":57.0,"enemies":"Gremlin Nob","floor":11.0,"turns":6.0},{"damage":0.0,"enemies":"Large Slime","floor":12.0,"turns":12.0},{"damage":0.0,"enemies":"The Guardian","floor":16.0,"turns":16.0},{"damage":0.0,"enemies":"Shell Parasite","floor":18.0,"turns":6.0},{"damage":9.0,"enemies":"Chosen","floor":19.0,"turns":6.0},{"damage":0.0,"enemies":"Snecko","floor":20.0,"turns":6.0},{"damage":0.0,"enemies":"Centurion and Healer","floor":21.0,"turns":10.0},{"damage":44.0,"enemies":"Slavers","floor":24.0,"turns":7.0},{"damage":0.0,"enemies":"Book of Stabbing","floor":27.0,"turns":7.0},{"damage":6.0,"enemies":"Snake Plant","floor":28.0,"turns":7.0},{"damage":45.0,"enemies":"Gremlin Leader","floor":30.0,"turns":9.0},{"damage":0.0,"enemies":"Snecko","floor":31.0,"turns":6.0},{"damage":23.0,"enemies":"Automaton","floor":33.0,"turns":13.0},{"damage":22.0,"enemies":"3 Darklings","floor":35.0,"turns":5.0},{"damage":0.0,"enemies":"3 Shapes","floor":36.0,"turns":4.0},{"damage":0.0,"enemies":"Sphere and 2 Shapes","floor":38.0,"turns":6.0},{"damage":0.0,"enemies":"4 Shapes","floor":39.0,"turns":6.0},{"damage":43.0,"enemies":"Giant Head","floor":41.0,"turns":10.0},{"damage":23,"enemies":"3 Darklings","floor":42,"turns":4}],"seed_played":"-9177166511133755227","potions_obtained":[{"floor":3.0,"key":"Fire Potion"},{"floor":6.0,"key":"Regen Potion"},{"floor":12.0,"key":"PowerPotion"},{"floor":16.0,"key":"Regen Potion"}],"is_trial":false,"path_per_floor":["M","$","M","?","M","M","E","R","T","R","E","M","R","$","R","B",null,"M","M","M","M","?","R","E","R","T","E","M","$","E","M","R","B",null,"M","M","?","M","M","R","E","M"],"character_chosen":"THE_SILENT","items_purchased":["Backflip","Skewer","Infinite Blades+1","Crippling Poison"],"campfire_rested":6,"item_purchase_floors":[2,14,29,29],"current_hp_per_floor":[44,44,40,40,40,38,25,59,59,59,2,2,36,36,66,66,66,66,57,57,57,57,57,27,61,61,61,55,55,10,10,44,21,55,33,33,33,33,33,66,23,0],"gold":254,"neow_bonus":"RANDOM_COLORLESS_2","is_prod":false,"is_daily":false,"chose_seed":false,"campfire_upgraded":2,"win_rate":0,"timestamp":1549515432,"path_taken":["M","$","M","?","M","M","E","R","T","R","E","?","R","$","R","BOSS","M","M","?","M","?","R","E","R","T","E","M","$","E","M","R","BOSS","M","M","?","M","M","R","E","M"],"build_version":"2019-01-23","purchased_purges":2,"victory":false,"max_hp_per_floor":[66,66,66,66,66,66,66,66,66,66,66,66,66,66,66,66,66,66,66,66,66,66,66,66,66,66,66,66,66,66,66,66,66,66,66,66,66,66,66,66,66,66],"card_choices":[{"not_picked":["Dagger Spray","Skewer"],"picked":"Backflip","floor":1.0},{"not_picked":["Dagger Throw","Flechettes"],"picked":"Footwork","floor":3.0},{"not_picked":["Eviscerate","Terror"],"picked":"PiercingWail","floor":5.0},{"not_picked":["Sucker Punch","Quick Slash"],"picked":"Caltrops","floor":6.0},{"not_picked":["Sucker Punch","Outmaneuver"],"picked":"Expertise","floor":7.0},{"not_picked":["Deadly Poison","Venomology"],"picked":"Leg Sweep","floor":11.0},{"not_picked":["Bane","Finisher"],"picked":"Cloak And Dagger","floor":12.0},{"not_picked":["Unload","Phantasmal Killer"],"picked":"Glass Knife","floor":16.0},{"not_picked":["PiercingWail","Quick Slash","Deadly Poison"],"picked":"SKIP","floor":18.0},{"not_picked":["Prepared","Dodge and Roll"],"picked":"Acrobatics+1","floor":19.0},{"not_picked":["Outmaneuver","Acrobatics"],"picked":"Leg Sweep","floor":20.0},{"not_picked":["All Out Attack","Choke","Blade Dance"],"picked":"SKIP","floor":21.0},{"not_picked":["Sucker Punch+1","Concentrate"],"picked":"Dash","floor":24.0},{"not_picked":["Dagger Spray","Acrobatics"],"picked":"Infinite Blades+1","floor":27.0},{"not_picked":["Outmaneuver","Blade Dance","Sucker Punch"],"picked":"SKIP","floor":28.0},{"not_picked":["PiercingWail","Quick Slash"],"picked":"Adrenaline","floor":30.0},{"not_picked":["Deadly Poison","Tactician"],"picked":"Bouncing Flask+1","floor":31.0},{"not_picked":["Corpse Explosion","Die Die Die"],"picked":"A Thousand Cuts+1","floor":33.0},{"not_picked":["Quick Slash","Well Laid Plans+1"],"picked":"Infinite Blades+1","floor":35.0},{"not_picked":["Dagger Spray+1","Quick Slash"],"picked":"Calculated Gamble+1","floor":36.0},{"not_picked":["Slice","Sucker Punch"],"picked":"Blade Dance","floor":38.0},{"not_picked":["Doppelganger","Underhanded Strike+1","Prepared"],"picked":"SKIP","floor":39.0},{"not_picked":["Infinite Blades+1","Concentrate"],"picked":"Noxious Fumes+1","floor":41.0}],"player_experience":1021995,"relics_obtained":[{"floor":7.0,"key":"Regal Pillow"},{"floor":9.0,"key":"Frozen Egg 2"},{"floor":11.0,"key":"FossilizedHelix"},{"floor":24.0,"key":"War Paint"},{"floor":26.0,"key":"Bag of Preparation"},{"floor":27.0,"key":"Juzu Bracelet"},{"floor":30.0,"key":"Bottled Tornado"},{"floor":41.0,"key":"Centennial Puzzle"}],"event_choices":[{"damage_healed":0.0,"max_hp_gain":0.0,"max_hp_loss":0.0,"gold_gain":50.0,"event_name":"Golden Shrine","player_choice":"Pray","floor":4.0,"gold_loss":0.0,"damage_taken":0.0},{"cards_removed":["Defend_G"],"damage_healed":0.0,"max_hp_gain":0.0,"max_hp_loss":0.0,"gold_gain":0.0,"event_name":"Designer","player_choice":"Upgrade and Remove","floor":22.0,"gold_loss":110.0,"damage_taken":0.0,"cards_upgraded":["Footwork"]},{"cards_removed":["Strike_G"],"damage_healed":0.0,"max_hp_gain":0.0,"max_hp_loss":0.0,"gold_gain":0.0,"event_name":"Purifier","player_choice":"Purged","floor":37.0,"gold_loss":0.0,"damage_taken":0.0}],"is_beta":false,"boss_relics":[{"not_picked":["Black Star","Orrery"],"picked":"Sozu"},{"not_picked":["Tiny House","Velvet Choker"],"picked":"Runic Pyramid"}],"items_purged_floors":[2,14],"is_endless":false,"potions_floor_spawned":[3,6,12,16,20,21,24,28,31,38,39],"killed_by":"3 Darklings","ascension_level":18}