{"gold_per_floor":[115,127,142,162,174,207,222,222,222,0,75,75,109,128,128,128],"floor_reached":16,"playtime":2086,"items_purged":["Strike_R"],"score":137,"play_id":"338018a7-a088-4d59-8acd-1b7e7bae91c7","local_time":"20180917220633","is_ascension_mode":true,"campfire_choices":[{"floor":8.0,"key":"REST"},{"floor":12.0,"key":"REST"},{"floor":15,"key":"REST"}],"neow_cost":"NONE","seed_source_timestamp":240905260704741,"circlet_count":0,"master_deck":["Strike_R","Strike_R","Strike_R","Strike_R","Defend_R","Defend_R","Defend_R","Defend_R","Bash","Dropkick","Shrug It Off","Thunderclap","Shrug It Off","Armaments","Carnage","Pommel Strike","Iron Wave","Fire Breathing","Disarm","Rage","Iron Wave"],"special_seed":0,"relics":["Burning Blood","WingedGreaves","Bag of Preparation","Mummified Hand"],"potions_floor_usage":[13,16],"damage_taken":[{"damage":9.0,"enemies":"Jaw Worm","floor":1.0,"turns":3.0},{"damage":1.0,"enemies":"2 Louse","floor":2.0,"turns":4.0},{"damage":12.0,"enemies":"Small Slimes","floor":3.0,"turns":3.0},{"damage":10.0,"enemies":"Red Slaver","floor":4.0,"turns":3.0},{"damage":39.0,"enemies":"Gremlin Gang","floor":5.0,"turns":7.0},{"damage":20.0,"enemies":"Lagavulin","floor":6.0,"turns":9.0},{"damage":13.0,"enemies":"Lots of Slimes","floor":7.0,"turns":4.0},{"damage":21,"enemies":"3 Sentries","floor":13,"turns":8},{"damage":4,"enemies":"2 Fungi Beasts","floor":14,"turns":4},{"damage":66,"enemies":"Slime Boss","floor":16,"turns":8}],"seed_played":"6340162648687650132","potions_obtained":[{"floor":3.0,"key":"SpeedPotion"},{"floor":5.0,"key":"AttackPotion"},{"floor":7.0,"key":"EntropicBrew"},{"floor":14,"key":"Energy Potion"}],"is_trial":false,"path_per_floor":["M","M","M","M","M","E","M","R","T","$","?","R","E","M","R"],"character_chosen":"IRONCLAD","items_purchased":["Fire Breathing","Disarm"],"campfire_rested":3,"item_purchase_floors":[10,10],"current_hp_per_floor":[77,80,74,70,37,23,16,40,40,40,29,53,38,40,64,0],"gold":128,"neow_bonus":"THREE_CARDS","is_prod":false,"is_daily":false,"chose_seed":false,"campfire_upgraded":0,"win_rate":0,"timestamp":1537236393,"path_taken":["M","M","M","M","M","E","M","R","T","$","?","R","E","M","R","BOSS"],"build_version":"2018-09-06","purchased_purges":1,"victory":false,"max_hp_per_floor":[80,80,80,80,80,80,80,80,80,80,80,80,80,80,80,80],"card_choices":[{"not_picked":["Blood for Blood","Warcry"],"picked":"Dropkick","floor":0.0},{"not_picked":["Wild Strike","Evolve"],"picked":"Shrug It Off","floor":1.0},{"not_picked":["Warcry","Rupture"],"picked":"Thunderclap","floor":2.0},{"not_picked":["Thunderclap","Rampage"],"picked":"Shrug It Off","floor":3.0},{"not_picked":["Clash","Flex"],"picked":"Armaments","floor":4.0},{"not_picked":["Rupture","Twin Strike"],"picked":"Carnage","floor":5.0},{"not_picked":["Heavy Blade","Cleave"],"picked":"Pommel Strike","floor":6.0},{"not_picked":["Dark Embrace","Headbutt"],"picked":"Iron Wave","floor":7.0},{"not_picked":["Heavy Blade","Anger"],"picked":"Rage","floor":13},{"not_picked":["Armaments","Clash"],"picked":"Iron Wave","floor":14}],"player_experience":407935,"relics_obtained":[{"floor":6.0,"key":"WingedGreaves"},{"floor":9.0,"key":"Bag of Preparation"},{"floor":13,"key":"Mummified Hand"}],"event_choices":[{"event_name":"World of Goop","player_choice":"Gather Gold","floor":11.0,"damage_taken":0.0}],"is_beta":false,"boss_relics":[],"items_purged_floors":[10],"is_endless":false,"potions_floor_spawned":[3,5,7,14],"killed_by":"Slime Boss","ascension_level":4}