{"gold_per_floor":[115,131,131,144,244,244,271,271,271,287,287],"floor_reached":11,"playtime":536,"items_purged":[],"score":146,"play_id":"b8d2d2e1-a866-4d9c-b106-6287130637c6","local_time":"20190208194925","is_ascension_mode":true,"campfire_choices":[{"data":"Zap","floor":6,"key":"SMITH"},{"floor":8,"key":"REST"}],"neow_cost":"TEN_PERCENT_HP_LOSS","seed_source_timestamp":1893120708206781,"circlet_count":0,"master_deck":["AscendersBane","Strike_B","Strike_B","Strike_B","Defend_B","Defend_B","Defend_B+1","Zap+1","Dualcast","Meteor Strike","Streamline+1","Steam","Conserve Battery","Doom and Gloom","Conserve Battery","Recycle"],"relics":["Cracked Core","Girya","Torii"],"potions_floor_usage":[10],"damage_taken":[{"damage":1,"enemies":"2 Louse","floor":1,"turns":2},{"damage":3,"enemies":"Small Slimes","floor":2,"turns":3},{"damage":0,"enemies":"Cultist","floor":4,"turns":3},{"damage":19,"enemies":"Lagavulin","floor":7,"turns":6},{"damage":1,"enemies":"2 Fungi Beasts","floor":10,"turns":3},{"damage":62,"enemies":"Gremlin Nob","floor":11,"turns":4}],"seed_played":"1354287980248859551","potions_obtained":[{"floor":4,"key":"Ancient Potion"},{"floor":7,"key":"GamblersBrew"}],"is_trial":false,"path_per_floor":["M","M","?","M","?","R","E","R","T","M","E"],"character_chosen":"DEFECT","items_purchased":[],"campfire_rested":1,"item_purchase_floors":[],"current_hp_per_floor":[63,60,41,41,41,41,22,41,41,40,0],"gold":287,"neow_bonus":"TRANSFORM_TWO_CARDS","is_prod":false,"is_daily":false,"chose_seed":false,"campfire_upgraded":1,"win_rate":0,"timestamp":1549684165,"path_taken":["M","M","?","M","?","R","E","R","T","?","E"],"build_version":"2019-01-23","purchased_purges":0,"victory":false,"max_hp_per_floor":[64,64,64,64,64,64,64,64,64,64,64],"card_choices":[{"not_picked":["Barrage","Redo"],"picked":"Steam","floor":1},{"not_picked":["Steam","Turbo"],"picked":"Conserve Battery","floor":2},{"not_picked":["Leap","Beam Cell"],"picked":"Doom and Gloom","floor":4},{"not_picked":["Multi-Cast","Sweeping Beam"],"picked":"Conserve Battery","floor":7},{"not_picked":["Hologram","Barrage"],"picked":"Recycle","floor":10}],"player_experience":828234,"relics_obtained":[{"floor":7,"key":"Girya"},{"floor":9,"key":"Torii"}],"event_choices":[{"damage_healed":0,"gold_gain":0,"player_choice":"Entered Light","damage_taken":19,"max_hp_gain":0,"max_hp_loss":0,"event_name":"Shining Light","floor":3,"gold_loss":0,"cards_upgraded":["Streamline","Defend_B"]},{"damage_healed":0,"gold_gain":100,"player_choice":"Gold","damage_taken":0,"max_hp_gain":0,"max_hp_loss":0,"event_name":"Wheel of Change","floor":5,"gold_loss":0}],"is_beta":false,"boss_relics":[],"items_purged_floors":[],"is_endless":false,"potions_floor_spawned":[4,7],"killed_by":"Gremlin Nob","ascension_level":20}