{"gold_per_floor":[14,14,14,34,34,67,67,32,32,32,32,43,43,43,43,146,146,159,177,177],"floor_reached":20,"playtime":546,"items_purged":[],"score":272,"play_id":"b4b0d848-7378-45bc-8a48-2d7cf9ce2be6","local_time":"20190123165350","is_ascension_mode":true,"campfire_choices":[{"data":"Juggernaut","floor":7,"key":"SMITH"},{"data":"Bash","floor":10,"key":"SMITH"},{"data":"1","floor":13,"key":"LIFT"},{"data":"Iron Wave","floor":15,"key":"SMITH"}],"neow_cost":"NO_GOLD","seed_source_timestamp":401334803560896,"circlet_count":0,"master_deck":["AscendersBane","Strike_R","Strike_R","Strike_R+1","Strike_R+1","Defend_R","Defend_R","Defend_R","Bash+1","Metallicize","Juggernaut+1","Iron Wave+1","Second Wind","Seeing Red","Barricade","Iron Wave","Havoc"],"relics":["Burning Blood","CultistMask","Girya","Paper Frog","Mark of Pain"],"potions_floor_usage":[16,20,20],"damage_taken":[{"damage":6,"enemies":"2 Louse","floor":1,"turns":4},{"damage":3,"enemies":"Cultist","floor":4,"turns":4},{"damage":32,"enemies":"Gremlin Nob","floor":6,"turns":5},{"damage":2,"enemies":"Jaw Worm","floor":12,"turns":3},{"damage":20,"enemies":"Slime Boss","floor":16,"turns":6},{"damage":16,"enemies":"3 Byrds","floor":18,"turns":5},{"damage":13,"enemies":"Spheric Guardian","floor":19,"turns":4},{"damage":54,"enemies":"Masked Bandits","floor":20,"turns":3}],"seed_played":"-4357362904478431260","potions_obtained":[{"floor":1,"key":"Fire Potion"},{"floor":12,"key":"SkillPotion"},{"floor":18,"key":"Strength Potion"}],"is_trial":false,"path_per_floor":["M","?","$","M","$","E","R","?","T","R","?","M","R","$","R","B",null,"M","M","?"],"character_chosen":"IRONCLAD","items_purchased":[],"campfire_rested":0,"item_purchase_floors":[],"current_hp_per_floor":[72,72,72,75,75,49,49,69,69,69,53,57,57,57,57,43,71,61,54,0],"gold":177,"neow_bonus":"TRANSFORM_TWO_CARDS","is_prod":false,"is_daily":false,"chose_seed":false,"campfire_upgraded":3,"win_rate":0,"timestamp":1548280430,"path_taken":["M","?","$","?","$","E","R","?","T","R","?","M","R","?","R","BOSS","M","M","?"],"build_version":"2019-01-23","purchased_purges":0,"victory":false,"max_hp_per_floor":[80,80,80,80,80,80,80,80,80,80,80,80,80,80,80,80,80,80,80,80],"card_choices":[{"not_picked":["Intimidate","Sword Boomerang"],"picked":"Iron Wave","floor":1},{"not_picked":["Hemokinesis","Heavy Blade"],"picked":"Second Wind","floor":4},{"not_picked":["Havoc","Anger"],"picked":"Seeing Red","floor":6},{"not_picked":["Pommel Strike","Thunderclap","Wild Strike"],"picked":"SKIP","floor":12},{"not_picked":["Dark Embrace","Double Tap"],"picked":"Barricade","floor":16},{"not_picked":["Dropkick","Thunderclap"],"picked":"Iron Wave","floor":18},{"not_picked":["Clothesline","Armaments"],"picked":"Havoc","floor":19}],"player_experience":554090,"relics_obtained":[{"floor":6,"key":"Girya"},{"floor":9,"key":"Paper Frog"}],"event_choices":[{"damage_healed":0,"gold_gain":0,"player_choice":"Trade","damage_taken":0,"relics_obtained":["CultistMask"],"max_hp_gain":0,"max_hp_loss":0,"event_name":"FaceTrader","floor":2,"gold_loss":0},{"damage_healed":20,"gold_gain":0,"player_choice":"Healed","damage_taken":0,"max_hp_gain":0,"max_hp_loss":0,"event_name":"The Cleric","floor":8,"gold_loss":35},{"damage_healed":0,"gold_gain":0,"player_choice":"Entered Light","damage_taken":16,"max_hp_gain":0,"max_hp_loss":0,"event_name":"Shining Light","floor":11,"gold_loss":0,"cards_upgraded":["Strike_R","Strike_R"]},{"damage_healed":0,"gold_gain":0,"player_choice":"Fought Bandits","damage_taken":0,"max_hp_gain":0,"max_hp_loss":0,"event_name":"Masked Bandits","floor":20,"gold_loss":0}],"is_beta":true,"boss_relics":[{"not_picked":["Eternal Feather","Tiny House"],"picked":"Mark of Pain"}],"items_purged_floors":[],"is_endless":false,"potions_floor_spawned":[1,12,18,19],"killed_by":"Masked Bandits","ascension_level":12}