{"gold_per_floor":[114,39,39,53,1,1,36,36,36,50,50,82,82,98,98,98],"floor_reached":16,"playtime":620,"items_purged":["Strike_G"],"score":162,"play_id":"e8f38be5-aea9-4dc0-b968-6faae8f76287","local_time":"20181022162938","is_ascension_mode":true,"campfire_choices":[{"floor":6,"key":"REST"},{"floor":11,"key":"REST"},{"data":"A Thousand Cuts","floor":13,"key":"SMITH"},{"floor":15,"key":"REST"}],"neow_cost":"PERCENT_DAMAGE","seed_source_timestamp":954431923948278,"circlet_count":0,"master_deck":["Defend_G","Defend_G","Defend_G","Defend_G","Defend_G","Strike_G","Strike_G","Strike_G","Strike_G","Survivor","Neutralize","AscendersBane","A Thousand Cuts+1","Dash","Caltrops","Noxious Fumes","Deadly Poison","Backflip","Well Laid Plans"],"special_seed":0,"relics":["Ring of the Snake","Smiling Mask","Kunai","Snake Skull","Centennial Puzzle","Question Card"],"potions_floor_usage":[12],"damage_taken":[{"damage":4.0,"enemies":"Cultist","floor":1.0,"turns":5.0},{"damage":2.0,"enemies":"Jaw Worm","floor":4.0,"turns":5.0},{"damage":39,"enemies":"3 Sentries","floor":7,"turns":9},{"damage":0,"enemies":"2 Louse","floor":10,"turns":4},{"damage":7,"enemies":"Lagavulin","floor":12,"turns":6},{"damage":18,"enemies":"Lots of Slimes","floor":14,"turns":5},{"damage":38,"enemies":"The Guardian","floor":16,"turns":6}],"seed_played":"4451478079668968583","potions_obtained":[{"floor":4.0,"key":"Ancient Potion"},{"floor":10,"key":"EssenceOfSteel"},{"floor":14,"key":"GamblersBrew"}],"is_trial":false,"path_per_floor":["M","$","$","M","?","R","E","?","T","M","R","E","R","M","R"],"character_chosen":"THE_SILENT","items_purchased":[],"campfire_rested":3,"item_purchase_floors":[],"current_hp_per_floor":[41,41,41,39,39,60,21,21,21,21,42,35,35,17,38,0],"gold":98,"neow_bonus":"THREE_RARE_CARDS","is_prod":false,"is_daily":false,"chose_seed":false,"campfire_upgraded":1,"win_rate":0,"timestamp":1540240178,"path_taken":["M","?","$","M","?","R","E","?","T","M","R","E","R","M","R","BOSS"],"build_version":"2018-10-18","purchased_purges":1,"victory":false,"max_hp_per_floor":[70,70,70,70,70,70,70,70,70,70,70,70,70,70,70,70],"card_choices":[{"not_picked":["Wraith Form v2","Bullet Time"],"picked":"A Thousand Cuts","floor":0.0},{"not_picked":["Deadly Poison","Underhanded Strike"],"picked":"Dash","floor":1.0},{"not_picked":["Eviscerate","Dagger Spray"],"picked":"Caltrops","floor":4.0},{"not_picked":["Catalyst","Bane"],"picked":"Noxious Fumes","floor":7},{"not_picked":["Sucker Punch","Blade Dance"],"picked":"Deadly Poison","floor":10},{"not_picked":["Endless Agony","Heel Hook"],"picked":"Backflip","floor":12},{"not_picked":["Dagger Spray","Underhanded Strike","Bouncing Flask"],"picked":"Well Laid Plans","floor":14}],"player_experience":640948,"relics_obtained":[{"floor":7,"key":"Kunai"},{"floor":8,"key":"Snake Skull"},{"floor":9,"key":"Centennial Puzzle"},{"floor":12,"key":"Question Card"}],"event_choices":[{"damage_healed":0,"gold_gain":0,"player_choice":"Paid Gold","damage_taken":0,"relics_obtained":["Smiling Mask"],"max_hp_gain":0,"max_hp_loss":0,"event_name":"WeMeetAgain","floor":5,"gold_loss":52},{"damage_healed":0,"gold_gain":0,"player_choice":"Relic","damage_taken":0,"max_hp_gain":0,"max_hp_loss":0,"event_name":"Wheel of Change","floor":8,"gold_loss":0}],"is_beta":false,"boss_relics":[],"items_purged_floors":[2],"is_endless":false,"potions_floor_spawned":[4,10,14],"killed_by":"The Guardian","ascension_level":10}