{"gold_per_floor":[109,159,27,46,64,64,94,94,166,201,217,32,46,63,63,140,140,154,188,188,188,203,203,220,236,236,236,268,287,319,344,356,445,457,486,513,240,258,273,273,495,512,557,557,590,608,641,657,657,657,657],"floor_reached":51,"playtime":4514,"items_purged":["Strike_G","Strike_G"],"score":1576,"play_id":"9b2315e1-3e6c-4a6d-83a0-adb88ccc0944","local_time":"20190212235103","is_ascension_mode":true,"campfire_choices":[{"data":"Cloak And Dagger","floor":6.0,"key":"SMITH"},{"data":"Deadly Poison","floor":8.0,"key":"SMITH"},{"floor":15.0,"key":"REST"},{"floor":23.0,"key":"REST"},{"data":"Wraith Form v2","floor":27.0,"key":"SMITH"},{"data":"Wraith Form v2","floor":32.0,"key":"SMITH"},{"floor":40.0,"key":"RECALL"},{"data":"Footwork","floor":49.0,"key":"SMITH"}],"neow_cost":"TEN_PERCENT_HP_LOSS","seed_source_timestamp":2830270562801158,"circlet_count":0,"master_deck":["AscendersBane","Defend_G","Defend_G","Defend_G","Defend_G","Defend_G","Survivor","Neutralize+1","Poisoned Stab","Cloak And Dagger+1","PiercingWail","Deadly Poison+1","Footwork+1","Backflip","Well Laid Plans","Footwork","Wraith Form v2+1","Blade Dance","Bite","Bite+1","Bite","Bite","Bite","Dodge and Roll","Cloak And Dagger","Well Laid Plans","Endless Agony+1","Crippling Poison","Wraith Form v2+1","Cloak And Dagger","Infinite Blades","Bullet Time","Wraith Form v2+1"],"special_seed":0,"relics":["Ring of the Snake","Dead Branch","Vajra","Darkstone Periapt","Sozu","Red Mask","Singing Bowl","MawBank","Eternal Feather","Ninja Scroll","Whetstone","Bag of Marbles","Snake Skull"],"potions_floor_usage":[],"damage_taken":[{"damage":4.0,"enemies":"Jaw Worm","floor":1.0,"turns":6.0},{"damage":0.0,"enemies":"Cultist","floor":4.0,"turns":3.0},{"damage":1.0,"enemies":"Small Slimes","floor":5.0,"turns":5.0},{"damage":20.0,"enemies":"3 Sentries","floor":7.0,"turns":9.0},{"damage":8.0,"enemies":"Gremlin Nob","floor":10.0,"turns":3.0},{"damage":0.0,"enemies":"Exordium Wildlife","floor":11.0,"turns":5.0},{"damage":0.0,"enemies":"Blue Slaver","floor":13.0,"turns":4.0},{"damage":0.0,"enemies":"Gremlin Gang","floor":14.0,"turns":5.0},{"damage":14.0,"enemies":"Slime Boss","floor":16.0,"turns":6.0},{"damage":7.0,"enemies":"3 Byrds","floor":18.0,"turns":5.0},{"damage":46.0,"enemies":"Masked Bandits","floor":19.0,"turns":8.0},{"damage":0.0,"enemies":"Colosseum Slavers","floor":20.0,"turns":4.0},{"damage":5.0,"enemies":"Chosen","floor":22.0,"turns":5.0},{"damage":15.0,"enemies":"Snake Plant","floor":24.0,"turns":6.0},{"damage":11.0,"enemies":"Centurion and Healer","floor":25.0,"turns":16.0},{"damage":11.0,"enemies":"Gremlin Leader","floor":28.0,"turns":6.0},{"damage":7.0,"enemies":"Shelled Parasite and Fungi","floor":29.0,"turns":10.0},{"damage":6.0,"enemies":"Book of Stabbing","floor":30.0,"turns":7.0},{"damage":2.0,"enemies":"Chosen and Byrds","floor":31.0,"turns":7.0},{"damage":26.0,"enemies":"Champ","floor":33.0,"turns":13.0},{"damage":2.0,"enemies":"Orb Walker","floor":35.0,"turns":7.0},{"damage":39.0,"enemies":"3 Darklings","floor":36.0,"turns":7.0},{"damage":0.0,"enemies":"Transient","floor":38.0,"turns":6.0},{"damage":4.0,"enemies":"Sphere and 2 Shapes","floor":39.0,"turns":10.0},{"damage":6.0,"enemies":"4 Shapes","floor":42.0,"turns":6.0},{"damage":6.0,"enemies":"Giant Head","floor":45.0,"turns":8.0},{"damage":3.0,"enemies":"Spire Growth","floor":46.0,"turns":7.0},{"damage":25.0,"enemies":"Nemesis","floor":47.0,"turns":9.0},{"damage":11.0,"enemies":"Maw","floor":48.0,"turns":10.0},{"damage":58.0,"enemies":"Time Eater","floor":50.0,"turns":17.0},{"damage":59,"enemies":"Awakened One","floor":51,"turns":13}],"seed_played":"7238038109899353480","potions_obtained":[{"floor":5.0,"key":"Strength Potion"},{"floor":10.0,"key":"Energy Potion"},{"floor":14.0,"key":"Energy Potion"}],"is_trial":false,"path_per_floor":["M","?","$","M","M","R","E","R","T","E","M","$","M","M","R","B",null,"M","?","?","?","M","R","M","M","T","R","E","M","E","M","R","B",null,"M","M","$","M","M","R","?","M","T","?","E","M","E","M","R","B","B"],"character_chosen":"THE_SILENT","items_purchased":["Cloak And Dagger","Well Laid Plans","Ninja Scroll"],"campfire_rested":2,"item_purchase_floors":[3,12,37],"current_hp_per_floor":[55,49,49,49,48,48,28,28,28,20,22,22,24,26,44,32,53,48,4,6,6,11,29,26,41,41,41,44,55,55,60,60,42,57,64,34,34,48,50,68,68,64,64,64,62,72,58,60,76,35,0],"gold":657,"neow_bonus":"ONE_RARE_RELIC","is_prod":false,"is_daily":false,"chose_seed":false,"campfire_upgraded":5,"win_rate":0,"timestamp":1550011863,"path_taken":["M","?","$","M","M","R","E","R","T","E","?","?","M","M","R","BOSS","M","?","?","?","?","R","M","?","T","R","E","M","E","M","R","BOSS","M","M","$","M","M","R","?","M","T","?","E","M","E","M","R","BOSS","BOSS"],"build_version":"2019-02-06","purchased_purges":2,"victory":false,"max_hp_per_floor":[60,60,60,60,60,60,60,60,60,60,60,60,60,60,60,60,60,60,60,60,60,60,60,60,60,60,60,60,60,60,60,60,62,62,64,64,64,66,68,68,68,68,68,68,70,72,74,76,76,76,76],"card_choices":[{"not_picked":["Dodge and Roll","Outmaneuver"],"picked":"Poisoned Stab","floor":1.0},{"not_picked":["Choke","Terror","Outmaneuver"],"picked":"SKIP","floor":4.0},{"not_picked":["Quick Slash","Eviscerate"],"picked":"PiercingWail","floor":5.0},{"not_picked":["Bullet Time","Bane"],"picked":"Deadly Poison","floor":7.0},{"not_picked":["Blade Dance","Well Laid Plans"],"picked":"Footwork","floor":10.0},{"not_picked":["Accuracy","Poisoned Stab"],"picked":"Backflip","floor":11.0},{"not_picked":["Sucker Punch","Heel Hook","Slice"],"picked":"SKIP","floor":13.0},{"not_picked":["Endless Agony","Prepared"],"picked":"Footwork","floor":14.0},{"not_picked":["Glass Knife","Storm of Steel"],"picked":"Wraith Form v2","floor":16.0},{"not_picked":["Slice","Acrobatics"],"picked":"Blade Dance","floor":18.0},{"not_picked":["Accuracy","Blade Dance"],"picked":"Dodge and Roll","floor":22.0},{"not_picked":["Predator","Prepared"],"picked":"Cloak And Dagger","floor":24.0},{"not_picked":["Bouncing Flask","Backflip"],"picked":"Well Laid Plans","floor":25.0},{"not_picked":["Caltrops","Bouncing Flask"],"picked":"Endless Agony+1","floor":28.0},{"not_picked":["Expertise","Dagger Spray"],"picked":"Crippling Poison","floor":29.0},{"not_picked":["Bouncing Flask+1","Sucker Punch+1"],"picked":"Wraith Form v2","floor":30.0},{"not_picked":["Slice","Underhanded Strike"],"picked":"Cloak And Dagger","floor":31.0},{"not_picked":["Storm of Steel","Die Die Die","Corpse Explosion"],"picked":"Singing Bowl","floor":33.0},{"not_picked":["Escape Plan+1","Predator","Deflect+1"],"picked":"Singing Bowl","floor":35.0},{"not_picked":["Catalyst","Dagger Spray+1"],"picked":"Infinite Blades","floor":36.0},{"not_picked":["Eviscerate","Blade Dance","Backflip"],"picked":"Singing Bowl","floor":38.0},{"not_picked":["Deflect+1","Bane","Outmaneuver"],"picked":"Singing Bowl","floor":39.0},{"not_picked":["Dodge and Roll","Poisoned Stab+1"],"picked":"Bullet Time","floor":42.0},{"not_picked":["Expertise","Flying Knee","Outmaneuver+1"],"picked":"Singing Bowl","floor":45.0},{"not_picked":["Flying Knee+1","Dagger Throw","Predator+1"],"picked":"Singing Bowl","floor":46.0},{"not_picked":["Prepared+1","Flying Knee","Dagger Spray+1"],"picked":"Singing Bowl","floor":47.0},{"not_picked":["Dagger Spray","Blade Dance+1","Calculated Gamble"],"picked":"Singing Bowl","floor":48.0}],"player_experience":2989947,"relics_obtained":[{"floor":7.0,"key":"Vajra"},{"floor":9.0,"key":"Darkstone Periapt"},{"floor":10.0,"key":"Blood Vial"},{"floor":19.0,"key":"Red Mask"},{"floor":28.0,"key":"Singing Bowl"},{"floor":30.0,"key":"MawBank"},{"floor":43.0,"key":"Whetstone"},{"floor":45.0,"key":"Bag of Marbles"},{"floor":47.0,"key":"Snake Skull"}],"event_choices":[{"damage_healed":0.0,"max_hp_gain":0.0,"max_hp_loss":0.0,"gold_gain":50.0,"event_name":"FaceTrader","player_choice":"Touch","floor":2.0,"gold_loss":0.0,"damage_taken":6.0},{"damage_healed":0.0,"max_hp_gain":0.0,"max_hp_loss":0.0,"gold_gain":0.0,"event_name":"Masked Bandits","player_choice":"Fought Bandits","floor":19.0,"gold_loss":0.0,"damage_taken":0.0},{"damage_healed":0.0,"max_hp_gain":0.0,"max_hp_loss":0.0,"gold_gain":0.0,"event_name":"Colosseum","player_choice":"Fight","floor":20.0,"gold_loss":0.0,"damage_taken":0.0},{"damage_healed":0.0,"max_hp_gain":0.0,"max_hp_loss":0.0,"gold_gain":0.0,"event_name":"Colosseum","player_choice":"Fled From Nobs","floor":20.0,"gold_loss":0.0,"damage_taken":0.0},{"damage_healed":0.0,"max_hp_gain":0.0,"max_hp_loss":0.0,"gold_gain":0.0,"event_name":"Vampires","player_choice":"Became a vampire (Vial)","floor":21.0,"relics_lost":["Blood Vial"],"gold_loss":0.0,"damage_taken":0.0,"cards_obtained":["Bite","Bite","Bite","Bite","Bite"]},{"damage_healed":0.0,"max_hp_gain":0.0,"max_hp_loss":0.0,"gold_gain":222.0,"event_name":"Tomb of Lord Red Mask","player_choice":"Wore Mask","floor":41.0,"gold_loss":0.0,"damage_taken":0.0},{"damage_healed":0.0,"max_hp_gain":0.0,"max_hp_loss":0.0,"gold_gain":0.0,"event_name":"Duplicator","player_choice":"Copied","floor":44.0,"gold_loss":0.0,"damage_taken":0.0,"cards_obtained":["Wraith Form v2"]}],"is_beta":true,"boss_relics":[{"not_picked":["Snecko Eye","Ectoplasm"],"picked":"Sozu"},{"not_picked":["Pandora\u0027s Box","Runic Dome"],"picked":"Eternal Feather"}],"items_purged_floors":[3,12],"is_endless":false,"potions_floor_spawned":[5,10,14,24,25,30,31,35,39,45,46],"killed_by":"Awakened One","ascension_level":20}