{"gold_per_floor":[115,130,142,159,159,87,118,118,118,150,150,180,180,180,180,284,284,295,63,63,82,92,92,122,122,145,145,145,158,11,26,26,26],"floor_reached":33,"playtime":1874,"items_purged":["Strike_B","Strike_B"],"score":323,"play_id":"0aff8e28-2848-4545-8b8f-b0160c80795c","local_time":"20190107204048","is_ascension_mode":true,"campfire_choices":[{"data":"Zap","floor":8.0,"key":"SMITH"},{"data":"Loop","floor":11,"key":"SMITH"},{"data":"Electrodynamics","floor":13,"key":"SMITH"},{"data":"Defragment","floor":15,"key":"SMITH"},{"data":"Sunder","floor":23,"key":"SMITH"},{"floor":25,"key":"REST"},{"data":"Defragment","floor":27,"key":"SMITH"},{"floor":32,"key":"REST"}],"neow_cost":"TEN_PERCENT_HP_LOSS","seed_source_timestamp":0,"circlet_count":0,"master_deck":["Strike_B+1","Strike_B+1","Defend_B","Defend_B","Defend_B","Defend_B","Zap+1","Dualcast","Core Surge","Conserve Battery","Defragment+1","Sweeping Beam","Loop+1","Go for the Eyes","Hologram","Electrodynamics+1","Machine Learning","Undo","Defragment+1","Sunder+1","Leap","Coolheaded","Ball Lightning","Decay","Cold Snap"],"special_seed":0,"relics":["Cracked Core","Orichalcum","Dream Catcher","Pantograph","PreservedInsect","Black Star","Art of War","Blood Vial","Oddly Smooth Stone"],"potions_floor_usage":[10,16,22,29,33],"damage_taken":[{"damage":1.0,"enemies":"Jaw Worm","floor":1.0,"turns":2.0},{"damage":0.0,"enemies":"Cultist","floor":2.0,"turns":3.0},{"damage":0.0,"enemies":"2 Louse","floor":3.0,"turns":1.0},{"damage":0.0,"enemies":"Large Slime","floor":4.0,"turns":6.0},{"damage":17.0,"enemies":"Lagavulin","floor":7.0,"turns":5.0},{"damage":0,"enemies":"Gremlin Nob","floor":10,"turns":3},{"damage":16,"enemies":"Lagavulin","floor":12,"turns":6},{"damage":23,"enemies":"Hexaghost","floor":16,"turns":8},{"damage":0,"enemies":"Chosen","floor":18,"turns":4},{"damage":18,"enemies":"Spheric Guardian","floor":21,"turns":5},{"damage":12,"enemies":"Snake Plant","floor":22,"turns":4},{"damage":28,"enemies":"Book of Stabbing","floor":24,"turns":7},{"damage":19,"enemies":"3 Cultists","floor":29,"turns":5},{"damage":5,"enemies":"Chosen and Byrds","floor":31,"turns":6},{"damage":77,"enemies":"Collector","floor":33,"turns":7}],"seed_played":"1399589890270897106","potions_obtained":[{"floor":1.0,"key":"Poison Potion"},{"floor":3.0,"key":"PowerPotion"},{"floor":10,"key":"SpeedPotion"},{"floor":16,"key":"Weak Potion"},{"floor":24,"key":"Regen Potion"},{"floor":31,"key":"Fire Potion"}],"is_trial":false,"path_per_floor":["M","M","M","M","?","$","E","R","T","E","R","E","R","?","R","B",null,"M","$","?","M","M","R","E","R","T","R","?","M","$","M","R","B"],"character_chosen":"DEFECT","items_purchased":["Loop","Defragment","Sunder","Cold Snap"],"campfire_rested":2,"item_purchase_floors":[6,19,19,30],"current_hp_per_floor":[67,67,67,67,53,53,36,36,36,36,36,20,20,25,25,27,73,73,73,73,55,43,43,15,36,36,36,36,33,33,30,51,0],"gold":26,"neow_bonus":"THREE_RARE_CARDS","is_prod":false,"is_daily":false,"chose_seed":false,"campfire_upgraded":6,"win_rate":0,"timestamp":1546922448,"path_taken":["M","M","M","M","?","$","E","R","T","E","R","E","R","?","R","BOSS","M","$","?","M","M","R","E","R","T","R","?","M","?","M","R","BOSS"],"build_version":"2019-01-03v4","purchased_purges":2,"victory":false,"max_hp_per_floor":[68,68,68,68,68,68,68,68,68,68,68,68,68,73,73,73,73,73,73,73,73,73,73,73,73,73,73,73,73,73,73,73,73],"card_choices":[{"not_picked":["Amplify","Reboot"],"picked":"Core Surge","floor":0.0},{"not_picked":["Darkness","Aggregate"],"picked":"Conserve Battery","floor":1.0},{"not_picked":["Scrape","FTL"],"picked":"Defragment","floor":2.0},{"not_picked":["Conserve Battery","Leap","Aggregate"],"picked":"SKIP","floor":3.0},{"not_picked":["Beam Cell","Barrage"],"picked":"Sweeping Beam","floor":4.0},{"not_picked":["Beam Cell","Sweeping Beam"],"picked":"Go for the Eyes","floor":7.0},{"not_picked":["Streamline","Beam Cell"],"picked":"Hologram","floor":10},{"not_picked":["Steam","Gash"],"picked":"Electrodynamics","floor":12},{"not_picked":["Hyperbeam","Thunder Strike"],"picked":"Machine Learning","floor":16},{"not_picked":["Streamline+1","Sweeping Beam+1"],"picked":"Undo","floor":18},{"not_picked":["Rip and Tear","Beam Cell","White Noise"],"picked":"SKIP","floor":21},{"not_picked":["Recycle+1","Darkness"],"picked":"Leap","floor":22},{"not_picked":["Rip and Tear","Machine Learning"],"picked":"Coolheaded","floor":24},{"not_picked":["Undo","Chaos"],"picked":"Ball Lightning","floor":25},{"not_picked":["Blizzard","Consume","White Noise"],"picked":"SKIP","floor":29},{"not_picked":["Go for the Eyes+1","Hologram","Fusion+1"],"picked":"SKIP","floor":31}],"player_experience":112730,"relics_obtained":[{"floor":7.0,"key":"Orichalcum"},{"floor":9,"key":"Dream Catcher"},{"floor":10,"key":"Pantograph"},{"floor":12,"key":"PreservedInsect"},{"floor":24,"key":"Art of War"},{"floor":24,"key":"Blood Vial"},{"floor":26,"key":"Oddly Smooth Stone"}],"event_choices":[{"damage_healed":0.0,"max_hp_gain":0.0,"max_hp_loss":0.0,"gold_gain":0.0,"event_name":"Shining Light","player_choice":"Entered Light","floor":5.0,"gold_loss":0.0,"damage_taken":14.0,"cards_upgraded":["Strike_B","Strike_B"]},{"damage_healed":0,"gold_gain":0,"player_choice":"Donut","damage_taken":0,"max_hp_gain":5,"max_hp_loss":0,"event_name":"Big Fish","floor":14,"gold_loss":0},{"damage_healed":0,"gold_gain":0,"player_choice":"Ignored","damage_taken":0,"max_hp_gain":0,"max_hp_loss":0,"event_name":"Ghosts","floor":20,"gold_loss":0},{"damage_healed":0,"gold_gain":0,"player_choice":"Smashed Altar","damage_taken":0,"max_hp_gain":0,"max_hp_loss":0,"event_name":"Forgotten Altar","floor":28,"gold_loss":0,"cards_obtained":["Decay"]}],"is_beta":false,"boss_relics":[{"not_picked":["FrozenCore","Orrery"],"picked":"Black Star"}],"items_purged_floors":[19,30],"is_endless":false,"potions_floor_spawned":[1,3,10,16,24,31],"killed_by":"Collector","ascension_level":1}