{"gold_per_floor":[109,109,109,284,301,301,365,365,365,395,395,395,395,19,19,119,119,138,138,237,251,266,266,266],"floor_reached":24,"playtime":1845,"items_purged":["Strike_R"],"score":280,"play_id":"902e72d1-0806-47bd-ab3a-97e7449e0305","local_time":"20181004135450","is_ascension_mode":true,"campfire_choices":[{"data":"Doubt","floor":6,"key":"PURGE"},{"data":"Rampage","floor":8,"key":"SMITH"},{"floor":11,"key":"REST"},{"floor":15,"key":"REST"},{"floor":23,"key":"REST"}],"neow_cost":"TEN_PERCENT_HP_LOSS","seed_source_timestamp":62613299296050,"circlet_count":0,"master_deck":["Strike_R","Strike_R+1","Strike_R","Strike_R+1","Defend_R","Defend_R","Defend_R","Defend_R","Bash","Feel No Pain","Shrug It Off","Rampage+1","Heavy Blade","Spot Weakness","True Grit","Offering","Ghostly Armor","Shrug It Off+1","Warcry"],"relics":["Black Blood","Peace Pipe","Tiny Chest","Bottled Flame","Bag of Preparation","Juzu Bracelet","Champion Belt","Mummified Hand"],"potions_floor_usage":[16,16,22],"damage_taken":[{"damage":0,"enemies":"Small Slimes","floor":1,"turns":3},{"damage":1,"enemies":"Cultist","floor":5,"turns":4},{"damage":17,"enemies":"3 Sentries","floor":7,"turns":11},{"damage":42,"enemies":"Lagavulin","floor":10,"turns":8},{"damage":19,"enemies":"The Guardian","floor":16,"turns":7},{"damage":21,"enemies":"2 Thieves","floor":18,"turns":5},{"damage":24,"enemies":"Spheric Guardian","floor":21,"turns":4},{"damage":30,"enemies":"Snecko","floor":22,"turns":8},{"damage":43,"enemies":"Slavers","floor":24,"turns":5}],"seed_played":"5338353265952061088","potions_obtained":[{"floor":1,"key":"Strength Potion"},{"floor":10,"key":"FearPotion"},{"floor":18,"key":"Weak Potion"}],"is_trial":false,"path_per_floor":["M","?","?","?","M","R","E","R","T","E","R","T","T","$","R","B",null,"M","?","?","M","M","R"],"character_chosen":"IRONCLAD","items_purchased":["Mummified Hand","True Grit"],"campfire_rested":3,"item_purchase_floors":[14,14],"current_hp_per_floor":[72,72,58,58,63,63,52,52,52,16,37,37,37,37,58,45,65,54,54,54,40,20,41,0],"gold":266,"neow_bonus":"ONE_RARE_RELIC","is_prod":false,"is_daily":false,"chose_seed":false,"campfire_upgraded":1,"win_rate":0,"timestamp":1538675690,"path_taken":["M","?","?","?","?","R","E","R","T","E","R","?","?","?","R","BOSS","M","?","?","M","M","R","E"],"build_version":"2018-09-27","purchased_purges":1,"victory":false,"max_hp_per_floor":[72,72,72,72,72,72,72,72,72,72,72,72,72,72,72,72,72,72,72,72,72,72,72,72],"card_choices":[{"not_picked":["Rage","Havoc"],"picked":"Feel No Pain","floor":1},{"not_picked":["Feel No Pain","Dropkick","Thunderclap"],"picked":"SKIP","floor":5},{"not_picked":["Warcry","Intimidate"],"picked":"Heavy Blade","floor":7},{"not_picked":["Uppercut","Rampage"],"picked":"Spot Weakness","floor":10},{"not_picked":["Barricade","Feed"],"picked":"Offering","floor":16},{"not_picked":["Anger","Rampage"],"picked":"Ghostly Armor","floor":18},{"not_picked":["Wild Strike","Heavy Blade"],"picked":"Shrug It Off+1","floor":21},{"not_picked":["Perfected Strike","Bloodletting+1"],"picked":"Warcry","floor":22}],"player_experience":555126,"relics_obtained":[{"floor":7,"key":"Tiny Chest"},{"floor":9,"key":"Bottled Flame"},{"floor":10,"key":"Bag of Preparation"},{"floor":12,"key":"Juzu Bracelet"},{"floor":13,"key":"Champion Belt"}],"event_choices":[{"event_name":"Match and Keep!","player_choice":"2 cards matched","floor":2,"damage_taken":0},{"event_name":"Shining Light","player_choice":"Entered Light","floor":3,"damage_taken":0},{"event_name":"Liars Game","player_choice":"agreed","floor":4,"damage_taken":0},{"event_name":"Ghosts","player_choice":"Ignored","floor":19,"damage_taken":0},{"event_name":"Nest","player_choice":"Stole From Cult","floor":20,"damage_taken":0}],"is_beta":false,"boss_relics":[{"not_picked":["Philosopher\u0027s Stone","Orrery"],"picked":"Black Blood"}],"items_purged_floors":[14],"is_endless":false,"potions_floor_spawned":[1,10,18],"killed_by":"Slavers","ascension_level":8}