{"gold_per_floor":[112,131,148,165,165,197,197,197,197,229,249,265,265,265,265,369,369,381,399,7,7,24,57,57,73,96,96],"floor_reached":27,"playtime":1460,"items_purged":[],"score":245,"play_id":"a3669122-cd35-48d4-9749-e10d482ed47d","local_time":"20190119233600","is_ascension_mode":false,"campfire_choices":[{"floor":8,"key":"REST"},{"floor":13,"key":"REST"},{"data":"Loop","floor":15,"key":"SMITH"},{"data":"Seek","floor":24,"key":"SMITH"}],"neow_cost":"NONE","seed_source_timestamp":188254815674207,"circlet_count":0,"master_deck":["Strike_B+1","Strike_B","Strike_B","Defend_B","Defend_B","Defend_B+1","Defend_B","Zap+1","Dualcast+1","Go for the Eyes","Cold Snap","Loop+1","Sweeping Beam+1","Seek+1","Coolheaded","Streamline+1","Amplify","Undo","Static Discharge+1","Core Surge+1","Self Repair","Glacier"],"relics":["Cracked Core","NeowsBlessing","Kunai","Molten Egg 2","Mummified Hand","Inserter","Singing Bowl","Whetstone","War Paint"],"potions_floor_usage":[6,16,22,23,23],"damage_taken":[{"damage":0,"enemies":"Cultist","floor":1,"turns":1},{"damage":0,"enemies":"Jaw Worm","floor":2,"turns":1},{"damage":0,"enemies":"Small Slimes","floor":3,"turns":1},{"damage":22,"enemies":"Exordium Thugs","floor":4,"turns":5},{"damage":28,"enemies":"3 Sentries","floor":6,"turns":10},{"damage":12,"enemies":"Lagavulin","floor":10,"turns":7},{"damage":11,"enemies":"Large Slime","floor":11,"turns":4},{"damage":5,"enemies":"Blue Slaver","floor":12,"turns":3},{"damage":27,"enemies":"Hexaghost","floor":16,"turns":11},{"damage":4,"enemies":"Shell Parasite","floor":18,"turns":6},{"damage":0,"enemies":"Chosen","floor":19,"turns":5},{"damage":6,"enemies":"Sentry and Sphere","floor":22,"turns":5},{"damage":46,"enemies":"Gremlin Leader","floor":23,"turns":7},{"damage":31,"enemies":"Shelled Parasite and Fungi","floor":25,"turns":6},{"damage":16,"enemies":"3 Cultists","floor":27,"turns":3}],"seed_played":"-1047506428490868179","potions_obtained":[{"floor":4,"key":"SteroidPotion"},{"floor":6,"key":"SteroidPotion"},{"floor":12,"key":"GamblersBrew"},{"floor":16,"key":"AttackPotion"},{"floor":18,"key":"Weak Potion"},{"floor":25,"key":"Ancient Potion"}],"is_trial":false,"path_per_floor":["M","M","M","M","?","E","?","R","T","E","M","M","R","?","R","B",null,"M","M","$","?","M","E","R","M","T","M"],"character_chosen":"DEFECT","items_purchased":["Core Surge+1","Singing Bowl"],"campfire_rested":2,"item_purchase_floors":[20,20],"current_hp_per_floor":[75,75,75,53,53,25,25,47,47,35,24,19,41,34,34,7,75,71,71,71,71,65,33,33,11,11,0],"gold":96,"neow_bonus":"THREE_ENEMY_KILL","is_prod":false,"is_daily":false,"chose_seed":false,"campfire_upgraded":2,"win_rate":0,"timestamp":1547969760,"path_taken":["M","M","M","M","?","E","?","R","T","E","?","M","R","?","R","BOSS","M","M","$","?","M","E","R","?","T","M"],"build_version":"2019-01-17v2","purchased_purges":0,"victory":false,"max_hp_per_floor":[75,75,75,75,75,75,75,75,75,75,75,75,75,75,75,75,75,75,75,75,75,75,75,75,77,77,77],"card_choices":[{"not_picked":["Hologram","Gash"],"picked":"Go for the Eyes","floor":1},{"not_picked":["Beam Cell","Steam"],"picked":"Cold Snap","floor":2},{"not_picked":["Consume","Stack"],"picked":"Loop","floor":3},{"not_picked":["Leap","Cold Snap"],"picked":"Sweeping Beam","floor":4},{"not_picked":["Consume","Lockon","Undo"],"picked":"SKIP","floor":6},{"not_picked":["Aggregate","Meteor Strike+1"],"picked":"Seek","floor":10},{"not_picked":["Sweeping Beam+1","Consume"],"picked":"Coolheaded","floor":11},{"not_picked":["Scrape+1","Barrage+1"],"picked":"Streamline+1","floor":12},{"not_picked":["Creative AI","Rainbow"],"picked":"Amplify","floor":16},{"not_picked":["Cold Snap+1","Beam Cell+1"],"picked":"Undo","floor":18},{"not_picked":["Storm","Cold Snap+1"],"picked":"Static Discharge+1","floor":19},{"not_picked":["Steam","Streamline+1"],"picked":"Self Repair","floor":22},{"not_picked":["Reinforced Body","Static Discharge+1"],"picked":"Glacier","floor":23},{"not_picked":["Scrape+1","Rebound+1","Cold Snap+1"],"picked":"Singing Bowl","floor":25}],"player_experience":224065,"relics_obtained":[{"floor":6,"key":"Kunai"},{"floor":9,"key":"Molten Egg 2"},{"floor":10,"key":"Mummified Hand"},{"floor":23,"key":"Whetstone"},{"floor":26,"key":"War Paint"}],"event_choices":[{"damage_healed":0,"gold_gain":0,"player_choice":"Ignored","damage_taken":0,"max_hp_gain":0,"max_hp_loss":0,"event_name":"Shining Light","floor":5,"gold_loss":0},{"damage_healed":0,"gold_gain":0,"player_choice":"Upgraded","damage_taken":0,"max_hp_gain":0,"max_hp_loss":0,"event_name":"Upgrade Shrine","floor":7,"gold_loss":0,"cards_upgraded":["Zap"]},{"cards_removed":["Strike_B"],"damage_healed":0,"gold_gain":0,"player_choice":"Card Removal","damage_taken":7,"max_hp_gain":0,"max_hp_loss":0,"event_name":"Golden Wing","floor":14,"gold_loss":0},{"damage_healed":0,"gold_gain":0,"player_choice":"Ignored","damage_taken":0,"max_hp_gain":0,"max_hp_loss":0,"event_name":"N\u0027loth","floor":21,"gold_loss":0}],"is_beta":false,"boss_relics":[{"not_picked":["Velvet Choker","Black Star"],"picked":"Inserter"}],"items_purged_floors":[],"is_endless":false,"potions_floor_spawned":[4,6,12,16,18,25],"killed_by":"3 Cultists","ascension_level":0}