{"gold_per_floor":[110,125,49,49,63,63,88,88,88,88,88,113,63,63,63,163,163,178,190,116,136,136,136,166,166,216,216,216,216,229,246,246,246],"floor_reached":33,"playtime":1587,"items_purged":[],"score":350,"play_id":"11d40a5c-ebaa-4e15-934e-8966f1062af4","local_time":"20190123203821","is_ascension_mode":true,"campfire_choices":[{"data":"Thunderclap","floor":6,"key":"SMITH"},{"data":"Feed","floor":8,"key":"SMITH"},{"floor":10,"key":"REST"},{"data":"Shockwave","floor":15,"key":"SMITH"},{"data":"Immolate","floor":23,"key":"SMITH"},{"data":"1","floor":25,"key":"LIFT"},{"data":"2","floor":27,"key":"LIFT"},{"data":"Flame Barrier","floor":32,"key":"SMITH"}],"neow_cost":"PERCENT_DAMAGE","seed_source_timestamp":523098693472884,"circlet_count":0,"master_deck":["Defend_R+1","Defend_R+1","Defend_R+1","Defend_R+1","Bash","Hemokinesis","Sword Boomerang","Thunderclap+1","Feed+1","Shockwave+1","Finesse","Immolate+1","Shrug It Off+1","Rupture","Bite","Bite","Bite","Bite","Bite","Flame Barrier+1"],"relics":["Burning Blood","Gambling Chip","Gremlin Horn","Orichalcum","Bag of Preparation","Champion Belt","Runic Cube","Girya","Bag of Marbles","Darkstone Periapt"],"potions_floor_usage":[2,24,31,33],"damage_taken":[{"damage":3,"enemies":"Small Slimes","floor":1,"turns":3},{"damage":18,"enemies":"Jaw Worm","floor":2,"turns":4},{"damage":1,"enemies":"Cultist","floor":5,"turns":4},{"damage":36,"enemies":"Lagavulin","floor":7,"turns":5},{"damage":8,"enemies":"Gremlin Nob","floor":12,"turns":3},{"damage":44,"enemies":"Slime Boss","floor":16,"turns":14},{"damage":5,"enemies":"Chosen","floor":18,"turns":3},{"damage":24,"enemies":"Shell Parasite","floor":19,"turns":5},{"damage":22,"enemies":"Snake Plant","floor":21,"turns":5},{"damage":23,"enemies":"Book of Stabbing","floor":24,"turns":4},{"damage":23,"enemies":"Centurion and Healer","floor":30,"turns":5},{"damage":11,"enemies":"Shelled Parasite and Fungi","floor":31,"turns":2},{"damage":67,"enemies":"Collector","floor":33,"turns":7}],"seed_played":"3337605564186009413","potions_obtained":[{"floor":1,"key":"BloodPotion"},{"floor":2,"key":"SkillPotion"},{"floor":12,"key":"GamblersBrew"},{"floor":16,"key":"Weak Potion"},{"floor":21,"key":"PowerPotion"},{"floor":24,"key":"GamblersBrew"},{"floor":31,"key":"LiquidBronze"}],"is_trial":false,"path_per_floor":["M","M","$","?","M","R","E","R","T","R","?","E","?","?","R","B",null,"M","M","$","M","?","R","E","R","T","R","?","T","M","M","R","B"],"character_chosen":"IRONCLAD","items_purchased":["BloodPotion","Rupture"],"campfire_rested":1,"item_purchase_floors":[3,20],"current_hp_per_floor":[59,55,55,52,57,57,27,27,27,51,56,54,54,54,54,20,89,93,79,79,63,63,63,50,50,50,50,50,50,47,53,53,0],"gold":246,"neow_bonus":"ONE_RARE_RELIC","is_prod":false,"is_daily":false,"chose_seed":false,"campfire_upgraded":5,"win_rate":0,"timestamp":1548304701,"path_taken":["M","M","$","?","M","R","E","R","T","R","?","E","?","?","R","BOSS","M","M","$","M","?","R","E","R","T","R","?","?","?","M","R","BOSS"],"build_version":"2019-01-23","purchased_purges":0,"victory":false,"max_hp_per_floor":[80,80,80,80,80,80,80,80,80,80,85,85,85,85,85,89,89,93,97,97,97,67,67,67,67,67,67,67,67,71,75,75,75],"card_choices":[{"not_picked":["Rage","Spot Weakness"],"picked":"Hemokinesis","floor":1},{"not_picked":["Heavy Blade","Shrug It Off"],"picked":"Sword Boomerang","floor":2},{"not_picked":["Sword Boomerang","Impervious"],"picked":"Thunderclap","floor":5},{"not_picked":["Clothesline","Rampage"],"picked":"Feed","floor":7},{"not_picked":["Fire Breathing","Second Wind"],"picked":"Shockwave","floor":12},{"not_picked":["Limit Break","Juggernaut"],"picked":"Immolate","floor":16},{"not_picked":["Pommel Strike+1","Hemokinesis+1","Carnage"],"picked":"SKIP","floor":18},{"not_picked":["Heavy Blade","Uppercut"],"picked":"Shrug It Off+1","floor":19},{"not_picked":["Headbutt+1","Havoc","Warcry"],"picked":"SKIP","floor":21},{"not_picked":["Intimidate","Body Slam","Anger+1"],"picked":"SKIP","floor":24},{"not_picked":["Wild Strike","Juggernaut"],"picked":"Flame Barrier","floor":30}],"player_experience":252669,"relics_obtained":[{"floor":7,"key":"Orichalcum"},{"floor":9,"key":"Bag of Preparation"},{"floor":12,"key":"Champion Belt"},{"floor":24,"key":"Girya"},{"floor":26,"key":"Bag of Marbles"},{"floor":29,"key":"Darkstone Periapt"}],"event_choices":[{"damage_healed":0,"gold_gain":0,"player_choice":"Success","damage_taken":3,"relics_obtained":["Gremlin Horn"],"max_hp_gain":0,"max_hp_loss":0,"event_name":"Scrap Ooze","floor":4,"gold_loss":0},{"damage_healed":0,"gold_gain":0,"player_choice":"Donut","damage_taken":0,"max_hp_gain":5,"max_hp_loss":0,"event_name":"Big Fish","floor":11,"gold_loss":0},{"cards_removed":["Strike_R"],"damage_healed":0,"gold_gain":0,"player_choice":"Card Removal","damage_taken":0,"max_hp_gain":0,"max_hp_loss":0,"event_name":"The Cleric","floor":13,"gold_loss":50},{"damage_healed":0,"gold_gain":0,"player_choice":"1 cards matched","damage_taken":0,"max_hp_gain":0,"max_hp_loss":0,"event_name":"Match and Keep!","floor":14,"gold_loss":0,"cards_obtained":["Finesse"]},{"damage_healed":0,"gold_gain":0,"player_choice":"Became a vampire","damage_taken":0,"max_hp_gain":0,"max_hp_loss":30,"event_name":"Vampires","floor":22,"gold_loss":0,"cards_obtained":["Bite","Bite","Bite","Bite","Bite"]},{"damage_healed":0,"gold_gain":0,"player_choice":"Simplicity","damage_taken":0,"max_hp_gain":0,"max_hp_loss":0,"event_name":"Back to Basics","floor":28,"gold_loss":0,"cards_upgraded":["Defend_R","Defend_R","Defend_R","Defend_R"]}],"is_beta":false,"boss_relics":[{"not_picked":["Calling Bell","Runic Pyramid"],"picked":"Runic Cube"}],"items_purged_floors":[],"is_endless":false,"potions_floor_spawned":[1,2,12,16,19,21,24,31],"killed_by":"Collector","ascension_level":4}