{"gold_per_floor":[109,127,137,154,166,191,191,204,204,204,219,219,251,268,268,345,345,345,345,345,22,22,22,22,22,22,22,22,22,22,22,22,22,22,22,22,22,22,22,22,22],"floor_reached":41,"playtime":4794,"items_purged":["Strike_G"],"score":840,"play_id":"79b1aa04-59de-4f15-b332-46e35fb9f38f","local_time":"20190209035512","is_ascension_mode":true,"campfire_choices":[{"floor":7.0,"key":"REST"},{"data":"Neutralize","floor":10.0,"key":"SMITH"},{"floor":12.0,"key":"REST"},{"floor":15.0,"key":"REST"},{"floor":23.0,"key":"REST"},{"floor":27.0,"key":"REST"},{"data":"Apotheosis","floor":28.0,"key":"SMITH"},{"floor":30.0,"key":"REST"},{"data":"Leg Sweep","floor":32.0,"key":"SMITH"},{"floor":40,"key":"REST"}],"neow_cost":"NONE","seed_source_timestamp":205887930632986,"circlet_count":0,"master_deck":["AscendersBane","Defend_G","Defend_G","Defend_G","Defend_G","Strike_G","Strike_G","Strike_G","Survivor","Neutralize+1","Dash","Leg Sweep+1","Dagger Throw","Escape Plan","Infinite Blades","PiercingWail","Skewer","Crippling Poison","Dagger Spray","Blur","Well Laid Plans","Corpse Explosion","Cloak And Dagger","Heel Hook+1","Prepared","Slice+1","Skewer+1","Apotheosis+1","Outmaneuver","Dodge and Roll","Terror","Flechettes","Deflect","Acrobatics","Dodge and Roll","Flechettes","Malaise","Sucker Punch+1","Backstab","Dagger Throw+1","Backflip","Footwork","Leg Sweep+1"],"special_seed":0,"relics":["Ring of the Snake","Bag of Preparation","Prayer Wheel","WingedGreaves","Ectoplasm","Blue Candle","Regal Pillow","Runic Dome"],"potions_floor_usage":[39],"damage_taken":[{"damage":7.0,"enemies":"Small Slimes","floor":1.0,"turns":6.0},{"damage":0.0,"enemies":"2 Louse","floor":2.0,"turns":3.0},{"damage":0.0,"enemies":"Jaw Worm","floor":3.0,"turns":5.0},{"damage":8.0,"enemies":"Lots of Slimes","floor":4.0,"turns":7.0},{"damage":0.0,"enemies":"Blue Slaver","floor":5.0,"turns":6.0},{"damage":32.0,"enemies":"Lagavulin","floor":6.0,"turns":11.0},{"damage":7.0,"enemies":"2 Fungi Beasts","floor":8.0,"turns":4.0},{"damage":6.0,"enemies":"Looter","floor":11.0,"turns":3.0},{"damage":30.0,"enemies":"Gremlin Nob","floor":13.0,"turns":6.0},{"damage":4.0,"enemies":"Exordium Wildlife","floor":14.0,"turns":5.0},{"damage":15.0,"enemies":"The Guardian","floor":16.0,"turns":18.0},{"damage":0.0,"enemies":"3 Byrds","floor":18.0,"turns":2.0},{"damage":21.0,"enemies":"Shell Parasite","floor":19.0,"turns":7.0},{"damage":12.0,"enemies":"3 Cultists","floor":20.0,"turns":3.0},{"damage":10.0,"enemies":"Centurion and Healer","floor":22.0,"turns":5.0},{"damage":14.0,"enemies":"Book of Stabbing","floor":24.0,"turns":6.0},{"damage":32.0,"enemies":"Snake Plant","floor":29.0,"turns":4.0},{"damage":42.0,"enemies":"Collector","floor":33.0,"turns":10.0},{"damage":11.0,"enemies":"3 Shapes","floor":35.0,"turns":6.0},{"damage":0,"enemies":"Orb Walker","floor":37,"turns":2},{"damage":11,"enemies":"3 Darklings","floor":38,"turns":4},{"damage":37,"enemies":"Spire Growth","floor":39,"turns":6},{"damage":68,"enemies":"Giant Head","floor":41,"turns":7}],"seed_played":"-6961484117465264859","potions_obtained":[{"floor":3.0,"key":"Weak Potion"},{"floor":4.0,"key":"Regen Potion"},{"floor":8.0,"key":"Swift Potion"},{"floor":14.0,"key":"SpeedPotion"},{"floor":16.0,"key":"Poison Potion"},{"floor":20.0,"key":"GhostInAJar"},{"floor":24.0,"key":"Weak Potion"},{"floor":35.0,"key":"Weak Potion"},{"floor":38,"key":"Dexterity Potion"}],"is_trial":false,"path_per_floor":["M","M","M","M","M","E","R","M","T","R","M","R","E","M","R","B",null,"M","M","M","$","M","R","E","?","T","R","R","M","R","?","R","B",null,"M","?","M","M","M","R","E"],"character_chosen":"THE_SILENT","items_purchased":["Apotheosis","Outmaneuver"],"campfire_rested":7,"item_purchase_floors":[21,21],"current_hp_per_floor":[58,58,58,50,50,33,54,47,47,47,41,62,32,28,49,34,63,63,42,30,30,20,41,27,27,27,63,63,31,67,67,67,25,60,49,49,49,38,1,37,0],"gold":22,"neow_bonus":"TEN_PERCENT_HP_BONUS","is_prod":false,"is_daily":false,"chose_seed":false,"campfire_upgraded":3,"win_rate":0,"timestamp":1549702512,"path_taken":["M","M","M","M","M","E","R","M","T","R","M","R","E","M","R","BOSS","M","M","M","$","M","R","E","?","T","R","R","M","R","?","R","BOSS","M","?","M","M","?","R","E"],"build_version":"2019-01-23","purchased_purges":1,"victory":false,"max_hp_per_floor":[72,72,72,72,72,72,72,72,72,72,72,72,72,72,72,72,72,72,72,72,72,72,72,72,72,72,72,72,72,72,72,72,72,72,72,72,72,72,72,72,72],"card_choices":[{"not_picked":["Cloak And Dagger","Blur"],"picked":"Dash","floor":1.0},{"not_picked":["Quick Slash","Accuracy"],"picked":"Leg Sweep","floor":2.0},{"not_picked":["Setup","Prepared"],"picked":"Dagger Throw","floor":3.0},{"not_picked":["All Out Attack","Flying Knee"],"picked":"Escape Plan","floor":4.0},{"not_picked":["Underhanded Strike","Grand Finale"],"picked":"Infinite Blades","floor":5.0},{"not_picked":["Prepared","Catalyst","Poisoned Stab"],"picked":"SKIP","floor":6.0},{"not_picked":["Flying Knee","Masterful Stab"],"picked":"PiercingWail","floor":8.0},{"not_picked":["Quick Slash","Terror"],"picked":"Skewer","floor":11.0},{"not_picked":["Acrobatics","Dodge and Roll"],"picked":"Crippling Poison","floor":11.0},{"not_picked":["Grand Finale","Bane"],"picked":"Dagger Spray","floor":13.0},{"not_picked":["Dagger Spray","PiercingWail"],"picked":"Blur","floor":14.0},{"not_picked":["Predator","Acrobatics"],"picked":"Well Laid Plans","floor":14.0},{"not_picked":["Burst","Envenom"],"picked":"Corpse Explosion","floor":16.0},{"not_picked":["Backflip","All Out Attack"],"picked":"Cloak And Dagger","floor":18.0},{"not_picked":["Dagger Spray","Quick Slash","Heel Hook+1"],"picked":"SKIP","floor":18.0},{"not_picked":["Dagger Spray","Quick Slash"],"picked":"Heel Hook+1","floor":18.0},{"not_picked":["Dagger Throw","All Out Attack"],"picked":"Prepared","floor":19.0},{"not_picked":["Flying Knee","Blade Dance"],"picked":"Slice+1","floor":19.0},{"not_picked":["Sucker Punch","Outmaneuver"],"picked":"Skewer+1","floor":20.0},{"not_picked":["Terror","Slice","Dagger Throw"],"picked":"SKIP","floor":20.0},{"not_picked":["Terror","Concentrate+1"],"picked":"Dodge and Roll","floor":22.0},{"not_picked":["Unload","Masterful Stab"],"picked":"Terror","floor":22.0},{"not_picked":["Dodge and Roll","Escape Plan"],"picked":"Flechettes","floor":24.0},{"not_picked":["Flying Knee","Acrobatics"],"picked":"Deflect","floor":29.0},{"not_picked":["Masterful Stab","Bouncing Flask"],"picked":"Acrobatics","floor":29.0},{"not_picked":["Phantasmal Killer","Corpse Explosion"],"picked":"Malaise","floor":33.0},{"not_picked":["Heel Hook+1","Well Laid Plans"],"picked":"Sucker Punch+1","floor":35.0},{"not_picked":["Dagger Throw","Deadly Poison"],"picked":"Backstab","floor":35.0},{"not_picked":["Flechettes+1","Dagger Spray"],"picked":"Dagger Throw+1","floor":37},{"not_picked":["Flying Knee+1","Bane","Deflect"],"picked":"SKIP","floor":37},{"not_picked":["Prepared","Dagger Throw"],"picked":"Backflip","floor":38},{"not_picked":["Masterful Stab+1","Dagger Throw"],"picked":"Footwork","floor":38},{"not_picked":["Acrobatics+1","Flying Knee"],"picked":"Leg Sweep+1","floor":39},{"not_picked":["Backflip","Outmaneuver","Terror"],"picked":"SKIP","floor":39}],"player_experience":1042038,"relics_obtained":[{"floor":6.0,"key":"Bag of Preparation"},{"floor":9.0,"key":"Prayer Wheel"},{"floor":13.0,"key":"WingedGreaves"},{"floor":24.0,"key":"Blue Candle"},{"floor":26.0,"key":"Regal Pillow"}],"event_choices":[{"damage_healed":0.0,"max_hp_gain":0.0,"max_hp_loss":0.0,"gold_gain":0.0,"event_name":"Beggar","player_choice":"Ignored","floor":25.0,"gold_loss":0.0,"damage_taken":0.0},{"damage_healed":0.0,"max_hp_gain":0.0,"max_hp_loss":0.0,"gold_gain":0.0,"cards_transformed":["Strike_G","Defend_G"],"event_name":"Drug Dealer","player_choice":"Became Test Subject","floor":31.0,"gold_loss":0.0,"damage_taken":0.0,"cards_obtained":["Dodge and Roll","Flechettes"]},{"damage_healed":0,"gold_gain":0,"player_choice":"Leave","damage_taken":0,"max_hp_gain":0,"max_hp_loss":0,"event_name":"FaceTrader","floor":36,"gold_loss":0}],"is_beta":false,"boss_relics":[{"not_picked":["Coffee Dripper","Orrery"],"picked":"Ectoplasm"},{"not_picked":["Tiny House","Black Star"],"picked":"Runic Dome"}],"items_purged_floors":[21],"is_endless":false,"potions_floor_spawned":[3,4,8,14,16,20,24,35,37,38],"killed_by":"Giant Head","ascension_level":18}