{"gold_per_floor":[11,31,106,106,124,124,149,161,219,231,243,272,302,290,290,385,435,449,469,482,482,582,582,592,612,612,612,612,612,627,18,18,18],"floor_reached":33,"playtime":2255,"items_purged":["Zap"],"score":247,"play_id":"aa41558b-c6f4-4cf8-9ff9-a5351f5f4bd9","local_time":"20181105031555","is_ascension_mode":false,"campfire_choices":[{"data":"Dualcast","floor":6,"key":"SMITH"},{"data":"Sunder","floor":8,"key":"SMITH"},{"floor":10,"key":"REST"},{"data":"Reboot","floor":15,"key":"SMITH"},{"floor":23,"key":"REST"},{"floor":27,"key":"REST"},{"floor":32,"key":"REST"}],"neow_cost":"NO_GOLD","seed_source_timestamp":623503095287331,"circlet_count":0,"master_deck":["Strike_B","Strike_B","Strike_B","Defend_B","Defend_B","Dualcast+1","Rip and Tear","Reboot+1","Tempest","Rebound+1","Compile Driver+1","Turbo","Sunder+1","Meteor Strike","Consume","Redo+1","All For One","Steam Power","Redo","Tempest+1","Double Energy+1","Steam Power","Rainbow","Panache+1"],"relics":["Cracked Core","MawBank","Whetstone","Mummified Hand","Tiny House","Frozen Egg 2","Frozen Eye","PreservedInsect"],"potions_floor_usage":[16,20,25,33,33],"damage_taken":[{"damage":1,"enemies":"Cultist","floor":1,"turns":3},{"damage":3,"enemies":"Small Slimes","floor":2,"turns":2},{"damage":0,"enemies":"2 Louse","floor":5,"turns":2},{"damage":10,"enemies":"Gremlin Nob","floor":7,"turns":3},{"damage":7,"enemies":"Blue Slaver","floor":12,"turns":2},{"damage":0,"enemies":"Lots of Slimes","floor":13,"turns":2},{"damage":22,"enemies":"Slime Boss","floor":16,"turns":7},{"damage":10,"enemies":"Spheric Guardian","floor":18,"turns":3},{"damage":20,"enemies":"3 Byrds","floor":19,"turns":3},{"damage":22,"enemies":"Sentry and Sphere","floor":20,"turns":4},{"damage":7,"enemies":"Centurion and Healer","floor":24,"turns":3},{"damage":12,"enemies":"Cultist and Chosen","floor":25,"turns":3},{"damage":8,"enemies":"Snecko","floor":30,"turns":3},{"damage":80,"enemies":"Collector","floor":33,"turns":6}],"seed_played":"5995614025968527240","potions_obtained":[{"floor":5,"key":"Fire Potion"},{"floor":7,"key":"Poison Potion"},{"floor":16,"key":"Regen Potion"},{"floor":17,"key":"Strength Potion"},{"floor":30,"key":"Swift Potion"}],"is_trial":false,"path_per_floor":["M","M","?","?","M","R","E","R","T","R","T","M","M","$","R","B",null,"M","M","M","$","?","R","M","M","T","R","?","?","M","$","R","B"],"character_chosen":"DEFECT","items_purchased":["Redo","Panache+1","Frozen Eye","PreservedInsect"],"campfire_rested":4,"item_purchase_floors":[14,31,31,31],"current_hp_per_floor":[74,71,60,60,60,60,50,50,50,72,72,65,65,65,65,43,80,70,50,33,33,33,57,50,38,38,62,47,47,39,39,64,0],"gold":18,"neow_bonus":"TRANSFORM_TWO_CARDS","is_prod":false,"is_daily":false,"chose_seed":false,"campfire_upgraded":3,"win_rate":0.0,"timestamp":1541405755,"path_taken":["M","?","?","?","M","R","E","R","T","R","?","M","M","$","R","BOSS","M","M","M","?","?","R","M","?","T","R","?","?","M","$","R","BOSS"],"build_version":"2018-11-01","purchased_purges":1,"victory":false,"max_hp_per_floor":[75,75,75,75,75,75,75,75,75,75,75,75,75,75,75,75,80,80,80,80,80,80,80,80,80,80,80,85,85,85,85,85,85],"card_choices":[{"not_picked":["Stack","Streamline"],"picked":"Tempest","floor":1},{"not_picked":["Go for the Eyes","Cold Snap"],"picked":"Rebound","floor":2},{"not_picked":["Glacier","Leap"],"picked":"Turbo","floor":5},{"not_picked":["Leap","Steam Power"],"picked":"Sunder","floor":7},{"not_picked":["Ball Lightning","Turbo"],"picked":"Meteor Strike","floor":12},{"not_picked":["Sweeping Beam","Chill"],"picked":"Consume","floor":13},{"not_picked":["Creative AI","Reboot"],"picked":"All For One","floor":16},{"not_picked":["Chaos","Sweeping Beam"],"picked":"Steam Power","floor":17},{"not_picked":["Coolheaded","Static Discharge"],"picked":"Redo","floor":18},{"not_picked":["Beam Cell","Sweeping Beam"],"picked":"Tempest+1","floor":19},{"not_picked":["Ball Lightning+1","Steam","Hello World"],"picked":"SKIP","floor":20},{"not_picked":["Static Discharge+1","Storm"],"picked":"Double Energy","floor":24},{"not_picked":["Reinforced Body","Scrape"],"picked":"Steam Power","floor":25},{"not_picked":["Steam+1","Beam Cell"],"picked":"Rainbow","floor":30}],"player_experience":20027,"relics_obtained":[{"floor":7,"key":"MawBank"},{"floor":9,"key":"Whetstone"},{"floor":11,"key":"Mummified Hand"},{"floor":26,"key":"Frozen Egg 2"}],"event_choices":[{"damage_healed":0,"gold_gain":75,"player_choice":"Gather Gold","damage_taken":11,"max_hp_gain":0,"max_hp_loss":0,"event_name":"World of Goop","floor":3,"gold_loss":0},{"damage_healed":0,"gold_gain":0,"cards_transformed":["Defend_B"],"player_choice":"Change","damage_taken":0,"max_hp_gain":0,"max_hp_loss":0,"event_name":"Living Wall","floor":4,"gold_loss":0,"cards_obtained":["Compile Driver"]},{"damage_healed":0,"gold_gain":100,"player_choice":"Pray","damage_taken":0,"max_hp_gain":0,"max_hp_loss":0,"event_name":"Golden Shrine","floor":22,"gold_loss":0},{"damage_healed":0,"gold_gain":0,"player_choice":"Shed Blood","damage_taken":20,"max_hp_gain":5,"max_hp_loss":0,"event_name":"Forgotten Altar","floor":28,"gold_loss":0},{"damage_healed":0,"gold_gain":0,"player_choice":"Upgraded","damage_taken":0,"max_hp_gain":0,"max_hp_loss":0,"event_name":"Upgrade Shrine","floor":29,"gold_loss":0,"cards_upgraded":["Double Energy"]}],"is_beta":false,"boss_relics":[{"not_picked":["Runic Dome","Philosopher\u0027s Stone"],"picked":"Tiny House"}],"items_purged_floors":[31],"is_endless":false,"potions_floor_spawned":[5,7,16,18,30],"killed_by":"Collector","ascension_level":0}