{"gold_per_floor":[112,287,297,314,314,346,346,375,401,469,483,433,443,462,462,566,566,553,48,48,48],"floor_reached":21,"playtime":1079,"items_purged":["Doubt"],"score":265,"play_id":"8b34adf8-6feb-4fea-ad9e-d2555ffd8a5c","local_time":"20181009115519","is_ascension_mode":true,"campfire_choices":[{"floor":7.0,"key":"REST"},{"floor":15.0,"key":"REST"}],"neow_cost":"TEN_PERCENT_HP_LOSS","seed_source_timestamp":488112842966422,"circlet_count":0,"master_deck":["Defend_G","Defend_G","Defend_G","Defend_G+1","Defend_G+1","Strike_G","Strike_G","Strike_G","Strike_G","Strike_G","Survivor","Neutralize","Noxious Fumes","All Out Attack","Infinite Blades","Noxious Fumes","Flying Knee","Cloak And Dagger","Deadly Poison","Deadly Poison","A Thousand Cuts","Prepared","Master of Strategy","Slice","Flying Knee"],"special_seed":0,"relics":["Ring of the Snake","Turnip","Strawberry","Ancient Tea Set","Omamori","WristBlade","Anchor","Nilry\u0027s Codex"],"potions_floor_usage":[],"damage_taken":[{"damage":1.0,"enemies":"Small Slimes","floor":1.0,"turns":5.0},{"damage":2.0,"enemies":"2 Louse","floor":3.0,"turns":4.0},{"damage":16.0,"enemies":"Cultist","floor":4.0,"turns":4.0},{"damage":14.0,"enemies":"Lagavulin","floor":6.0,"turns":9.0},{"damage":29.0,"enemies":"3 Sentries","floor":8.0,"turns":6.0},{"damage":9.0,"enemies":"3 Louse","floor":11.0,"turns":4.0},{"damage":0.0,"enemies":"Blue Slaver","floor":13.0,"turns":5.0},{"damage":1.0,"enemies":"Large Slime","floor":14.0,"turns":6.0},{"damage":12.0,"enemies":"Hexaghost","floor":16.0,"turns":9.0},{"damage":28.0,"enemies":"2 Thieves","floor":18.0,"turns":4.0},{"damage":22,"enemies":"Chosen","floor":21,"turns":4}],"seed_played":"67707678188699672","potions_obtained":[{"floor":1.0,"key":"Energy Potion"},{"floor":8.0,"key":"Block Potion"},{"floor":11.0,"key":"Poison Potion"},{"floor":13.0,"key":"GhostInAJar"}],"is_trial":false,"path_per_floor":["M","?","M","M","?","E","R","E","T","?","M","?","M","M","R","B",null,"M","$","?"],"character_chosen":"THE_SILENT","items_purchased":["Anchor","Master of Strategy","Slice","Flying Knee"],"campfire_rested":2,"item_purchase_floors":[19,19,19,19],"current_hp_per_floor":[62,62,60,44,31,24,45,16,16,16,7,7,7,6,27,15,56,28,28,12,0],"gold":48,"neow_bonus":"ONE_RARE_RELIC","is_prod":false,"is_daily":false,"chose_seed":false,"campfire_upgraded":0,"win_rate":0,"timestamp":1539100519,"path_taken":["M","?","?","M","?","E","R","E","T","?","M","?","?","?","R","BOSS","M","$","?","M"],"build_version":"2018-10-04v2","purchased_purges":1,"victory":false,"max_hp_per_floor":[63,63,63,63,63,70,70,70,70,70,70,70,70,70,70,70,70,70,70,70,70],"card_choices":[{"not_picked":["Crippling Poison","Sucker Punch"],"picked":"Noxious Fumes","floor":1.0},{"not_picked":["Underhanded Strike","Dagger Spray"],"picked":"All Out Attack","floor":3.0},{"not_picked":["Backstab","Flying Knee"],"picked":"Infinite Blades","floor":4.0},{"not_picked":["Underhanded Strike","Outmaneuver"],"picked":"Noxious Fumes","floor":6.0},{"not_picked":["Tools of the Trade","Quick Slash"],"picked":"Flying Knee","floor":8.0},{"not_picked":["Bane","Deflect"],"picked":"Cloak And Dagger","floor":11.0},{"not_picked":["Outmaneuver","Underhanded Strike"],"picked":"Deadly Poison","floor":13.0},{"not_picked":["Underhanded Strike","Slice"],"picked":"Deadly Poison","floor":14.0},{"not_picked":["Wraith Form v2","Die Die Die"],"picked":"A Thousand Cuts","floor":16.0},{"not_picked":["Outmaneuver","Acrobatics"],"picked":"Prepared","floor":18.0}],"player_experience":571651,"relics_obtained":[{"floor":6.0,"key":"Strawberry"},{"floor":8.0,"key":"Ancient Tea Set"},{"floor":9.0,"key":"Omamori"},{"floor":20.0,"key":"Nilry\u0027s Codex"}],"event_choices":[{"event_name":"Liars Game","player_choice":"agreed","floor":2.0,"damage_taken":0.0},{"event_name":"Shining Light","player_choice":"Entered Light","floor":5.0,"damage_taken":0.0},{"event_name":"Golden Wing","player_choice":"Gained Gold","floor":10.0,"damage_taken":0.0},{"event_name":"World of Goop","player_choice":"Left","floor":12.0,"damage_taken":0.0},{"event_name":"Cursed Tome","player_choice":"Obtained Book","floor":20.0,"damage_taken":0.0}],"is_beta":false,"boss_relics":[{"not_picked":["Calling Bell","Orrery"],"picked":"WristBlade"}],"items_purged_floors":[19],"is_endless":false,"potions_floor_spawned":[1,8,11,13],"killed_by":"Chosen","ascension_level":8}