{"gold_per_floor":[111,125,144,155,155,155,155,187,187,213,213,213,228,245,245,320,320,330,330,343,393,18,43,43,58,58,77,77,94,94,106,106,184,184,197,11,29,44,44,70,70,70,70,89,105,132,0,17,17,17],"floor_reached":51,"playtime":10942,"items_purged":["Defend_B","Pain"],"score":1359,"play_id":"3e6311f4-4eeb-4bbc-b6b8-6f4398cc11d4","local_time":"20190128231249","is_ascension_mode":true,"campfire_choices":[{"floor":6.0,"key":"REST"},{"floor":12.0,"key":"REST"},{"floor":15.0,"key":"REST"},{"floor":24.0,"key":"REST"},{"floor":28.0,"key":"REST"},{"floor":32.0,"key":"REST"},{"data":"Buffer","floor":42,"key":"SMITH"},{"floor":49,"key":"REST"}],"neow_cost":"PERCENT_DAMAGE","seed_source_timestamp":0,"circlet_count":0,"master_deck":["AscendersBane","Strike_B+1","Strike_B+1","Strike_B","Defend_B","Defend_B","Zap","Dualcast","Capacitor","Go for the Eyes","Genetic Algorithm","Echo Form","Auto Shields","Chill","Core Surge","Machine Learning","Coolheaded","Necronomicurse","Fusion","Compile Driver","Conserve Battery","Aggregate+1","Conserve Battery","Compile Driver+1","All For One","Buffer+1","Streamline","Blizzard","Seek","Cold Snap","Glacier","Double Energy+1","Darkness+1","Meteor Strike","Cold Snap"],"special_seed":0,"relics":["Cracked Core","Cables","Question Card","Whetstone","Snecko Eye","Necronomicon","Meat on the Bone","Pear","Bag of Marbles","WarpedTongs","Cursed Key","Prayer Wheel","Centennial Puzzle","Red Mask"],"potions_floor_usage":[50,50],"damage_taken":[{"damage":4.0,"enemies":"Jaw Worm","floor":1.0,"turns":3.0},{"damage":0.0,"enemies":"Small Slimes","floor":2.0,"turns":2.0},{"damage":0.0,"enemies":"2 Louse","floor":3.0,"turns":2.0},{"damage":7.0,"enemies":"Red Slaver","floor":4.0,"turns":4.0},{"damage":21.0,"enemies":"Lagavulin","floor":8.0,"turns":7.0},{"damage":37.0,"enemies":"3 Sentries","floor":10.0,"turns":8.0},{"damage":8.0,"enemies":"Blue Slaver","floor":13.0,"turns":4.0},{"damage":19.0,"enemies":"Exordium Wildlife","floor":14.0,"turns":7.0},{"damage":5.0,"enemies":"The Guardian","floor":16.0,"turns":13.0},{"damage":0.0,"enemies":"Chosen","floor":18.0,"turns":6.0},{"damage":11.0,"enemies":"Shell Parasite","floor":20.0,"turns":6.0},{"damage":25.0,"enemies":"Slavers","floor":23.0,"turns":9.0},{"damage":21.0,"enemies":"3 Cultists","floor":25.0,"turns":8.0},{"damage":24.0,"enemies":"Snake Plant","floor":27.0,"turns":6.0},{"damage":18.0,"enemies":"Snecko","floor":29.0,"turns":5.0},{"damage":33.0,"enemies":"3 Cultists","floor":31.0,"turns":5.0},{"damage":41.0,"enemies":"Champ","floor":33.0,"turns":18.0},{"damage":12.0,"enemies":"3 Darklings","floor":35.0,"turns":8.0},{"damage":0.0,"enemies":"3 Shapes","floor":37.0,"turns":5.0},{"damage":0.0,"enemies":"Transient","floor":38.0,"turns":5.0},{"damage":20.0,"enemies":"Reptomancer","floor":40.0,"turns":8.0},{"damage":0,"enemies":"Maw","floor":44,"turns":8},{"damage":0,"enemies":"Sphere and 2 Shapes","floor":45,"turns":4},{"damage":0,"enemies":"Giant Head","floor":46,"turns":9},{"damage":0,"enemies":"Jaw Worm Horde","floor":48,"turns":4},{"damage":18,"enemies":"Donu and Deca","floor":50,"turns":7}],"seed_played":"7688158968250399502","potions_obtained":[{"floor":1.0,"key":"Fire Potion"},{"floor":2.0,"key":"Regen Potion"},{"floor":10.0,"key":"Weak Potion"},{"floor":16.0,"key":"SkillPotion"},{"floor":31.0,"key":"Strength Potion"},{"floor":33.0,"key":"Fire Potion"},{"floor":37.0,"key":"Strength Potion"},{"floor":40,"key":"Swift Potion"}],"is_trial":false,"path_per_floor":["M","M","M","M","?","R","?","E","T","E","?","R","M","M","R","B",null,"M","?","M","?","$","E","R","M","T","M","R","M","?","M","R","B",null,"M","$","M","M","T","E","?","R","T","M","M","E","?","M","R","B",null],"character_chosen":"DEFECT","items_purchased":["Meat on the Bone","Compile Driver","Blizzard"],"campfire_rested":7,"item_purchase_floors":[22,22,36],"current_hp_per_floor":[42,42,42,35,35,56,61,52,52,15,15,37,29,10,32,27,64,64,43,32,32,32,29,54,45,45,33,58,52,52,31,56,27,71,59,59,59,59,59,51,51,51,51,51,51,51,51,51,76,58],"gold":17,"neow_bonus":"REMOVE_TWO","is_prod":false,"is_daily":false,"chose_seed":false,"campfire_upgraded":1,"win_rate":0,"timestamp":1548735169,"path_taken":["M","M","M","M","?","R","?","E","T","E","?","R","M","M","R","BOSS","M","?","M","?","$","E","R","M","T","M","R","?","?","M","R","BOSS","M","$","M","M","?","E","?","R","T","M","M","E","?","M","R","BOSS"],"build_version":"2019-01-23","purchased_purges":2,"victory":true,"max_hp_per_floor":[71,71,71,71,71,71,76,76,76,76,76,76,76,76,76,76,76,76,76,76,76,76,86,86,86,86,86,86,86,86,86,86,86,86,86,86,86,86,86,86,86,86,86,86,86,86,86,86,86,86],"card_choices":[{"not_picked":["Static Discharge","Stack"],"picked":"Capacitor","floor":1.0},{"not_picked":["Steam Power","Rebound"],"picked":"Go for the Eyes","floor":2.0},{"not_picked":["Doom and Gloom","Capacitor"],"picked":"Genetic Algorithm","floor":3.0},{"not_picked":["Darkness","Turbo"],"picked":"Leap","floor":4.0},{"not_picked":["Reinforced Body","Gash"],"picked":"Echo Form","floor":8.0},{"not_picked":["Scrape","Aggregate","Rebound"],"picked":"Auto Shields","floor":10.0},{"not_picked":["Leap","Skim","Rebound"],"picked":"Chill","floor":13.0},{"not_picked":["Coolheaded","Skim","Redo"],"picked":"Core Surge","floor":14.0},{"not_picked":["Thunder Strike","All For One","Fission"],"picked":"Machine Learning","floor":16.0},{"not_picked":["Ball Lightning+1","Sweeping Beam","Steam"],"picked":"Coolheaded","floor":18.0},{"not_picked":["Compile Driver","Auto Shields","Leap"],"picked":"Fusion","floor":20.0},{"not_picked":["Tempest","Aggregate","Genetic Algorithm"],"picked":"Conserve Battery","floor":23.0},{"not_picked":["Gash+1","Chaos","Barrage"],"picked":"Aggregate+1","floor":25.0},{"not_picked":["Reinforced Body","Stack","Skim"],"picked":"Conserve Battery","floor":27.0},{"not_picked":["Hologram","Barrage","Beam Cell+1"],"picked":"Compile Driver+1","floor":29.0},{"not_picked":["Chaos","Barrage","FTL"],"picked":"All For One","floor":31.0},{"not_picked":["Echo Form","Multi-Cast","Thunder Strike"],"picked":"Buffer","floor":33.0},{"not_picked":["Turbo","Coolheaded+1","Chaos+1"],"picked":"Streamline","floor":35.0},{"not_picked":["Gash","Stack","Double Energy+1"],"picked":"Seek","floor":37.0},{"not_picked":["Doom and Gloom","Steam","Barrage"],"picked":"Cold Snap","floor":38.0},{"not_picked":["Chill","Steam Power+1","Leap"],"picked":"Glacier","floor":40},{"not_picked":["Gash+1","Compile Driver","FTL+1"],"picked":"Double Energy+1","floor":44},{"not_picked":["Rebound","Auto Shields","Recycle","Stack"],"picked":"SKIP","floor":44},{"not_picked":["Double Energy+1","Capacitor","Seek"],"picked":"Darkness+1","floor":45},{"not_picked":["Gash","Hologram","Steam+1","Coolheaded"],"picked":"SKIP","floor":45},{"not_picked":["Ball Lightning+1","Glacier","Steam+1"],"picked":"Meteor Strike","floor":46},{"not_picked":["Redo","Streamline","Recycle"],"picked":"Cold Snap","floor":48},{"not_picked":["Turbo","Cold Snap","BootSequence+1","Redo"],"picked":"SKIP","floor":48}],"player_experience":938916,"relics_obtained":[{"floor":8.0,"key":"Cables"},{"floor":9.0,"key":"Question Card"},{"floor":10.0,"key":"Whetstone"},{"floor":19.0,"key":"Necronomicon"},{"floor":23.0,"key":"Pear"},{"floor":26.0,"key":"Bag of Marbles"},{"floor":40,"key":"Prayer Wheel"},{"floor":46,"key":"Centennial Puzzle"}],"event_choices":[{"damage_healed":0.0,"max_hp_gain":0.0,"max_hp_loss":0.0,"gold_gain":0.0,"event_name":"Liars Game","player_choice":"Ignored","floor":5.0,"gold_loss":0.0,"damage_taken":0.0},{"damage_healed":0.0,"max_hp_gain":5.0,"max_hp_loss":0.0,"gold_gain":0.0,"event_name":"Big Fish","player_choice":"Donut","floor":7.0,"gold_loss":0.0,"damage_taken":0.0},{"damage_healed":0.0,"max_hp_gain":0.0,"max_hp_loss":0.0,"gold_gain":0.0,"event_name":"Scrap Ooze","player_choice":"Fled","floor":11.0,"gold_loss":0.0,"damage_taken":0.0},{"damage_healed":0.0,"max_hp_gain":0.0,"max_hp_loss":0.0,"gold_gain":0.0,"event_name":"Cursed Tome","player_choice":"Obtained Book","floor":19.0,"gold_loss":0.0,"damage_taken":21.0},{"damage_healed":0.0,"max_hp_gain":0.0,"max_hp_loss":0.0,"gold_gain":50.0,"event_name":"Nest","player_choice":"Stole From Cult","floor":21.0,"gold_loss":0.0,"damage_taken":0.0},{"damage_healed":0.0,"max_hp_gain":0.0,"max_hp_loss":0.0,"gold_gain":0.0,"event_name":"Accursed Blacksmith","player_choice":"Rummage","floor":30.0,"gold_loss":0.0,"damage_taken":0.0,"relics_obtained":["WarpedTongs"],"cards_obtained":["Pain"]},{"cards_removed":["Leap"],"damage_healed":0,"gold_gain":0,"player_choice":"Removed Skill","damage_taken":0,"max_hp_gain":0,"max_hp_loss":0,"event_name":"Falling","floor":41,"gold_loss":0},{"damage_healed":0,"gold_gain":0,"player_choice":"Paid","damage_taken":0,"relics_obtained":["Red Mask"],"max_hp_gain":0,"max_hp_loss":0,"event_name":"Tomb of Lord Red Mask","floor":47,"gold_loss":132}],"is_beta":false,"boss_relics":[{"not_picked":["Sozu","Eternal Feather"],"picked":"Snecko Eye"},{"not_picked":["Lizard Tail","Nuclear Battery"],"picked":"Cursed Key"}],"items_purged_floors":[22,36],"is_endless":false,"potions_floor_spawned":[1,2,4,10,16,20,31,33,37,38,40,45],"ascension_level":16}