{"gold_per_floor":[115,195,44,58,74,74,101,130,169,208,240,252,298,321,333,442,454,480,5,5,5,5,5,16,16,42,42,55,55,74,104,104,209,209,227,227,9,28,28,28,46,46,92,103,120,45,60,79,79,79],"floor_reached":51,"playtime":2574,"items_purged":["Rupture+1"],"score":830,"play_id":"6c0dbf43-d120-4bf9-957c-db42e852ad43","local_time":"20190107235338","is_ascension_mode":true,"campfire_choices":[{"data":"Clothesline","floor":6,"key":"SMITH"},{"data":"Rupture","floor":12,"key":"SMITH"},{"data":"Inflame","floor":15,"key":"SMITH"},{"data":"Rage","floor":23,"key":"SMITH"},{"data":"Shockwave","floor":25,"key":"SMITH"},{"data":"Disarm","floor":29,"key":"SMITH"},{"data":"Spot Weakness","floor":32,"key":"SMITH"},{"floor":40,"key":"REST"},{"floor":42,"key":"REST"},{"data":"Demon Form","floor":49,"key":"SMITH"}],"neow_cost":"NONE","seed_source_timestamp":1572622440634341,"circlet_count":0,"master_deck":["Defend_R","Defend_R+1","Defend_R","Defend_R","Bash+1","Inflame+1","Dropkick","Shrug It Off","Pummel","Sword Boomerang","Disarm+1","Limit Break+1","Rage+1","Shockwave+1","Master of Strategy","Bite+1","Bite+1","Bite+1","Bite+1","Bite+1","Thunderclap+1","Warcry","Spot Weakness+1","Demon Form+1","Heavy Blade+1","Ghostly Armor","Cleave+1","Heavy Blade+1","Reaper+1","Impervious","Feel No Pain+1","Pommel Strike+1","Sentinel+1","Parasite","Ghostly Armor","Whirlwind+1"],"relics":["Burning Blood","PreservedInsect","MawBank","Oddly Smooth Stone","Bronze Scales","Molten Egg 2","Velvet Choker","War Paint","Dream Catcher","Self Forming Clay","Orrery","Vajra","Pen Nib"],"potions_floor_usage":[10,14,14,18,31,35,38,45,48,50],"damage_taken":[{"damage":10,"enemies":"2 Louse","floor":1,"turns":3},{"damage":5,"enemies":"Jaw Worm","floor":4,"turns":5},{"damage":7,"enemies":"Small Slimes","floor":5,"turns":3},{"damage":11,"enemies":"Lagavulin","floor":7,"turns":6},{"damage":7,"enemies":"2 Fungi Beasts","floor":8,"turns":4},{"damage":10,"enemies":"Gremlin Nob","floor":10,"turns":3},{"damage":10,"enemies":"Blue Slaver","floor":11,"turns":3},{"damage":17,"enemies":"Lagavulin","floor":13,"turns":4},{"damage":0,"enemies":"3 Louse","floor":14,"turns":1},{"damage":49,"enemies":"Slime Boss","floor":16,"turns":13},{"damage":5,"enemies":"3 Byrds","floor":18,"turns":4},{"damage":3,"enemies":"Shell Parasite","floor":24,"turns":3},{"damage":22,"enemies":"Centurion and Healer","floor":28,"turns":6},{"damage":0,"enemies":"Snecko","floor":30,"turns":4},{"damage":14,"enemies":"Slavers","floor":31,"turns":4},{"damage":18,"enemies":"Collector","floor":33,"turns":6},{"damage":34,"enemies":"3 Shapes","floor":35,"turns":3},{"damage":29,"enemies":"3 Darklings","floor":38,"turns":4},{"damage":30,"enemies":"Maw","floor":41,"turns":6},{"damage":39,"enemies":"Sphere and 2 Shapes","floor":44,"turns":5},{"damage":9,"enemies":"Writhing Mass","floor":45,"turns":6},{"damage":20,"enemies":"Jaw Worm Horde","floor":47,"turns":3},{"damage":24,"enemies":"Sphere and 2 Shapes","floor":48,"turns":4},{"damage":51,"enemies":"Awakened One","floor":50,"turns":7}],"seed_played":"-1155509427159945308","potions_obtained":[{"floor":1,"key":"AttackPotion"},{"floor":5,"key":"SpeedPotion"},{"floor":7,"key":"Weak Potion"},{"floor":10,"key":"Explosive Potion"},{"floor":11,"key":"BloodPotion"},{"floor":16,"key":"Block Potion"},{"floor":18,"key":"SteroidPotion"},{"floor":28,"key":"Poison Potion"},{"floor":30,"key":"Swift Potion"},{"floor":44,"key":"Regen Potion"},{"floor":45,"key":"Energy Potion"},{"floor":47,"key":"Explosive Potion"}],"is_trial":false,"path_per_floor":["M","?","$","M","M","R","E","M","T","E","M","R","E","M","R","B",null,"M","$","?","?","?","R","M","R","T","?","M","R","M","E","R","B",null,"M","?","$","M","?","R","M","R","T","M","M","$","M","M","R","B",null],"character_chosen":"IRONCLAD","items_purchased":["PreservedInsect","Shockwave","War Paint","Master of Strategy","Reaper+1","Vajra","Whirlwind+1"],"campfire_rested":2,"item_purchase_floors":[3,19,19,19,37,37,46],"current_hp_per_floor":[76,76,76,77,76,76,71,70,70,66,62,62,51,65,65,22,80,80,80,56,56,56,56,56,56,56,56,47,47,56,54,54,50,56,37,37,37,14,14,30,18,34,34,10,43,43,35,47,47,11],"gold":79,"neow_bonus":"UPGRADE_CARD","is_prod":false,"is_daily":false,"chose_seed":false,"campfire_upgraded":8,"win_rate":0,"timestamp":1546934018,"path_taken":["M","?","$","M","M","R","E","M","T","E","M","R","E","M","R","BOSS","M","$","?","?","?","R","M","R","T","?","M","R","?","E","R","BOSS","M","?","$","M","?","R","M","R","T","M","?","$","M","M","R","BOSS"],"build_version":"2019-01-03v4","purchased_purges":1,"victory":true,"max_hp_per_floor":[80,80,80,80,80,80,80,80,80,80,80,80,80,80,80,80,80,80,80,56,56,56,56,56,56,56,56,56,56,56,56,56,56,56,56,56,56,56,56,56,56,56,56,56,56,56,56,56,56,56],"card_choices":[{"not_picked":["Hemokinesis","Flame Barrier"],"picked":"Inflame","floor":1},{"not_picked":["True Grit","Hemokinesis"],"picked":"Clothesline","floor":4},{"not_picked":["Flame Barrier","Spot Weakness"],"picked":"Dropkick","floor":5},{"not_picked":["Dropkick","Twin Strike"],"picked":"Shrug It Off","floor":7},{"not_picked":["Evolve","Cleave"],"picked":"Pummel","floor":8},{"not_picked":["Evolve","Anger"],"picked":"Sword Boomerang","floor":10},{"not_picked":["Feel No Pain","Seeing Red"],"picked":"Rupture","floor":11},{"not_picked":["Thunderclap","Blood for Blood","Flame Barrier"],"picked":"SKIP","floor":13},{"not_picked":["Clothesline+1","Searing Blow+1"],"picked":"Disarm","floor":14},{"not_picked":["Reaper+1","Barricade"],"picked":"Limit Break","floor":16},{"not_picked":["Infernal Blade","Armaments"],"picked":"Rage","floor":18},{"not_picked":["Anger+1","Feel No Pain","Rupture+1"],"picked":"SKIP","floor":24},{"not_picked":["Battle Trance","Heavy Blade+1"],"picked":"Thunderclap+1","floor":28},{"not_picked":["Body Slam+1","Perfected Strike+1"],"picked":"Warcry","floor":30},{"not_picked":["Twin Strike+1","Wild Strike+1"],"picked":"Spot Weakness","floor":31},{"not_picked":["Immolate+1","Impervious"],"picked":"Demon Form","floor":33},{"not_picked":["Wild Strike+1","Sever Soul+1"],"picked":"Heavy Blade+1","floor":34},{"not_picked":["Rupture","Seeing Red+1"],"picked":"Ghostly Armor","floor":34},{"not_picked":["Wild Strike+1","Fire Breathing+1"],"picked":"Cleave+1","floor":34},{"not_picked":["Rampage+1","Armaments"],"picked":"Heavy Blade+1","floor":35},{"not_picked":["Searing Blow+1","Havoc+1","Rupture+1"],"picked":"SKIP","floor":38},{"not_picked":["Sword Boomerang+1","Second Wind"],"picked":"Impervious","floor":40},{"not_picked":["Anger+1","Reckless Charge+1"],"picked":"Feel No Pain+1","floor":41},{"not_picked":["Armaments","Entrench"],"picked":"Pommel Strike+1","floor":42},{"not_picked":["Armaments+1","Ghostly Armor+1"],"picked":"Sentinel+1","floor":44},{"not_picked":["Clothesline+1","Havoc"],"picked":"Ghostly Armor","floor":45},{"not_picked":["Uppercut+1","Body Slam+1","Twin Strike+1"],"picked":"SKIP","floor":47},{"not_picked":["Thunderclap+1","Heavy Blade+1","Fire Breathing+1"],"picked":"SKIP","floor":48}],"player_experience":118908,"relics_obtained":[{"floor":7,"key":"MawBank"},{"floor":9,"key":"Oddly Smooth Stone"},{"floor":10,"key":"Bronze Scales"},{"floor":13,"key":"Molten Egg 2"},{"floor":26,"key":"Dream Catcher"},{"floor":31,"key":"Self Forming Clay"},{"floor":43,"key":"Pen Nib"}],"event_choices":[{"damage_healed":0,"gold_gain":80,"player_choice":"Gained Gold","damage_taken":0,"max_hp_gain":0,"max_hp_loss":0,"event_name":"Golden Wing","floor":2,"gold_loss":0},{"damage_healed":0,"gold_gain":0,"player_choice":"Became a vampire","damage_taken":0,"max_hp_gain":0,"max_hp_loss":24,"event_name":"Vampires","floor":20,"gold_loss":0,"cards_obtained":["Bite","Bite","Bite","Bite","Bite"]},{"damage_healed":0,"gold_gain":0,"player_choice":"Smashed Altar","damage_taken":0,"max_hp_gain":0,"max_hp_loss":0,"event_name":"Forgotten Altar","floor":21,"gold_loss":0,"cards_obtained":["Decay"]},{"damage_healed":0,"gold_gain":0,"player_choice":"Ignored","damage_taken":0,"max_hp_gain":0,"max_hp_loss":0,"event_name":"Cursed Tome","floor":27,"gold_loss":0},{"cards_removed":["Clothesline"],"damage_healed":0,"gold_gain":0,"player_choice":"Removed Attack","damage_taken":0,"max_hp_gain":0,"max_hp_loss":0,"event_name":"Falling","floor":36,"gold_loss":0},{"cards_removed":["Decay"],"damage_healed":0,"gold_gain":0,"player_choice":"Purged","damage_taken":0,"max_hp_gain":0,"max_hp_loss":0,"event_name":"Purifier","floor":39,"gold_loss":0}],"is_beta":false,"boss_relics":[{"not_picked":["Lizard Tail","Mark of Pain"],"picked":"Velvet Choker"},{"not_picked":["Empty Cage","Pandora\u0027s Box"],"picked":"Orrery"}],"items_purged_floors":[19],"is_endless":false,"potions_floor_spawned":[1,5,7,10,11,16,18,28,30,44,45,47],"ascension_level":2}