{"gold_per_floor":[110,8,83,101,121,121,148,148,198,198,231,231,231],"floor_reached":13,"playtime":391,"items_purged":["Strike_B"],"score":127,"play_id":"67cb459f-ce00-4485-8361-10516156b0a3","local_time":"20181011155724","is_ascension_mode":true,"campfire_choices":[{"data":"Fusion","floor":6,"key":"SMITH"},{"floor":10,"key":"REST"}],"neow_cost":"NONE","seed_source_timestamp":2366492005232,"circlet_count":0,"master_deck":["Strike_B","Strike_B","Strike_B","Defend_B","Defend_B","Defend_B","Defend_B","Zap","Dualcast","Redo","Streamline","Coolheaded","Fusion+1","Seek","Darkness"],"relics":["Cracked Core","NeowsBlessing","Blood Vial","Happy Flower","Juzu Bracelet"],"potions_floor_usage":[7,7],"damage_taken":[{"damage":0,"enemies":"Jaw Worm","floor":1,"turns":1},{"damage":0,"enemies":"Small Slimes","floor":4,"turns":1},{"damage":0,"enemies":"2 Louse","floor":5,"turns":1},{"damage":37,"enemies":"Gremlin Nob","floor":7,"turns":6},{"damage":44,"enemies":"3 Sentries","floor":11,"turns":9},{"damage":14,"enemies":"Lots of Slimes","floor":13,"turns":2}],"seed_played":"7872550174791419946","potions_obtained":[{"floor":4,"key":"Block Potion"},{"floor":5,"key":"Block Potion"},{"floor":8,"key":"Strength Potion"},{"floor":8,"key":"FairyPotion"},{"floor":8,"key":"Poison Potion"}],"is_trial":false,"path_per_floor":["M","$","?","M","M","R","E","?","T","R","E","?"],"character_chosen":"DEFECT","items_purchased":["Streamline"],"campfire_rested":1,"item_purchase_floors":[2],"current_hp_per_floor":[68,68,57,57,57,57,20,20,20,42,7,7,0],"gold":231,"neow_bonus":"THREE_ENEMY_KILL","is_prod":false,"is_daily":false,"chose_seed":false,"campfire_upgraded":1,"win_rate":0,"timestamp":1539287844,"path_taken":["M","$","?","?","M","R","E","?","T","R","E","?","M"],"build_version":"2018-10-04v2","purchased_purges":1,"victory":false,"max_hp_per_floor":[75,75,75,75,75,75,75,75,75,75,75,75,75],"card_choices":[{"not_picked":["Barrage","Gash"],"picked":"Redo","floor":1},{"not_picked":["Reinforced Body","Chaos"],"picked":"Coolheaded","floor":4},{"not_picked":["Stack","Rip and Tear"],"picked":"Fusion","floor":5},{"not_picked":["Rebound","Stack"],"picked":"Seek","floor":7},{"not_picked":["Ball Lightning","Aggregate"],"picked":"Darkness","floor":11}],"player_experience":586723,"relics_obtained":[{"floor":7,"key":"Blood Vial"},{"floor":9,"key":"Happy Flower"},{"floor":11,"key":"Juzu Bracelet"}],"event_choices":[{"event_name":"World of Goop","player_choice":"Gather Gold","floor":3,"damage_taken":0},{"event_name":"The Lab","player_choice":"Got Potions","floor":8,"damage_taken":0},{"event_name":"Shining Light","player_choice":"Ignored","floor":12,"damage_taken":0}],"is_beta":false,"boss_relics":[],"items_purged_floors":[2],"is_endless":false,"potions_floor_spawned":[4,5],"killed_by":"Lots of Slimes","ascension_level":8}