{"gold_per_floor":[13,13,33,33,50,77,87,112,139,151,151,166,184,202,202,277,277,295,312,312,50,69,69,103,7,81,97,114,128,147,147],"floor_reached":31,"playtime":2705,"items_purged":[],"score":481,"play_id":"2baf38f7-54ad-456d-ab27-4f8602b380c2","local_time":"20190117203506","is_ascension_mode":true,"campfire_choices":[{"data":"Storm","floor":11.0,"key":"SMITH"},{"floor":15.0,"key":"REST"},{"data":"Coolheaded","floor":23,"key":"SMITH"}],"neow_cost":"NO_GOLD","seed_source_timestamp":0,"circlet_count":0,"master_deck":["AscendersBane","Strike_B","Strike_B+1","Strike_B+1","Defend_B","Defend_B","Defend_B","Defend_B","Zap+1","Dualcast","Cold Snap","Coolheaded+1","Biased Cognition","Hologram","Cold Snap","Loop","Storm+1","Ball Lightning","Loop","Capacitor","Reboot","Leap","Chill","RitualDagger","Capacitor","Conserve Battery","Barrage","Biased Cognition","White Noise","Force Field","Leap"],"special_seed":0,"relics":["Cracked Core","Gambling Chip","The Courier","Whetstone","Anchor","Nuclear Battery","Mercury Hourglass","Oddly Smooth Stone","Matryoshka","Omamori","Question Card"],"potions_floor_usage":[28,29,30],"damage_taken":[{"damage":0.0,"enemies":"Small Slimes","floor":1.0,"turns":3.0},{"damage":0.0,"enemies":"Jaw Worm","floor":3.0,"turns":3.0},{"damage":0.0,"enemies":"Cultist","floor":5.0,"turns":3.0},{"damage":12.0,"enemies":"Gremlin Nob","floor":6.0,"turns":4.0},{"damage":0.0,"enemies":"Gremlin Gang","floor":7.0,"turns":5.0},{"damage":4.0,"enemies":"3 Sentries","floor":8.0,"turns":9.0},{"damage":4.0,"enemies":"3 Louse","floor":10.0,"turns":3.0},{"damage":0.0,"enemies":"Looter","floor":12.0,"turns":2.0},{"damage":15.0,"enemies":"Gremlin Gang","floor":13.0,"turns":3.0},{"damage":5.0,"enemies":"Exordium Thugs","floor":14.0,"turns":3.0},{"damage":19.0,"enemies":"Hexaghost","floor":16.0,"turns":10.0},{"damage":3.0,"enemies":"3 Byrds","floor":18.0,"turns":4.0},{"damage":7.0,"enemies":"Shell Parasite","floor":19.0,"turns":3.0},{"damage":1,"enemies":"Snecko","floor":22,"turns":5},{"damage":28,"enemies":"Slavers","floor":24,"turns":5},{"damage":0,"enemies":"Cultist and Chosen","floor":27,"turns":4},{"damage":8,"enemies":"Shelled Parasite and Fungi","floor":28,"turns":3},{"damage":1,"enemies":"Snecko","floor":29,"turns":4},{"damage":2,"enemies":"Snake Plant","floor":30,"turns":3},{"damage":8,"enemies":"Gremlin Leader","floor":31,"turns":2}],"seed_played":"-6533309568229054907","potions_obtained":[{"floor":6.0,"key":"Poison Potion"},{"floor":10.0,"key":"FocusPotion"},{"floor":22,"key":"AttackPotion"},{"floor":28,"key":"FocusPotion"}],"is_trial":false,"path_per_floor":["M","?","M","?","M","E","M","E","T","M","R","M","M","M","R","B",null,"M","M","?","$","M","R","E","?","T","M","M","M","M","E"],"character_chosen":"DEFECT","items_purchased":["Mercury Hourglass","Capacitor"],"campfire_rested":1,"item_purchase_floors":[21,21],"current_hp_per_floor":[64,64,64,64,64,52,52,48,48,44,44,44,29,24,45,26,60,57,50,44,44,43,43,15,15,15,15,7,6,4,0],"gold":147,"neow_bonus":"ONE_RARE_RELIC","is_prod":false,"is_daily":false,"chose_seed":false,"campfire_upgraded":2,"win_rate":0,"timestamp":1547775306,"path_taken":["M","?","M","?","M","E","M","E","T","M","R","M","?","M","R","BOSS","M","?","?","$","M","R","E","?","T","M","M","M","M","E"],"build_version":"2019-01-10","purchased_purges":0,"victory":false,"max_hp_per_floor":[71,71,71,71,71,71,71,71,71,71,71,71,71,71,71,71,71,71,71,71,71,71,71,71,71,71,71,71,71,71,71],"card_choices":[{"not_picked":["Hologram","Go for the Eyes"],"picked":"Cold Snap","floor":1.0},{"not_picked":["Turbo","Double Energy"],"picked":"Coolheaded","floor":3.0},{"not_picked":["Meteor Strike","Gash"],"picked":"Hologram","floor":5.0},{"not_picked":["Force Field","Chaos"],"picked":"Cold Snap","floor":6.0},{"not_picked":["Redo","BootSequence"],"picked":"Loop","floor":7.0},{"not_picked":["Gash","Hologram"],"picked":"Storm","floor":8.0},{"not_picked":["Turbo","Rebound"],"picked":"Ball Lightning","floor":10.0},{"not_picked":["Sweeping Beam","Hologram"],"picked":"Loop","floor":12.0},{"not_picked":["Sweeping Beam","Redo","Coolheaded"],"picked":"SKIP","floor":13.0},{"not_picked":["Sunder","Compile Driver"],"picked":"Capacitor","floor":14.0},{"not_picked":["Fission","All For One"],"picked":"Reboot","floor":16.0},{"not_picked":["Steam","Streamline"],"picked":"Leap","floor":18.0},{"not_picked":["Skim","Consume"],"picked":"Chill","floor":19.0},{"not_picked":["Ball Lightning","Cold Snap"],"picked":"Conserve Battery","floor":22},{"not_picked":["Cold Snap","Sweeping Beam+1"],"picked":"Barrage","floor":24},{"not_picked":["Chaos","Gash","Go for the Eyes"],"picked":"Biased Cognition","floor":27},{"not_picked":["Aggregate","Compile Driver","Gash"],"picked":"White Noise","floor":28},{"not_picked":["Beam Cell","Fusion","Compile Driver"],"picked":"Force Field","floor":29},{"not_picked":["Sweeping Beam","Hologram","Capacitor"],"picked":"Leap","floor":30}],"player_experience":878694,"relics_obtained":[{"floor":6.0,"key":"The Courier"},{"floor":8.0,"key":"Whetstone"},{"floor":9.0,"key":"Anchor"},{"floor":24,"key":"Oddly Smooth Stone"},{"floor":26,"key":"Omamori"},{"floor":26,"key":"Question Card"}],"event_choices":[{"damage_healed":0.0,"max_hp_gain":0.0,"max_hp_loss":0.0,"gold_gain":0.0,"event_name":"Living Wall","player_choice":"Grow","floor":2.0,"gold_loss":0.0,"damage_taken":0.0,"cards_upgraded":["Zap"]},{"damage_healed":0.0,"max_hp_gain":0.0,"max_hp_loss":0.0,"gold_gain":0.0,"cards_transformed":["Strike_B"],"event_name":"Transmorgrifier","player_choice":"Transformed","floor":4.0,"gold_loss":0.0,"damage_taken":0.0,"cards_obtained":["Biased Cognition"]},{"damage_healed":0.0,"max_hp_gain":0.0,"max_hp_loss":0.0,"gold_gain":0.0,"event_name":"Nest","player_choice":"Joined the Cult","floor":20.0,"gold_loss":0.0,"damage_taken":6.0,"cards_obtained":["RitualDagger"]},{"damage_healed":0,"gold_gain":0,"player_choice":"Paid Gold","damage_taken":0,"relics_obtained":["Matryoshka"],"max_hp_gain":0,"max_hp_loss":0,"event_name":"WeMeetAgain","floor":25,"gold_loss":96}],"is_beta":false,"boss_relics":[{"not_picked":["Runic Pyramid","FrozenCore"],"picked":"Nuclear Battery"}],"items_purged_floors":[],"is_endless":false,"potions_floor_spawned":[6,10,12,14,16,19,22,28],"killed_by":"Gremlin Leader","ascension_level":15}