{"gold_per_floor":[114,114,133,143,74,74,74,74,74,84,84,97,117,129,129,232,232,249,174,174,99,53,53,86,102,129,129,2,2,2],"floor_reached":30,"playtime":2695,"items_purged":["Strike_B","Strike_B"],"score":238,"play_id":"daff78c5-d1d8-4647-88cf-60cb9e092929","local_time":"20190105131927","is_ascension_mode":false,"campfire_choices":[{"data":"Defragment","floor":6,"key":"SMITH"},{"data":"Loop","floor":8,"key":"SMITH"},{"data":"Zap","floor":15,"key":"SMITH"},{"data":"Conserve Battery","floor":23,"key":"SMITH"},{"data":"Beam Cell","floor":27,"key":"SMITH"},{"data":"Barrage","floor":29,"key":"SMITH"}],"neow_cost":"NONE","seed_source_timestamp":385958665610200,"circlet_count":0,"master_deck":["Strike_B","Defend_B","Defend_B","Defend_B","Defend_B","Zap+1","Dualcast","Beam Cell+1","Loop+1","Defragment+1","Seek","Creative AI","Ball Lightning+1","Conserve Battery+1","Reprogram","Barrage+1"],"relics":["Cracked Core","Pen Nib","Torii","Pear","Inserter","Bronze Scales","Anchor"],"potions_floor_usage":[],"damage_taken":[{"damage":0,"enemies":"Cultist","floor":1,"turns":4},{"damage":0,"enemies":"Small Slimes","floor":3,"turns":4},{"damage":0,"enemies":"2 Louse","floor":4,"turns":2},{"damage":3,"enemies":"Lots of Slimes","floor":10,"turns":4},{"damage":2,"enemies":"2 Fungi Beasts","floor":12,"turns":3},{"damage":1,"enemies":"3 Louse","floor":13,"turns":4},{"damage":8,"enemies":"Exordium Wildlife","floor":14,"turns":4},{"damage":40,"enemies":"The Guardian","floor":16,"turns":9},{"damage":19,"enemies":"Spheric Guardian","floor":18,"turns":5},{"damage":41,"enemies":"Gremlin Leader","floor":24,"turns":6},{"damage":16,"enemies":"Shell Parasite","floor":25,"turns":6},{"damage":10,"enemies":"Sentry and Sphere","floor":30,"turns":3}],"seed_played":"5886287742071735270","potions_obtained":[{"floor":1,"key":"Weak Potion"},{"floor":2,"key":"PowerPotion"},{"floor":2,"key":"Strength Potion"}],"is_trial":false,"path_per_floor":["M","?","M","M","$","R","?","R","T","M","?","M","M","M","R","B",null,"M","?","?","$","$","R","E","M","T","R","$","R","M"],"character_chosen":"DEFECT","items_purchased":["Defragment","Conserve Battery","Barrage"],"campfire_rested":0,"item_purchase_floors":[5,22,28],"current_hp_per_floor":[75,75,75,75,75,75,72,72,82,79,79,77,76,68,68,28,85,66,66,66,66,66,66,25,9,9,9,9,9,0],"gold":2,"neow_bonus":"RANDOM_COMMON_RELIC","is_prod":false,"is_daily":false,"chose_seed":false,"campfire_upgraded":6,"win_rate":0.0,"timestamp":1546690767,"path_taken":["M","?","?","M","$","R","?","R","T","M","?","M","?","M","R","BOSS","M","?","?","?","$","R","E","M","T","R","$","R","M"],"build_version":"2019-01-03v4","purchased_purges":2,"victory":false,"max_hp_per_floor":[75,75,75,75,75,75,75,75,85,85,85,85,85,85,85,85,85,85,85,85,85,85,85,85,85,85,85,85,85,85],"card_choices":[{"not_picked":["Chaos","Conserve Battery"],"picked":"Beam Cell","floor":1},{"not_picked":["Leap","Doom and Gloom"],"picked":"Loop","floor":3},{"not_picked":["Leap","Streamline","Go for the Eyes"],"picked":"SKIP","floor":4},{"not_picked":["Streamline","Coolheaded","Self Repair"],"picked":"SKIP","floor":10},{"not_picked":["Rebound","Streamline","Beam Cell"],"picked":"SKIP","floor":12},{"not_picked":["Thunder Strike","Coolheaded","Go for the Eyes"],"picked":"SKIP","floor":13},{"not_picked":["Gash","Compile Driver","Streamline"],"picked":"SKIP","floor":14},{"not_picked":["Multi-Cast","Buffer"],"picked":"Creative AI","floor":16},{"not_picked":["Consume","Hello World+1"],"picked":"Ball Lightning+1","floor":18},{"not_picked":["Steam","Gash+1"],"picked":"Reprogram","floor":24},{"not_picked":["Lockon","Doom and Gloom","Go for the Eyes"],"picked":"SKIP","floor":25}],"player_experience":158253,"relics_obtained":[{"floor":9,"key":"Pear"},{"floor":24,"key":"Bronze Scales"},{"floor":26,"key":"Anchor"}],"event_choices":[{"damage_healed":0,"gold_gain":0,"player_choice":"Got Potions","damage_taken":0,"max_hp_gain":0,"max_hp_loss":0,"event_name":"Lab","floor":2,"gold_loss":0},{"damage_healed":0,"gold_gain":0,"player_choice":"Success","damage_taken":3,"relics_obtained":["Torii"],"max_hp_gain":0,"max_hp_loss":0,"event_name":"Scrap Ooze","floor":7,"gold_loss":0},{"damage_healed":0,"gold_gain":0,"player_choice":"1 cards matched","damage_taken":0,"max_hp_gain":0,"max_hp_loss":0,"event_name":"Match and Keep!","floor":11,"gold_loss":0,"cards_obtained":["Seek"]},{"damage_healed":0,"gold_gain":0,"player_choice":"1 cards matched","damage_taken":0,"max_hp_gain":0,"max_hp_loss":0,"event_name":"Match and Keep!","floor":11,"gold_loss":0,"cards_obtained":["Seek"]},{"cards_removed":["Strike_B"],"damage_healed":0,"gold_gain":0,"player_choice":"Gave Gold","damage_taken":0,"max_hp_gain":0,"max_hp_loss":0,"event_name":"Beggar","floor":19,"gold_loss":75},{"damage_healed":0,"gold_gain":0,"player_choice":"Ignored","damage_taken":0,"max_hp_gain":0,"max_hp_loss":0,"event_name":"The Mausoleum","floor":20,"gold_loss":0}],"is_beta":false,"boss_relics":[{"not_picked":["Eternal Feather","Runic Dome"],"picked":"Inserter"}],"items_purged_floors":[21,28],"is_endless":false,"potions_floor_spawned":[1,4,14,16],"killed_by":"Sentry and Sphere","ascension_level":0}