{"gold_per_floor":[117,131,145,161,177,204,223,223,223,223,223,223,251,271,271,375,375,394,394,411,24,24,24,42,42,91,109,109,109,123,134,134,230,230,243,12,28,46,66,79,96,108,156,156,185,185,199,216,216,216],"floor_reached":51,"playtime":3804,"items_purged":[],"score":771,"play_id":"3ac312c3-f8fc-419c-8d5b-48a35b5415b3","local_time":"20180916051806","is_ascension_mode":true,"campfire_choices":[{"data":"Metallicize","floor":8.0,"key":"SMITH"},{"data":"Bludgeon","floor":10.0,"key":"SMITH"},{"floor":15.0,"key":"REST"},{"floor":23.0,"key":"REST"},{"floor":25.0,"key":"REST"},{"floor":29,"key":"REST"},{"data":"Armaments","floor":32,"key":"SMITH"},{"floor":44,"key":"REST"},{"floor":46,"key":"REST"},{"floor":49,"key":"REST"}],"neow_cost":"CURSE","seed_source_timestamp":92283177920113,"circlet_count":0,"master_deck":["Strike_R+1","Strike_R+1","Strike_R+1","Strike_R+1","Strike_R+1","Defend_R+1","Defend_R+1","Defend_R+1","Defend_R+1","Bash","Bludgeon+1","Flame Barrier","Perfected Strike","Heavy Blade","Sword Boomerang","Metallicize+1","Whirlwind","Perfected Strike","Wild Strike","Armaments+1","Double Tap","Flex","Pommel Strike","Demon Form","Double Tap","Wild Strike","Impatience","Pommel Strike+1","True Grit","Iron Wave+1","Iron Wave+1","Bludgeon","Shrug It Off+1","Shrug It Off","Clothesline+1","Infernal Blade+1","Twin Strike+1","Shockwave+1","Pommel Strike","Perfected Strike+1","Inflame","Shrug It Off+1","Metallicize"],"special_seed":0,"relics":["Black Blood","Bottled Tornado","Paper Frog","Pantograph","Smiling Mask","Philosopher\u0027s Stone","Bag of Marbles","Red Skull","Bag of Preparation","Unceasing Top"],"potions_floor_usage":[33,33,38,41,42,50,50,50],"damage_taken":[{"damage":0.0,"enemies":"Small Slimes","floor":1.0,"turns":2.0},{"damage":7.0,"enemies":"2 Louse","floor":2.0,"turns":3.0},{"damage":9.0,"enemies":"Jaw Worm","floor":3.0,"turns":3.0},{"damage":11.0,"enemies":"2 Fungi Beasts","floor":4.0,"turns":4.0},{"damage":9.0,"enemies":"Exordium Wildlife","floor":5.0,"turns":4.0},{"damage":32.0,"enemies":"Gremlin Nob","floor":6.0,"turns":4.0},{"damage":0.0,"enemies":"Lots of Slimes","floor":7.0,"turns":1.0},{"damage":20.0,"enemies":"3 Sentries","floor":13.0,"turns":7.0},{"damage":3.0,"enemies":"3 Louse","floor":14.0,"turns":4.0},{"damage":29.0,"enemies":"Slime Boss","floor":16.0,"turns":9.0},{"damage":61.0,"enemies":"3 Byrds","floor":18.0,"turns":5.0},{"damage":20.0,"enemies":"Shell Parasite","floor":20.0,"turns":5.0},{"damage":10.0,"enemies":"Colosseum Slavers","floor":22.0,"turns":3.0},{"damage":14.0,"enemies":"Centurion and Healer","floor":24.0,"turns":7.0},{"damage":23,"enemies":"Snecko","floor":27,"turns":5},{"damage":19,"enemies":"Sentry and Sphere","floor":30,"turns":5},{"damage":0,"enemies":"Snake Plant","floor":31,"turns":2},{"damage":76,"enemies":"Collector","floor":33,"turns":9},{"damage":25,"enemies":"3 Darklings","floor":35,"turns":4},{"damage":4,"enemies":"3 Shapes","floor":37,"turns":6},{"damage":32,"enemies":"Maw","floor":38,"turns":8},{"damage":21,"enemies":"4 Shapes","floor":39,"turns":4},{"damage":0,"enemies":"Reptomancer","floor":40,"turns":3},{"damage":22,"enemies":"Sphere and 2 Shapes","floor":41,"turns":5},{"damage":28,"enemies":"Maw","floor":42,"turns":5},{"damage":35,"enemies":"2 Orb Walkers","floor":45,"turns":4},{"damage":6,"enemies":"Transient","floor":47,"turns":5},{"damage":13,"enemies":"Reptomancer","floor":48,"turns":5},{"damage":66,"enemies":"Donu and Deca","floor":50,"turns":6}],"seed_played":"4711333979609071389","potions_obtained":[{"floor":1.0,"key":"BloodPotion"},{"floor":2.0,"key":"SteroidPotion"},{"floor":3.0,"key":"Regen Potion"},{"floor":6.0,"key":"SteroidPotion"},{"floor":14.0,"key":"Ancient Potion"},{"floor":27,"key":"SteroidPotion"},{"floor":30,"key":"SteroidPotion"},{"floor":37,"key":"Ancient Potion"},{"floor":39,"key":"Fire Potion"},{"floor":41,"key":"SpeedPotion"},{"floor":48,"key":"Strength Potion"}],"is_trial":false,"path_per_floor":["M","M","M","M","M","E","M","R","T","R","?","?","E","M","R","B",null,"M","?","M","$","?","R","M","R","T","M","?","R","M","M","R","B",null,"M","$","M","M","M","M","M","M","T","R","E","R","M","M","R","B"],"character_chosen":"IRONCLAD","items_purchased":["Demon Form","Double Tap","Wild Strike","Impatience","Red Skull","Shrug It Off","AttackPotion"],"campfire_rested":7,"item_purchase_floors":[21,21,21,21,36,36,36],"current_hp_per_floor":[80,79,76,71,68,51,57,57,57,57,50,43,29,32,56,57,80,33,33,19,19,15,39,31,55,55,38,38,62,49,55,55,10,80,65,65,71,49,38,48,36,18,18,42,17,41,45,42,66,24],"gold":216,"neow_bonus":"THREE_RARE_CARDS","is_prod":false,"is_daily":false,"chose_seed":false,"campfire_upgraded":3,"win_rate":0,"timestamp":1537089486,"path_taken":["M","M","M","M","M","E","M","R","T","R","?","?","E","M","R","BOSS","M","?","M","$","?","R","M","R","T","M","?","R","M","?","R","BOSS","M","$","M","M","M","M","M","M","T","R","E","R","M","M","R","BOSS"],"build_version":"2018-09-06","purchased_purges":0,"victory":true,"max_hp_per_floor":[80,80,80,80,80,80,80,80,80,80,80,80,80,80,80,80,80,80,80,80,80,80,80,80,80,80,80,80,80,80,80,80,80,80,80,80,80,80,80,80,80,80,80,80,80,80,80,80,80,80],"card_choices":[{"not_picked":["Exhume","Dark Embrace"],"picked":"Bludgeon","floor":0.0},{"not_picked":["Searing Blow","Clothesline"],"picked":"Flame Barrier","floor":1.0},{"not_picked":["Shrug It Off","Entrench"],"picked":"Perfected Strike","floor":2.0},{"not_picked":["Evolve","Blood for Blood"],"picked":"Heavy Blade","floor":3.0},{"not_picked":["Headbutt","Body Slam"],"picked":"Sword Boomerang","floor":4.0},{"not_picked":["Dark Embrace","Warcry"],"picked":"Metallicize","floor":5.0},{"not_picked":["Blood for Blood","Sentinel"],"picked":"Whirlwind","floor":6.0},{"not_picked":["Rampage","Thunderclap"],"picked":"Perfected Strike","floor":7.0},{"not_picked":["Dropkick","Hemokinesis"],"picked":"Wild Strike","floor":13.0},{"not_picked":["Burning Pact","Sentinel"],"picked":"Armaments","floor":14.0},{"not_picked":["Exhume","Offering"],"picked":"Double Tap","floor":16.0},{"not_picked":["Corruption","Rampage"],"picked":"Flex","floor":18.0},{"not_picked":["Entrench","Headbutt"],"picked":"Pommel Strike","floor":20.0},{"not_picked":["Combust+1","Havoc+1"],"picked":"Pommel Strike+1","floor":24.0},{"not_picked":["Combust","Rupture+1"],"picked":"True Grit","floor":27},{"not_picked":["Heavy Blade","Pommel Strike+1"],"picked":"Iron Wave+1","floor":30},{"not_picked":["Wild Strike","Thunderclap"],"picked":"Iron Wave+1","floor":31},{"not_picked":["Fiend Fire","Immolate"],"picked":"Bludgeon","floor":33},{"not_picked":["Iron Wave","Cleave"],"picked":"Shrug It Off+1","floor":35},{"not_picked":["Thunderclap+1","Headbutt"],"picked":"Clothesline+1","floor":37},{"not_picked":["Thunderclap","True Grit+1"],"picked":"Infernal Blade+1","floor":38},{"not_picked":["Headbutt+1","Combust+1"],"picked":"Twin Strike+1","floor":39},{"not_picked":["Blood for Blood+1","Uppercut+1"],"picked":"Shockwave+1","floor":40},{"not_picked":["Flex","Warcry"],"picked":"Pommel Strike","floor":41},{"not_picked":["Twin Strike","Thunderclap+1"],"picked":"Perfected Strike+1","floor":42},{"not_picked":["Bludgeon","Sentinel"],"picked":"Inflame","floor":45},{"not_picked":["Anger+1","Carnage+1"],"picked":"Shrug It Off+1","floor":47},{"not_picked":["Heavy Blade","Havoc+1"],"picked":"Metallicize","floor":48}],"player_experience":390073,"relics_obtained":[{"floor":6.0,"key":"Bottled Tornado"},{"floor":9.0,"key":"Paper Frog"},{"floor":13.0,"key":"Smiling Mask"},{"floor":26.0,"key":"Bag of Marbles"},{"floor":43,"key":"Bag of Preparation"},{"floor":45,"key":"Unceasing Top"}],"event_choices":[{"event_name":"Golden Wing","player_choice":"Card Removal","floor":11.0,"damage_taken":0.0},{"event_name":"Scrap Ooze","player_choice":"success","floor":12.0,"damage_taken":7.0},{"event_name":"Ghosts","player_choice":"Ignored","floor":19.0,"damage_taken":0.0},{"event_name":"Colosseum","player_choice":"Fight","floor":22.0,"damage_taken":0.0},{"event_name":"Colosseum","player_choice":"Fled From Nobs","floor":22.0,"damage_taken":0.0},{"event_name":"Back to Basics","player_choice":"Simplicity","floor":28,"damage_taken":0}],"is_beta":false,"boss_relics":[{"not_picked":["Eternal Feather","Runic Dome"],"picked":"Philosopher\u0027s Stone"},{"not_picked":["Runic Cube","Pandora\u0027s Box"],"picked":"Black Blood"}],"items_purged_floors":[],"is_endless":false,"potions_floor_spawned":[1,2,3,6,14,27,30,37,39,41,48],"ascension_level":3}