{"gold_per_floor":[112,126,140,159,159,186,186,151,151,151,76,96,96,111,111,111],"floor_reached":16,"playtime":1012,"items_purged":["Defend_G"],"score":194,"play_id":"ffeff2fb-7c17-4274-8cf9-83bf8ed2fada","local_time":"20190208111408","is_ascension_mode":true,"campfire_choices":[{"floor":7,"key":"REST"},{"data":"Leg Sweep","floor":10,"key":"SMITH"},{"data":"Neutralize","floor":15,"key":"SMITH"}],"neow_cost":"NONE","seed_source_timestamp":149768304558049,"circlet_count":0,"master_deck":["AscendersBane","Defend_G","Defend_G","Defend_G","Defend_G","Strike_G","Strike_G","Strike_G","Strike_G","Strike_G","Survivor","Neutralize+1","Well Laid Plans","All Out Attack","Leg Sweep+1","Deadly Poison","Corpse Explosion","Escape Plan","Backstab"],"relics":["Ring of the Snake","Darkstone Periapt","Meat on the Bone","Sundial"],"potions_floor_usage":[16],"damage_taken":[{"damage":4,"enemies":"Jaw Worm","floor":1,"turns":6},{"damage":0,"enemies":"2 Louse","floor":2,"turns":4},{"damage":0,"enemies":"Small Slimes","floor":3,"turns":2},{"damage":1,"enemies":"Blue Slaver","floor":4,"turns":6},{"damage":40,"enemies":"3 Sentries","floor":6,"turns":14},{"damage":17,"enemies":"Large Slime","floor":12,"turns":5},{"damage":1,"enemies":"3 Louse","floor":14,"turns":2},{"damage":47,"enemies":"Slime Boss","floor":16,"turns":9}],"seed_played":"-5122627751776710355","potions_obtained":[{"floor":1,"key":"Energy Potion"},{"floor":6,"key":"Weak Potion"},{"floor":12,"key":"PowerPotion"}],"is_trial":false,"path_per_floor":["M","M","M","M","?","E","R","?","T","R","$","M","?","M","R","B"],"character_chosen":"THE_SILENT","items_purchased":[],"campfire_rested":1,"item_purchase_floors":[],"current_hp_per_floor":[61,61,61,60,60,20,41,59,59,59,59,42,31,42,42,0],"gold":111,"neow_bonus":"TEN_PERCENT_HP_BONUS","is_prod":false,"is_daily":false,"chose_seed":false,"campfire_upgraded":2,"win_rate":0,"timestamp":1549642448,"path_taken":["M","M","M","M","?","E","R","?","T","R","?","M","?","?","R","BOSS"],"build_version":"2019-01-23","purchased_purges":1,"victory":false,"max_hp_per_floor":[72,72,72,72,72,72,72,72,72,72,72,72,72,72,72,72],"card_choices":[{"not_picked":["Endless Agony","Flying Knee"],"picked":"Well Laid Plans","floor":1},{"not_picked":["Outmaneuver","Reflex"],"picked":"All Out Attack","floor":2},{"not_picked":["Concentrate","Backflip"],"picked":"Leg Sweep","floor":3},{"not_picked":["Underhanded Strike","Choke"],"picked":"Deadly Poison","floor":4},{"not_picked":["Eviscerate","Prepared"],"picked":"Corpse Explosion","floor":6},{"not_picked":["Flying Knee","Infinite Blades"],"picked":"Escape Plan","floor":12},{"not_picked":["Cloak And Dagger","Slice"],"picked":"Backstab","floor":14}],"player_experience":1040571,"relics_obtained":[{"floor":6,"key":"Darkstone Periapt"},{"floor":9,"key":"Meat on the Bone"}],"event_choices":[{"damage_healed":0,"gold_gain":0,"player_choice":"Ignored","damage_taken":0,"max_hp_gain":0,"max_hp_loss":0,"event_name":"Liars Game","floor":5,"gold_loss":0},{"damage_healed":18,"gold_gain":0,"player_choice":"Healed","damage_taken":0,"max_hp_gain":0,"max_hp_loss":0,"event_name":"The Cleric","floor":8,"gold_loss":35},{"damage_healed":0,"gold_gain":0,"player_choice":"Success","damage_taken":11,"relics_obtained":["Sundial"],"max_hp_gain":0,"max_hp_loss":0,"event_name":"Scrap Ooze","floor":13,"gold_loss":0}],"is_beta":false,"boss_relics":[],"items_purged_floors":[11],"is_endless":false,"potions_floor_spawned":[1,6,12],"killed_by":"Slime Boss","ascension_level":18}