{"gold_per_floor":[116,136,152,169,180,180,96,96,96,108,135,157,182,208,220,333,345,369,400,412,440,468,480,518,545,557,581,603,370,382,382],"floor_reached":31,"playtime":1872,"items_purged":[],"score":259,"play_id":"50a7705a-5656-4675-9d2d-a8df205c48d1","local_time":"20181108205059","is_ascension_mode":false,"campfire_choices":[{"data":"Dualcast","floor":6,"key":"SMITH"},{"data":"Redo","floor":8,"key":"SMITH"},{"floor":15,"key":"REST"},{"floor":23,"key":"REST"}],"neow_cost":"NONE","seed_source_timestamp":202897457625096,"circlet_count":0,"master_deck":["Strike_B","Strike_B","Strike_B","Strike_B","Defend_B","Defend_B","Defend_B","Zap","Dualcast+1","Beam Cell","Fusion","Doom and Gloom","Conserve Battery","Coolheaded","Redo+1","Conserve Battery","Ball Lightning","Rainbow","Multi-Cast","Sweeping Beam+1","Ball Lightning+1","Darkness+1","Cold Snap","Barrage+1","Ball Lightning","Coolheaded","Electrodynamics","Barrage","Undo+1","Turbo","FTL","Leap","Stack","Compile Driver"],"relics":["Cracked Core","MawBank","Astrolabe","Potion Belt","Letter Opener"],"potions_floor_usage":[21,24,27,27,28],"damage_taken":[{"damage":1,"enemies":"Cultist","floor":1,"turns":3},{"damage":3,"enemies":"Jaw Worm","floor":2,"turns":3},{"damage":6,"enemies":"Small Slimes","floor":3,"turns":4},{"damage":9,"enemies":"2 Fungi Beasts","floor":4,"turns":3},{"damage":3,"enemies":"Exordium Wildlife","floor":5,"turns":5},{"damage":3,"enemies":"Large Slime","floor":11,"turns":6},{"damage":0,"enemies":"Blue Slaver","floor":12,"turns":4},{"damage":6,"enemies":"3 Louse","floor":13,"turns":3},{"damage":9,"enemies":"Large Slime","floor":14,"turns":4},{"damage":33,"enemies":"Slime Boss","floor":16,"turns":9},{"damage":1,"enemies":"Chosen","floor":18,"turns":4},{"damage":14,"enemies":"Shell Parasite","floor":19,"turns":5},{"damage":1,"enemies":"Cultist and Chosen","floor":21,"turns":4},{"damage":13,"enemies":"Snake Plant","floor":22,"turns":4},{"damage":38,"enemies":"Book of Stabbing","floor":24,"turns":6},{"damage":14,"enemies":"Shelled Parasite and Fungi","floor":25,"turns":4},{"damage":3,"enemies":"Chosen and Byrds","floor":27,"turns":4},{"damage":0,"enemies":"Snake Plant","floor":28,"turns":2},{"damage":0,"enemies":"Snecko","floor":30,"turns":5},{"damage":11,"enemies":"3 Cultists","floor":31,"turns":3}],"seed_played":"-6580095032270216199","potions_obtained":[{"floor":1,"key":"SpeedPotion"},{"floor":3,"key":"PowerPotion"},{"floor":11,"key":"EssenceOfSteel"},{"floor":12,"key":"SkillPotion"},{"floor":21,"key":"Dexterity Potion"},{"floor":27,"key":"Explosive Potion"}],"is_trial":false,"path_per_floor":["M","M","M","M","M","R","$","R","T","$","M","M","M","M","R","B",null,"M","M","?","M","M","R","E","M","T","M","M","$","M","M"],"character_chosen":"DEFECT","items_purchased":["Redo","Heatsinks","FairyPotion","FTL","Leap","Stack"],"campfire_rested":2,"item_purchase_floors":[7,7,29,29,29,29],"current_hp_per_floor":[74,71,65,56,53,53,53,53,53,53,50,50,44,35,57,24,75,74,60,46,45,32,56,18,4,4,1,1,1,1,0],"gold":382,"neow_bonus":"THREE_CARDS","is_prod":false,"is_daily":false,"chose_seed":false,"campfire_upgraded":2,"win_rate":0,"timestamp":1541728259,"path_taken":["M","M","M","M","M","R","$","R","T","?","?","M","M","M","R","BOSS","M","M","?","M","M","R","E","M","T","M","M","$","M","M"],"build_version":"2018-11-08","purchased_purges":0,"victory":false,"max_hp_per_floor":[75,75,75,75,75,75,75,75,75,75,75,75,75,75,75,75,75,75,75,80,80,80,80,80,80,80,80,80,80,80,80],"card_choices":[{"not_picked":["Stack","Redo"],"picked":"Beam Cell","floor":1},{"not_picked":["Barrage","Lockon"],"picked":"Fusion","floor":2},{"not_picked":["Beam Cell","Cold Snap"],"picked":"Doom and Gloom","floor":3},{"not_picked":["Barrage","Scrape"],"picked":"Conserve Battery","floor":4},{"not_picked":["Streamline","Hello World"],"picked":"Coolheaded","floor":5},{"not_picked":["Redo","Compile Driver"],"picked":"Conserve Battery","floor":11},{"not_picked":["Rebound","Turbo"],"picked":"Ball Lightning","floor":12},{"not_picked":["Sunder","Conserve Battery"],"picked":"Storm","floor":13},{"not_picked":["Coolheaded","Conserve Battery"],"picked":"Rainbow","floor":14},{"not_picked":["Buffer","Thunder Strike"],"picked":"Multi-Cast","floor":16},{"not_picked":["Steam","Static Discharge"],"picked":"Cold Snap","floor":18},{"not_picked":["Steam","Stack"],"picked":"Barrage+1","floor":19},{"not_picked":["Stack+1","Chaos"],"picked":"Ball Lightning","floor":21},{"not_picked":["Hello World","Gash"],"picked":"Coolheaded","floor":22},{"not_picked":["Conserve Battery","Consume+1"],"picked":"Electrodynamics","floor":24},{"not_picked":["Rip and Tear","Hologram"],"picked":"Barrage","floor":25},{"not_picked":["Hello World","Conserve Battery"],"picked":"Undo+1","floor":27},{"not_picked":["Consume","Genetic Algorithm+1"],"picked":"Turbo","floor":28},{"not_picked":["White Noise","Barrage"],"picked":"Compile Driver","floor":30}],"player_experience":42723,"relics_obtained":[{"floor":9,"key":"MawBank"},{"floor":24,"key":"Potion Belt"},{"floor":26,"key":"Letter Opener"}],"event_choices":[{"damage_healed":0,"gold_gain":0,"player_choice":"Shed Blood","damage_taken":19,"max_hp_gain":5,"max_hp_loss":0,"event_name":"Forgotten Altar","floor":20,"gold_loss":0}],"is_beta":false,"boss_relics":[{"not_picked":["Orrery","Empty Cage"],"picked":"Astrolabe"}],"items_purged_floors":[],"is_endless":false,"potions_floor_spawned":[1,3,11,12,13,14,19,21,22,27],"killed_by":"3 Cultists","ascension_level":0}