{"gold_per_floor":[114,133,133,147,161,161,491,491,491,294,326,326,342,368,368,466,466,481,396,407,507,527,527,556,556,556,585,510,510,528,538,538,639,639,655,346,346,346,359,359,384,384,384,409,421,438,61,80,80,80],"floor_reached":51,"playtime":2515,"items_purged":["Strike_R","Strike_R","Strike_R"],"score":993,"play_id":"3e24a8f9-ecf1-464e-bf7a-548268f1b440","local_time":"20190123212045","is_ascension_mode":true,"campfire_choices":[{"data":"Uppercut","floor":6,"key":"SMITH"},{"data":"Cleave","floor":8,"key":"SMITH"},{"floor":15,"key":"REST"},{"floor":23,"key":"REST"},{"floor":25,"key":"REST"},{"floor":32,"key":"REST"},{"data":"True Grit","floor":40,"key":"SMITH"},{"data":"Intimidate","floor":42,"key":"SMITH"},{"data":"Spot Weakness","floor":49,"key":"SMITH"}],"neow_cost":"NONE","seed_source_timestamp":524706933098531,"circlet_count":0,"master_deck":["Strike_R","Defend_R","Defend_R","Defend_R","Defend_R","Bash","Cleave+1","Uppercut+1","Intimidate+1","Offering","Spot Weakness+1","Shrug It Off+1","Headbutt","Twin Strike+1","Inflame+1","Shrug It Off+1","Impervious","Heavy Blade+1","True Grit+1","Shrug It Off+1","Shockwave+1","Dark Embrace+1","Warcry+1","Flex+1","Feel No Pain+1","Metallicize+1"],"relics":["Black Blood","Smiling Mask","Old Coin","Self Forming Clay","Pen Nib","Kunai","Pocketwatch","Sozu","Centennial Puzzle","StoneCalendar","Frozen Egg 2","Boot","Pantograph","Mummified Hand","ClockworkSouvenir","Bronze Scales","Toxic Egg 2","Gambling Chip","Ornamental Fan"],"potions_floor_usage":[1,14,16,24,24],"damage_taken":[{"damage":0,"enemies":"Small Slimes","floor":1,"turns":3},{"damage":4,"enemies":"2 Louse","floor":2,"turns":3},{"damage":6,"enemies":"Cultist","floor":4,"turns":3},{"damage":9,"enemies":"Looter","floor":5,"turns":3},{"damage":41,"enemies":"Lagavulin","floor":7,"turns":7},{"damage":6,"enemies":"Gremlin Nob","floor":11,"turns":3},{"damage":9,"enemies":"2 Fungi Beasts","floor":13,"turns":2},{"damage":22,"enemies":"3 Sentries","floor":14,"turns":5},{"damage":8,"enemies":"Slime Boss","floor":16,"turns":7},{"damage":18,"enemies":"Shell Parasite","floor":18,"turns":3},{"damage":22,"enemies":"2 Thieves","floor":20,"turns":3},{"damage":23,"enemies":"Colosseum Slavers","floor":21,"turns":3},{"damage":13,"enemies":"Colosseum Nobs","floor":21,"turns":3},{"damage":11,"enemies":"Centurion and Healer","floor":22,"turns":4},{"damage":36,"enemies":"Slavers","floor":24,"turns":2},{"damage":23,"enemies":"Book of Stabbing","floor":27,"turns":4},{"damage":19,"enemies":"Snake Plant","floor":30,"turns":2},{"damage":6,"enemies":"Cultist and Chosen","floor":31,"turns":3},{"damage":47,"enemies":"Champ","floor":33,"turns":8},{"damage":24,"enemies":"3 Darklings","floor":35,"turns":3},{"damage":3,"enemies":"Orb Walker","floor":39,"turns":2},{"damage":43,"enemies":"Giant Head","floor":41,"turns":7},{"damage":6,"enemies":"Reptomancer","floor":44,"turns":5},{"damage":6,"enemies":"4 Shapes","floor":45,"turns":5},{"damage":14,"enemies":"Maw","floor":46,"turns":6},{"damage":6,"enemies":"Spire Growth","floor":48,"turns":4},{"damage":26,"enemies":"Donu and Deca","floor":50,"turns":7}],"seed_played":"1405280223424959146","potions_obtained":[{"floor":0,"key":"Weak Potion"},{"floor":0,"key":"Fruit Juice"},{"floor":0,"key":"Explosive Potion"},{"floor":1,"key":"Weak Potion"},{"floor":5,"key":"Fire Potion"},{"floor":14,"key":"Explosive Potion"}],"is_trial":false,"path_per_floor":["M","M","?","M","M","R","E","R","T","$","E","?","M","E","R","B",null,"M","?","M","?","M","R","E","R","T","E","?","?","M","M","R","B",null,"M","$","?","?","M","R","E","R","T","E","M","M","$","M","R","B",null],"character_chosen":"IRONCLAD","items_purchased":["Pen Nib","ClockworkSouvenir","True Grit","Flex+1","Feel No Pain+1","Ornamental Fan"],"campfire_rested":4,"item_purchase_floors":[10,36,36,47,47,47],"current_hp_per_floor":[85,85,82,82,79,79,44,44,44,44,44,44,41,25,50,48,85,73,73,57,33,28,53,23,48,48,31,31,31,18,18,43,27,85,71,71,71,71,78,78,45,45,45,49,53,49,49,53,53,62],"gold":80,"neow_bonus":"THREE_SMALL_POTIONS","is_prod":false,"is_daily":false,"chose_seed":false,"campfire_upgraded":5,"win_rate":0,"timestamp":1548307245,"path_taken":["M","M","?","M","M","R","E","R","T","$","E","?","M","E","R","BOSS","M","?","M","?","M","R","E","R","T","E","?","?","M","M","R","BOSS","M","?","?","?","M","R","E","R","T","E","M","?","$","M","R","BOSS"],"build_version":"2019-01-23","purchased_purges":3,"victory":true,"max_hp_per_floor":[85,85,85,85,85,85,85,85,85,85,85,85,85,85,85,85,85,85,85,85,85,85,85,85,85,85,85,85,85,85,85,85,85,85,85,85,85,85,85,85,85,85,85,85,85,85,85,85,85,85],"card_choices":[{"not_picked":["Bloodletting","Warcry","True Grit"],"picked":"SKIP","floor":1},{"not_picked":["Clash","Clothesline"],"picked":"Cleave","floor":2},{"not_picked":["Sword Boomerang","Anger"],"picked":"Uppercut","floor":4},{"not_picked":["Uppercut","Bloodletting","Heavy Blade"],"picked":"SKIP","floor":5},{"not_picked":["Dual Wield","Thunderclap","Iron Wave"],"picked":"SKIP","floor":7},{"not_picked":["Flex","Dropkick","Limit Break"],"picked":"SKIP","floor":11},{"not_picked":["Perfected Strike","Evolve","Searing Blow"],"picked":"SKIP","floor":13},{"not_picked":["Ghostly Armor","Infernal Blade"],"picked":"Intimidate","floor":14},{"not_picked":["Barricade","Limit Break"],"picked":"Offering","floor":16},{"not_picked":["Cleave","Flex"],"picked":"Spot Weakness","floor":18},{"not_picked":["Dropkick+1","Headbutt+1"],"picked":"Shrug It Off","floor":20},{"not_picked":["Havoc","True Grit"],"picked":"Headbutt","floor":21},{"not_picked":["Pommel Strike","Warcry"],"picked":"Twin Strike+1","floor":22},{"not_picked":["Clothesline","Pommel Strike","Twin Strike"],"picked":"SKIP","floor":24},{"not_picked":["Ghostly Armor+1","Cleave"],"picked":"Inflame+1","floor":27},{"not_picked":["Combust+1","Warcry","Fiend Fire"],"picked":"SKIP","floor":30},{"not_picked":["Twin Strike+1","Wild Strike+1"],"picked":"Shrug It Off+1","floor":31},{"not_picked":["Fiend Fire","Juggernaut+1"],"picked":"Impervious","floor":33},{"not_picked":["Intimidate","Pommel Strike+1"],"picked":"Heavy Blade+1","floor":35},{"not_picked":["Cleave+1","Whirlwind+1"],"picked":"Shrug It Off+1","floor":39},{"not_picked":["Perfected Strike+1","Blood for Blood+1"],"picked":"Shockwave+1","floor":41},{"not_picked":["Power Through+1","Wild Strike+1"],"picked":"Dark Embrace+1","floor":44},{"not_picked":["Perfected Strike+1","Fire Breathing+1"],"picked":"Warcry+1","floor":45},{"not_picked":["Dual Wield+1","Perfected Strike","Warcry+1"],"picked":"SKIP","floor":46},{"not_picked":["Clothesline","True Grit+1"],"picked":"Metallicize+1","floor":48}],"player_experience":254256,"relics_obtained":[{"floor":7,"key":"Old Coin"},{"floor":9,"key":"Self Forming Clay"},{"floor":11,"key":"Kunai"},{"floor":14,"key":"Pocketwatch"},{"floor":21,"key":"StoneCalendar"},{"floor":21,"key":"Frozen Egg 2"},{"floor":24,"key":"Boot"},{"floor":26,"key":"Pantograph"},{"floor":27,"key":"Mummified Hand"},{"floor":41,"key":"Bronze Scales"},{"floor":43,"key":"Toxic Egg 2"},{"floor":44,"key":"Gambling Chip"}],"event_choices":[{"damage_healed":0,"gold_gain":0,"player_choice":"Success","damage_taken":3,"relics_obtained":["Smiling Mask"],"max_hp_gain":0,"max_hp_loss":0,"event_name":"Scrap Ooze","floor":3,"gold_loss":0},{"damage_healed":0,"gold_gain":0,"player_choice":"Ignored","damage_taken":0,"max_hp_gain":0,"max_hp_loss":0,"event_name":"Shining Light","floor":12,"gold_loss":0},{"damage_healed":0,"gold_gain":0,"player_choice":"Obtained Relic","damage_taken":0,"relics_obtained":["Centennial Puzzle"],"max_hp_gain":0,"max_hp_loss":0,"event_name":"Addict","floor":19,"gold_loss":85},{"damage_healed":0,"gold_gain":0,"player_choice":"Fight","damage_taken":0,"max_hp_gain":0,"max_hp_loss":0,"event_name":"Colosseum","floor":21,"gold_loss":0},{"damage_healed":0,"gold_gain":0,"player_choice":"Fought Nobs","damage_taken":0,"max_hp_gain":0,"max_hp_loss":0,"event_name":"Colosseum","floor":21,"gold_loss":0},{"cards_removed":["Strike_R"],"damage_healed":0,"gold_gain":0,"player_choice":"Gave Gold","damage_taken":0,"max_hp_gain":0,"max_hp_loss":0,"event_name":"Beggar","floor":28,"gold_loss":75},{"damage_healed":0,"gold_gain":0,"player_choice":"Upgraded","damage_taken":0,"max_hp_gain":0,"max_hp_loss":0,"event_name":"Upgrade Shrine","floor":29,"gold_loss":0,"cards_upgraded":["Shrug It Off"]},{"damage_healed":0,"gold_gain":0,"player_choice":"Ignored","damage_taken":0,"max_hp_gain":0,"max_hp_loss":0,"event_name":"Tomb of Lord Red Mask","floor":37,"gold_loss":0},{"damage_healed":0,"gold_gain":0,"player_choice":"Got Potions","damage_taken":0,"max_hp_gain":0,"max_hp_loss":0,"event_name":"Lab","floor":38,"gold_loss":0}],"is_beta":false,"boss_relics":[{"not_picked":["Orrery","Astrolabe"],"picked":"Sozu"},{"not_picked":["Runic Dome","Tiny House"],"picked":"Black Blood"}],"items_purged_floors":[10,36,47],"is_endless":false,"potions_floor_spawned":[1,5,7,14,22,24,27,31,35,41,44,48],"ascension_level":4}