{"gold_per_floor":[118,134,145,160,179,179,179,213,237,237,237,265,279,279,279,379,379,379,379,379,8,8,8,8,8,8,8,8,8,8,8,8,8,8,8,8,8,8,8,8,8,8,8,8,8,8,8,8,8,8],"floor_reached":50,"playtime":4982,"items_purged":["Strike_G"],"score":955,"play_id":"63d6ff02-12ba-4744-b588-cf3a4eedb239","local_time":"20181022145641","is_ascension_mode":true,"campfire_choices":[{"floor":6.0,"key":"REST"},{"data":"After Image","floor":10,"key":"SMITH"},{"floor":15,"key":"REST"},{"floor":29,"key":"REST"},{"floor":32,"key":"REST"},{"data":"1","floor":40,"key":"LIFT"},{"data":"2","floor":49,"key":"LIFT"}],"neow_cost":"PERCENT_DAMAGE","seed_source_timestamp":0,"circlet_count":0,"master_deck":["Defend_G","Defend_G","Defend_G","Defend_G","Strike_G","Survivor","Neutralize","AscendersBane","After Image+1","Quick Slash","Cloak And Dagger","Leg Sweep","Noxious Fumes","Infinite Blades","Well Laid Plans","PiercingWail","Venomology","Deadly Poison+1","Catalyst","Unload","Deflect","Infinite Blades","Escape Plan","Cloak And Dagger","Predator+1","Calculated Gamble","Writhe","Glass Knife","Bouncing Flask","Footwork","Bullet Time","Pain","Terror","Bane+1","Prepared+1","Backflip+1","Corpse Explosion+1","Cloak And Dagger+1","Blur+1","Doubt","Footwork"],"special_seed":0,"relics":["Ring of the Snake","Strawberry","Potion Belt","Centennial Puzzle","Anchor","Ectoplasm","Pear","Smiling Mask","Turnip","PreservedInsect","Mercury Hourglass","Omamori","Calling Bell","Happy Flower","Paper Crane","Girya","Toxic Egg 2","Ninja Scroll","MawBank","Ice Cream"],"potions_floor_usage":[13,22,23,23,24,25,25,28,28,33,36,37,37,41,45,50,50,50],"damage_taken":[{"damage":3.0,"enemies":"Jaw Worm","floor":1.0,"turns":8.0},{"damage":1.0,"enemies":"Cultist","floor":2.0,"turns":3.0},{"damage":2.0,"enemies":"2 Louse","floor":3.0,"turns":3.0},{"damage":14.0,"enemies":"Exordium Wildlife","floor":4.0,"turns":10.0},{"damage":0.0,"enemies":"Blue Slaver","floor":5.0,"turns":6.0},{"damage":1.0,"enemies":"Lagavulin","floor":8.0,"turns":8.0},{"damage":28,"enemies":"Gremlin Nob","floor":12,"turns":6},{"damage":4,"enemies":"Exordium Thugs","floor":13,"turns":6},{"damage":36,"enemies":"Hexaghost","floor":16,"turns":15},{"damage":1,"enemies":"Chosen","floor":18,"turns":9},{"damage":2,"enemies":"Spheric Guardian","floor":20,"turns":4},{"damage":2,"enemies":"Centurion and Healer","floor":22,"turns":7},{"damage":18,"enemies":"Slavers","floor":23,"turns":8},{"damage":1,"enemies":"Shelled Parasite and Fungi","floor":24,"turns":6},{"damage":12,"enemies":"Gremlin Leader","floor":25,"turns":7},{"damage":11,"enemies":"Snecko","floor":28,"turns":5},{"damage":16,"enemies":"Slavers","floor":30,"turns":5},{"damage":12,"enemies":"Snake Plant","floor":31,"turns":3},{"damage":3,"enemies":"Automaton","floor":33,"turns":10},{"damage":0,"enemies":"3 Shapes","floor":35,"turns":5},{"damage":2,"enemies":"Orb Walker","floor":36,"turns":4},{"damage":5,"enemies":"Jaw Worm Horde","floor":37,"turns":6},{"damage":4,"enemies":"4 Shapes","floor":39,"turns":9},{"damage":16,"enemies":"Transient","floor":41,"turns":5},{"damage":3,"enemies":"Nemesis","floor":42,"turns":5},{"damage":21,"enemies":"Reptomancer","floor":45,"turns":6},{"damage":3,"enemies":"3 Darklings","floor":46,"turns":4},{"damage":5,"enemies":"Spire Growth","floor":48,"turns":4},{"damage":83,"enemies":"Time Eater","floor":50,"turns":11}],"seed_played":"-7254830528175501128","potions_obtained":[{"floor":2.0,"key":"GamblersBrew"},{"floor":4.0,"key":"Regen Potion"},{"floor":5.0,"key":"Dexterity Potion"},{"floor":16,"key":"Regen Potion"},{"floor":18,"key":"Swift Potion"},{"floor":23,"key":"Weak Potion"},{"floor":25,"key":"Dexterity Potion"},{"floor":30,"key":"Block Potion"},{"floor":35,"key":"Explosive Potion"},{"floor":45,"key":"Energy Potion"}],"is_trial":false,"path_per_floor":["M","M","M","M","M","R","?","E","T","R","?","E","M","?","R","B",null,"M","?","M","$","M","E","M","E","T","?","M","R","E","M","R","B",null,"M","M","M","?","M","R","M","E","T","T","E","M","?","M","R"],"character_chosen":"THE_SILENT","items_purchased":["Pear","Infinite Blades"],"campfire_rested":4,"item_purchase_floors":[21,21],"current_hp_per_floor":[42,41,39,25,25,46,46,52,52,52,49,21,32,32,55,19,63,62,62,60,70,82,64,63,51,51,51,40,66,50,38,64,61,81,81,79,74,74,70,70,54,51,51,51,30,27,87,82,82,0],"gold":8,"neow_bonus":"THREE_RARE_CARDS","is_prod":false,"is_daily":false,"chose_seed":false,"campfire_upgraded":1,"win_rate":0,"timestamp":1540234601,"path_taken":["M","M","M","M","M","R","?","E","T","R","?","E","?","?","R","BOSS","M","?","M","$","?","E","M","E","T","?","?","R","E","M","R","BOSS","M","M","M","?","?","R","?","E","T","?","E","M","?","M","R","BOSS"],"build_version":"2018-10-18","purchased_purges":1,"victory":false,"max_hp_per_floor":[70,70,70,70,70,70,70,77,77,77,77,77,77,77,77,77,77,77,77,77,87,87,87,87,87,87,87,87,87,87,87,87,87,87,87,87,87,87,87,87,87,87,87,87,87,87,87,87,87,87],"card_choices":[{"not_picked":["Burst","Grand Finale"],"picked":"After Image","floor":0.0},{"not_picked":["Dagger Spray","Outmaneuver"],"picked":"Quick Slash","floor":1.0},{"not_picked":["Flying Knee","Tactician"],"picked":"Cloak And Dagger","floor":2.0},{"not_picked":["Dagger Throw","Eviscerate"],"picked":"Leg Sweep","floor":3.0},{"not_picked":["Deflect","Endless Agony"],"picked":"Noxious Fumes","floor":4.0},{"not_picked":["Dagger Spray","Choke"],"picked":"Infinite Blades","floor":5.0},{"not_picked":["Masterful Stab","All Out Attack"],"picked":"Outmaneuver","floor":8},{"not_picked":["Bane","Skewer"],"picked":"Well Laid Plans","floor":12},{"not_picked":["Outmaneuver","Blade Dance"],"picked":"PiercingWail","floor":13},{"not_picked":["Burst","Wraith Form v2"],"picked":"Venomology","floor":16},{"not_picked":["Concentrate","Dodge and Roll"],"picked":"Deadly Poison+1","floor":18},{"not_picked":["Underhanded Strike","Flying Knee"],"picked":"Deflect","floor":20},{"not_picked":["Underhanded Strike","Well Laid Plans"],"picked":"Escape Plan","floor":22},{"not_picked":["Well Laid Plans","Deadly Poison"],"picked":"Cloak And Dagger","floor":23},{"not_picked":["Eviscerate","Sucker Punch+1"],"picked":"Predator+1","floor":24},{"not_picked":["Reflex+1","Choke"],"picked":"Calculated Gamble","floor":25},{"not_picked":["Blade Dance","Slice"],"picked":"Glass Knife","floor":28},{"not_picked":["Deflect","Eviscerate+1"],"picked":"Bouncing Flask","floor":30},{"not_picked":["Poisoned Stab","Dagger Spray+1"],"picked":"Footwork","floor":31},{"not_picked":["Storm of Steel","Unload"],"picked":"Bullet Time","floor":33},{"not_picked":["Bane+1","Expertise+1"],"picked":"Terror","floor":35},{"not_picked":["Sucker Punch","Distraction","Slice+1"],"picked":"SKIP","floor":36},{"not_picked":["Flying Knee","Poisoned Stab"],"picked":"Bane+1","floor":37},{"not_picked":["Dagger Spray","Tactician+1"],"picked":"Prepared+1","floor":39},{"not_picked":["Slice","Quick Slash+1"],"picked":"Backflip+1","floor":41},{"not_picked":["Dagger Throw","Acrobatics+1"],"picked":"Corpse Explosion","floor":42},{"not_picked":["Leg Sweep+1","Escape Plan+1"],"picked":"Cloak And Dagger+1","floor":45},{"not_picked":["Flechettes+1","Slice+1"],"picked":"Blur+1","floor":46},{"not_picked":["Outmaneuver+1","Deadly Poison+1"],"picked":"Footwork","floor":48}],"player_experience":635966,"relics_obtained":[{"floor":8,"key":"Strawberry"},{"floor":9,"key":"Potion Belt"},{"floor":12,"key":"Anchor"},{"floor":23,"key":"Smiling Mask"},{"floor":25,"key":"Turnip"},{"floor":26,"key":"PreservedInsect"},{"floor":30,"key":"Omamori"},{"floor":34,"key":"Happy Flower"},{"floor":34,"key":"Paper Crane"},{"floor":34,"key":"Girya"},{"floor":42,"key":"Toxic Egg 2"},{"floor":43,"key":"Ninja Scroll"},{"floor":44,"key":"MawBank"},{"floor":45,"key":"Ice Cream"}],"event_choices":[{"cards_removed":["Strike_G"],"damage_healed":0.0,"max_hp_gain":0.0,"max_hp_loss":0.0,"gold_gain":0.0,"event_name":"Bonfire Elementals","player_choice":"Offered Basic","floor":7.0,"gold_loss":0.0,"damage_taken":0.0},{"damage_healed":0,"gold_gain":0,"player_choice":"Success","damage_taken":3,"relics_obtained":["Centennial Puzzle"],"max_hp_gain":0,"max_hp_loss":0,"event_name":"Scrap Ooze","floor":11,"gold_loss":0},{"cards_removed":["Strike_G"],"damage_healed":0,"gold_gain":0,"player_choice":"Purged","damage_taken":0,"max_hp_gain":0,"max_hp_loss":0,"event_name":"Purifier","floor":14,"gold_loss":0},{"damage_healed":0,"gold_gain":0,"cards_transformed":["Strike_G","Defend_G"],"player_choice":"Became Test Subject","damage_taken":0,"max_hp_gain":0,"max_hp_loss":0,"event_name":"Drug Dealer","floor":19,"gold_loss":0,"cards_obtained":["Catalyst","Unload"]},{"damage_healed":0,"gold_gain":0,"player_choice":"Opened","damage_taken":0,"relics_obtained":["Mercury Hourglass"],"max_hp_gain":0,"max_hp_loss":0,"event_name":"The Mausoleum","floor":27,"gold_loss":0,"cards_obtained":["Writhe"]},{"cards_removed":["Outmaneuver"],"damage_healed":0,"gold_gain":0,"player_choice":"Removed Skill","damage_taken":0,"max_hp_gain":0,"max_hp_loss":0,"event_name":"Falling","floor":38,"gold_loss":0},{"damage_healed":60,"gold_gain":0,"player_choice":"Heal","damage_taken":0,"max_hp_gain":0,"max_hp_loss":0,"event_name":"MindBloom","floor":47,"gold_loss":0,"cards_obtained":["Doubt"]}],"is_beta":false,"boss_relics":[{"not_picked":["Cursed Key","Fusion Hammer"],"picked":"Ectoplasm"},{"not_picked":["Pandora\u0027s Box","Runic Pyramid"],"picked":"Calling Bell"}],"items_purged_floors":[21],"is_endless":false,"potions_floor_spawned":[2,4,5,16,18,23,25,30,35,39,45],"killed_by":"Time Eater","ascension_level":10}