{"gold_per_floor":[118,133,151,171,171,171,190,215,239,253,272,286,286,286,286,359,359,378,392,8,27,42,74,90,90,137,155,155,166,166,166,166,243,243,260,310,130,143,161,161,187,187,256,256,270,270,285,304,304,304],"floor_reached":51,"playtime":8903,"items_purged":["Defend_B","Strike_B"],"score":1244,"play_id":"b93a6c28-e7b1-4f4b-8937-8f8c68748567","local_time":"20190205194845","is_ascension_mode":true,"campfire_choices":[{"floor":6.0,"key":"REST"},{"floor":13.0,"key":"REST"},{"data":"Coolheaded","floor":15.0,"key":"SMITH"},{"floor":25.0,"key":"REST"},{"floor":28.0,"key":"REST"},{"floor":32.0,"key":"REST"},{"floor":40.0,"key":"REST"},{"floor":44.0,"key":"REST"},{"floor":46.0,"key":"REST"},{"floor":49.0,"key":"REST"}],"neow_cost":"PERCENT_DAMAGE","seed_source_timestamp":0,"circlet_count":0,"master_deck":["AscendersBane","Strike_B","Strike_B","Strike_B","Defend_B","Defend_B","Defend_B","Zap","Dualcast","Master of Strategy","Magnetism+1","Coolheaded+1","BootSequence","Reinforced Body","Chill","Hologram","Stack","Loop","Go for the Eyes","Cold Snap","Compile Driver","Buffer","Consume+1","Sunder","Storm","Stack","Ball Lightning","Buffer","Cold Snap","Redo+1","Defragment","Defragment","Echo Form","Storm","Blizzard","Go for the Eyes+1","Electrodynamics","Conserve Battery+1","FTL","Leap"],"special_seed":0,"relics":["Cracked Core","Strawberry","Dream Catcher","Velvet Choker","Medical Kit","Centennial Puzzle","Lantern","MutagenicStrength","Fusion Hammer","Oddly Smooth Stone","Bottled Lightning"],"potions_floor_usage":[],"damage_taken":[{"damage":7.0,"enemies":"Cultist","floor":1.0,"turns":4.0},{"damage":9.0,"enemies":"Jaw Worm","floor":2.0,"turns":4.0},{"damage":8.0,"enemies":"2 Louse","floor":3.0,"turns":4.0},{"damage":0.0,"enemies":"2 Fungi Beasts","floor":4.0,"turns":4.0},{"damage":0.0,"enemies":"Exordium Wildlife","floor":7.0,"turns":3.0},{"damage":9.0,"enemies":"3 Sentries","floor":8.0,"turns":13.0},{"damage":0.0,"enemies":"3 Louse","floor":10.0,"turns":5.0},{"damage":19.0,"enemies":"Exordium Thugs","floor":11.0,"turns":6.0},{"damage":0.0,"enemies":"Exordium Wildlife","floor":12.0,"turns":6.0},{"damage":34.0,"enemies":"Hexaghost","floor":16.0,"turns":14.0},{"damage":0.0,"enemies":"Chosen","floor":18.0,"turns":6.0},{"damage":13.0,"enemies":"Spheric Guardian","floor":19.0,"turns":7.0},{"damage":5.0,"enemies":"Snake Plant","floor":21.0,"turns":7.0},{"damage":19.0,"enemies":"3 Cultists","floor":22.0,"turns":7.0},{"damage":19.0,"enemies":"Gremlin Leader","floor":23.0,"turns":8.0},{"damage":1.0,"enemies":"Snecko","floor":24.0,"turns":4.0},{"damage":10.0,"enemies":"Shelled Parasite and Fungi","floor":27.0,"turns":8.0},{"damage":24.0,"enemies":"Cultist and Chosen","floor":29.0,"turns":9.0},{"damage":20.0,"enemies":"Collector","floor":33.0,"turns":11.0},{"damage":20.0,"enemies":"3 Darklings","floor":35.0,"turns":5.0},{"damage":0.0,"enemies":"Orb Walker","floor":38.0,"turns":3.0},{"damage":38.0,"enemies":"3 Darklings","floor":39.0,"turns":4.0},{"damage":22.0,"enemies":"Reptomancer","floor":41.0,"turns":6.0},{"damage":0.0,"enemies":"Spire Growth","floor":42.0,"turns":2.0},{"damage":0.0,"enemies":"Maw","floor":45.0,"turns":10.0},{"damage":11.0,"enemies":"Sphere and 2 Shapes","floor":47.0,"turns":4.0},{"damage":24.0,"enemies":"Spire Growth","floor":48.0,"turns":3.0},{"damage":41,"enemies":"Time Eater","floor":50,"turns":12}],"seed_played":"-265119649294872887","potions_obtained":[{"floor":3.0,"key":"EntropicBrew"},{"floor":4.0,"key":"Ancient Potion"},{"floor":7.0,"key":"Strength Potion"},{"floor":18.0,"key":"Strength Potion"},{"floor":24.0,"key":"SmokeBomb"},{"floor":27.0,"key":"AttackPotion"},{"floor":38.0,"key":"Energy Potion"},{"floor":47.0,"key":"Explosive Potion"}],"is_trial":false,"path_per_floor":["M","M","M","M","?","R","M","E","T","M","M","M","R","?","R","B",null,"M","M","$","M","M","E","M","R","T","M","R","M","?","?","R","B",null,"M","?","$","M","M","R","E","M","T","R","M","R","M","M","R","B",null],"character_chosen":"DEFECT","items_purchased":["Medical Kit","Storm","Blizzard"],"campfire_rested":9,"item_purchase_floors":[20,20,37],"current_hp_per_floor":[39,30,22,22,22,43,43,41,41,41,22,22,45,50,50,16,66,66,53,53,48,29,10,9,33,33,23,47,23,23,23,47,27,69,49,41,41,41,3,27,5,5,5,29,29,53,42,18,42,1],"gold":304,"neow_bonus":"RANDOM_COLORLESS_2","is_prod":false,"is_daily":false,"chose_seed":false,"campfire_upgraded":1,"win_rate":0,"timestamp":1549414125,"path_taken":["M","M","?","M","?","R","M","E","T","M","?","M","R","?","R","BOSS","M","M","$","M","M","E","M","R","T","M","R","M","?","?","R","BOSS","M","?","$","M","M","R","E","M","T","R","M","R","M","M","R","BOSS"],"build_version":"2019-01-23","purchased_purges":2,"victory":true,"max_hp_per_floor":[71,71,71,71,71,71,71,78,78,78,78,78,78,83,83,83,83,83,83,83,83,83,83,83,83,83,83,83,83,83,83,83,83,83,83,83,83,83,83,83,83,83,83,83,83,83,83,83,83,83],"card_choices":[{"not_picked":["Go for the Eyes","Scrape"],"picked":"Coolheaded","floor":1.0},{"not_picked":["Hello World","Steam"],"picked":"BootSequence","floor":2.0},{"not_picked":["Compile Driver","Aggregate"],"picked":"Reinforced Body","floor":3.0},{"not_picked":["Hologram","Sweeping Beam"],"picked":"Chill","floor":4.0},{"not_picked":["Sweeping Beam","Aggregate"],"picked":"Hologram","floor":7.0},{"not_picked":["Hologram","Consume"],"picked":"Stack","floor":8.0},{"not_picked":["Gash","Doom and Gloom"],"picked":"Loop","floor":10.0},{"not_picked":["Rebound","Consume"],"picked":"Go for the Eyes","floor":11.0},{"not_picked":["Melter","Turbo"],"picked":"Cold Snap","floor":12.0},{"not_picked":["Go for the Eyes","Force Field"],"picked":"Compile Driver","floor":13.0},{"not_picked":["Thunder Strike","Machine Learning"],"picked":"Buffer","floor":16.0},{"not_picked":["Stack","Beam Cell"],"picked":"Consume+1","floor":18.0},{"not_picked":["Reprogram","Gash"],"picked":"Sunder","floor":19.0},{"not_picked":["Sweeping Beam","Double Energy"],"picked":"Stack","floor":21.0},{"not_picked":["Rip and Tear","Stack","Sweeping Beam"],"picked":"SKIP","floor":22.0},{"not_picked":["Turbo","Compile Driver"],"picked":"Ball Lightning","floor":23.0},{"not_picked":["Sweeping Beam","Coolheaded"],"picked":"Buffer","floor":24.0},{"not_picked":["Coolheaded","Steam"],"picked":"Cold Snap","floor":25.0},{"not_picked":["Compile Driver","Consume+1","Rebound+1"],"picked":"SKIP","floor":27.0},{"not_picked":["Go for the Eyes","Consume"],"picked":"Redo+1","floor":29.0},{"not_picked":["Barrage","Melter"],"picked":"Defragment","floor":32.0},{"not_picked":["Creative AI","Multi-Cast"],"picked":"Echo Form","floor":33.0},{"not_picked":["Loop","Redo"],"picked":"Storm","floor":35.0},{"not_picked":["Gash+1","Stack"],"picked":"Go for the Eyes+1","floor":38.0},{"not_picked":["Steam","Lockon","Barrage+1"],"picked":"SKIP","floor":39.0},{"not_picked":["Reboot","Aggregate+1"],"picked":"Electrodynamics","floor":41.0},{"not_picked":["Streamline","Static Discharge"],"picked":"Conserve Battery+1","floor":44.0},{"not_picked":["Hello World","Chill","Go for the Eyes+1"],"picked":"SKIP","floor":45.0},{"not_picked":["Self Repair","BootSequence"],"picked":"FTL","floor":46.0},{"not_picked":["Genetic Algorithm","Beam Cell+1"],"picked":"Leap","floor":47.0},{"not_picked":["Redo","Blizzard","Cold Snap"],"picked":"SKIP","floor":48.0}],"player_experience":1003313,"relics_obtained":[{"floor":8.0,"key":"Strawberry"},{"floor":9.0,"key":"Dream Catcher"},{"floor":23.0,"key":"Centennial Puzzle"},{"floor":26.0,"key":"Lantern"},{"floor":41.0,"key":"Oddly Smooth Stone"},{"floor":43.0,"key":"Bottled Lightning"}],"event_choices":[{"damage_healed":0.0,"max_hp_gain":0.0,"max_hp_loss":0.0,"gold_gain":0.0,"event_name":"Accursed Blacksmith","player_choice":"Forge","floor":5.0,"gold_loss":0.0,"damage_taken":0.0,"cards_upgraded":["Magnetism"]},{"damage_healed":0.0,"max_hp_gain":5.0,"max_hp_loss":0.0,"gold_gain":0.0,"event_name":"Big Fish","player_choice":"Donut","floor":14.0,"gold_loss":0.0,"damage_taken":0.0},{"damage_healed":0.0,"max_hp_gain":0.0,"max_hp_loss":0.0,"gold_gain":0.0,"event_name":"Drug Dealer","player_choice":"Inject Mutagens","floor":30.0,"gold_loss":0.0,"damage_taken":0.0,"relics_obtained":["MutagenicStrength"]},{"damage_healed":0.0,"max_hp_gain":0.0,"max_hp_loss":0.0,"gold_gain":0.0,"event_name":"The Library","player_choice":"Read","floor":31.0,"gold_loss":0.0,"damage_taken":0.0,"cards_obtained":["Defragment"]},{"damage_healed":0.0,"max_hp_gain":0.0,"max_hp_loss":0.0,"gold_gain":50.0,"event_name":"FaceTrader","player_choice":"Touch","floor":36.0,"gold_loss":0.0,"damage_taken":8.0}],"is_beta":false,"boss_relics":[{"not_picked":["Eternal Feather","Inserter"],"picked":"Velvet Choker"},{"not_picked":["White Beast Statue","Tiny House"],"picked":"Fusion Hammer"}],"items_purged_floors":[20,37],"is_endless":false,"potions_floor_spawned":[3,4,7,10,18,24,27,38,42,47],"ascension_level":17}