{"gold_per_floor":[112,125,125,135,135,170,182,182,182,213,226,226],"floor_reached":12,"playtime":469,"items_purged":[],"score":104,"play_id":"b4ea68d4-e4b0-4cc6-8964-93f247fdd0cd","local_time":"20190113161003","is_ascension_mode":true,"campfire_choices":[{"data":"Barrage","floor":8.0,"key":"SMITH"}],"neow_cost":"NONE","seed_source_timestamp":312368524935315,"circlet_count":0,"master_deck":["Strike_B","Strike_B","Strike_B","Defend_B","Defend_B","Defend_B","Defend_B","Zap","Dualcast","Go for the Eyes","Barrage+1","Capacitor","Reprogram","Multi-Cast","Ball Lightning","Barrage","Hologram"],"special_seed":0,"relics":["Cracked Core","NeowsBlessing","Mercury Hourglass","Frozen Egg 2","Pear"],"potions_floor_usage":[],"damage_taken":[{"damage":0.0,"enemies":"Small Slimes","floor":1.0,"turns":1.0},{"damage":0.0,"enemies":"Cultist","floor":2.0,"turns":1.0},{"damage":0.0,"enemies":"Jaw Worm","floor":4.0,"turns":1.0},{"damage":30.0,"enemies":"Lagavulin","floor":6.0,"turns":7.0},{"damage":11.0,"enemies":"Lots of Slimes","floor":7.0,"turns":3.0},{"damage":26,"enemies":"Gremlin Nob","floor":10,"turns":4},{"damage":9,"enemies":"Red Slaver","floor":11,"turns":2},{"damage":10,"enemies":"Gremlin Gang","floor":12,"turns":1}],"seed_played":"-3668476483334225790","potions_obtained":[{"floor":4.0,"key":"Strength Potion"},{"floor":10,"key":"Dexterity Potion"},{"floor":11,"key":"Strength Potion"}],"is_trial":false,"path_per_floor":["M","M","?","M","?","E","M","R","T","E","M","M"],"character_chosen":"DEFECT","items_purchased":[],"campfire_rested":0,"item_purchase_floors":[],"current_hp_per_floor":[75,75,75,75,75,45,34,34,34,18,9,0],"gold":226,"neow_bonus":"THREE_ENEMY_KILL","is_prod":false,"is_daily":false,"chose_seed":false,"campfire_upgraded":1,"win_rate":0,"timestamp":1547392203,"path_taken":["M","M","?","?","?","E","M","R","T","E","M","?"],"build_version":"2019-01-10","purchased_purges":0,"victory":false,"max_hp_per_floor":[75,75,75,75,75,75,75,75,75,85,85,85],"card_choices":[{"not_picked":["Steam","Beam Cell"],"picked":"Go for the Eyes","floor":1.0},{"not_picked":["Coolheaded","Cold Snap"],"picked":"Barrage","floor":2.0},{"not_picked":["Streamline","Redo"],"picked":"Capacitor","floor":4.0},{"not_picked":["Melter","Fusion"],"picked":"Multi-Cast","floor":6.0},{"not_picked":["Hologram","Undo"],"picked":"Ball Lightning","floor":7.0},{"not_picked":["Redo","Reinforced Body"],"picked":"Barrage","floor":10},{"not_picked":["Go for the Eyes","Streamline"],"picked":"Hologram","floor":11}],"player_experience":272991,"relics_obtained":[{"floor":6.0,"key":"Mercury Hourglass"},{"floor":9.0,"key":"Frozen Egg 2"},{"floor":10,"key":"Pear"}],"event_choices":[{"damage_healed":0.0,"max_hp_gain":0.0,"max_hp_loss":0.0,"gold_gain":0.0,"event_name":"Wheel of Change","player_choice":"Full Heal","floor":3.0,"gold_loss":0.0,"damage_taken":0.0},{"damage_healed":0.0,"max_hp_gain":0.0,"max_hp_loss":0.0,"gold_gain":0.0,"cards_transformed":["Strike_B"],"event_name":"Transmorgrifier","player_choice":"Transformed","floor":5.0,"gold_loss":0.0,"damage_taken":0.0,"cards_obtained":["Reprogram"]}],"is_beta":false,"boss_relics":[],"items_purged_floors":[],"is_endless":false,"potions_floor_spawned":[4,10,11],"killed_by":"Gremlin Gang","ascension_level":3}