{"gold_per_floor":[116,133,150,169,185,210,210,210,210,210,160,160,39,83,83,83],"floor_reached":16,"playtime":520,"items_purged":[],"score":138,"play_id":"24c58e83-4f87-469b-b257-0bb32e6bf615","local_time":"20190127173249","is_ascension_mode":true,"campfire_choices":[{"data":"Echo Form","floor":8,"key":"SMITH"},{"floor":10,"key":"REST"},{"data":"Defragment","floor":15,"key":"SMITH"}],"neow_cost":"NONE","seed_source_timestamp":858663544853129,"circlet_count":0,"master_deck":["Strike_B","Strike_B","Strike_B","Defend_B","Defend_B","Defend_B","Defend_B","Zap","Dualcast","Self Repair","Defragment+1","Go for the Eyes","Echo Form+1","Melter","Lockon"],"relics":["Cracked Core","Regal Pillow","Mercury Hourglass","Blue Candle","Golden Idol","Question Card"],"potions_floor_usage":[6,6,14,16,16],"damage_taken":[{"damage":6,"enemies":"Cultist","floor":1,"turns":4},{"damage":9,"enemies":"Jaw Worm","floor":2,"turns":3},{"damage":10,"enemies":"Small Slimes","floor":3,"turns":3},{"damage":21,"enemies":"Looter","floor":4,"turns":4},{"damage":1,"enemies":"Exordium Wildlife","floor":5,"turns":3},{"damage":65,"enemies":"3 Sentries","floor":6,"turns":8},{"damage":25,"enemies":"Gremlin Nob","floor":14,"turns":4},{"damage":40,"enemies":"Hexaghost","floor":16,"turns":9}],"seed_played":"8167686177008122977","potions_obtained":[{"floor":0,"key":"Poison Potion"},{"floor":0,"key":"Regen Potion"},{"floor":0,"key":"SkillPotion"},{"floor":1,"key":"Regen Potion"},{"floor":5,"key":"Explosive Potion"},{"floor":6,"key":"Ancient Potion"}],"is_trial":false,"path_per_floor":["M","M","M","M","M","E","?","R","T","R","?","?","$","E","R","B"],"character_chosen":"DEFECT","items_purchased":["Melter","Weak Potion"],"campfire_rested":1,"item_purchase_floors":[13,13],"current_hp_per_floor":[69,67,64,50,56,47,35,35,35,72,72,54,54,36,36,0],"gold":83,"neow_bonus":"THREE_SMALL_POTIONS","is_prod":false,"is_daily":false,"chose_seed":false,"campfire_upgraded":2,"win_rate":0,"timestamp":1548639169,"path_taken":["M","M","M","M","?","E","?","R","T","R","?","?","$","E","R","BOSS"],"build_version":"2019-01-23","purchased_purges":0,"victory":false,"max_hp_per_floor":[75,75,75,75,75,75,75,75,75,75,75,75,75,75,75,75],"card_choices":[{"not_picked":["Stack","Hologram"],"picked":"Self Repair","floor":1},{"not_picked":["Compile Driver","Gash","White Noise"],"picked":"SKIP","floor":2},{"not_picked":["Barrage","Redo"],"picked":"Defragment","floor":3},{"not_picked":["Cold Snap","Redo"],"picked":"Go for the Eyes","floor":4},{"not_picked":["Hologram","Go for the Eyes"],"picked":"Echo Form","floor":5},{"not_picked":["Turbo","Recycle","BootSequence"],"picked":"SKIP","floor":6},{"not_picked":["Fusion","Stack"],"picked":"Lockon","floor":14}],"player_experience":267274,"relics_obtained":[{"floor":6,"key":"Regal Pillow"},{"floor":9,"key":"Blue Candle"},{"floor":14,"key":"Question Card"}],"event_choices":[{"damage_healed":0,"gold_gain":0,"player_choice":"Success","damage_taken":12,"relics_obtained":["Mercury Hourglass"],"max_hp_gain":0,"max_hp_loss":0,"event_name":"Scrap Ooze","floor":7,"gold_loss":0},{"cards_removed":["Strike_B"],"damage_healed":0,"gold_gain":0,"player_choice":"Card Removal","damage_taken":0,"max_hp_gain":0,"max_hp_loss":0,"event_name":"The Cleric","floor":11,"gold_loss":50},{"damage_healed":0,"gold_gain":0,"player_choice":"Take Damage","damage_taken":18,"relics_obtained":["Golden Idol"],"max_hp_gain":0,"max_hp_loss":0,"event_name":"Golden Idol","floor":12,"gold_loss":0}],"is_beta":false,"boss_relics":[],"items_purged_floors":[],"is_endless":false,"potions_floor_spawned":[1,4,5,6],"killed_by":"Hexaghost","ascension_level":5}