{"gold_per_floor":[111,39,39,53,69,69,104,120,144,144,174,54,54,73,73,177,177,194,209,209,224,224,255,273,273,273,273,288,319,319,335,335,335],"floor_reached":33,"playtime":3033,"items_purged":["Strike_B"],"score":297,"play_id":"ff063734-f6ba-48e6-99f7-4a0c4787e55b","local_time":"20190109132944","is_ascension_mode":false,"campfire_choices":[{"data":"Beam Cell","floor":6.0,"key":"SMITH"},{"floor":13.0,"key":"REST"},{"floor":15.0,"key":"REST"},{"data":"Echo Form","floor":25,"key":"SMITH"},{"data":"Scrape","floor":27,"key":"SMITH"},{"floor":30,"key":"REST"},{"floor":32,"key":"REST"}],"neow_cost":"NONE","seed_source_timestamp":0,"circlet_count":0,"master_deck":["Strike_B","Strike_B+1","Strike_B","Defend_B+1","Defend_B","Defend_B","Defend_B","Zap","Dualcast","Capacitor","Static Discharge+1","Gash+1","Beam Cell+1","Doom and Gloom","Go for the Eyes","Scrape+1","Gash","Steam","Echo Form+1","Conserve Battery","Gash","Go for the Eyes","Cold Snap+1","Beam Cell","Self Repair+1","Coolheaded","Conserve Battery","Scrape"],"special_seed":0,"relics":["Cracked Core","Vajra","Whetstone","PreservedInsect","Runic Pyramid","MutagenicStrength","Peace Pipe","Mummified Hand","Lantern"],"potions_floor_usage":[29],"damage_taken":[{"damage":1.0,"enemies":"Jaw Worm","floor":1.0,"turns":3.0},{"damage":7.0,"enemies":"2 Louse","floor":4.0,"turns":2.0},{"damage":0.0,"enemies":"Small Slimes","floor":5.0,"turns":3.0},{"damage":26.0,"enemies":"Lagavulin","floor":7.0,"turns":4.0},{"damage":16.0,"enemies":"Exordium Thugs","floor":8.0,"turns":3.0},{"damage":8.0,"enemies":"3 Sentries","floor":11.0,"turns":3.0},{"damage":13.0,"enemies":"Exordium Wildlife","floor":14.0,"turns":3.0},{"damage":29.0,"enemies":"The Guardian","floor":16.0,"turns":7.0},{"damage":11.0,"enemies":"2 Thieves","floor":18.0,"turns":4.0},{"damage":5.0,"enemies":"Shell Parasite","floor":19.0,"turns":4.0},{"damage":0.0,"enemies":"Chosen and Byrds","floor":21.0,"turns":6.0},{"damage":8,"enemies":"Gremlin Leader","floor":23,"turns":5},{"damage":13,"enemies":"Snecko","floor":24,"turns":4},{"damage":15,"enemies":"Snake Plant","floor":28,"turns":4},{"damage":20,"enemies":"Slavers","floor":29,"turns":2},{"damage":15,"enemies":"Centurion and Healer","floor":31,"turns":4},{"damage":49,"enemies":"Champ","floor":33,"turns":8}],"seed_played":"-1727818206194191431","potions_obtained":[{"floor":4.0,"key":"EntropicBrew"},{"floor":5.0,"key":"GamblersBrew"},{"floor":8.0,"key":"Energy Potion"},{"floor":14.0,"key":"Energy Potion"},{"floor":18.0,"key":"Energy Potion"},{"floor":31,"key":"GamblersBrew"}],"is_trial":false,"path_per_floor":["M","$","?","M","M","R","E","M","T","?","E","$","R","M","R","B",null,"M","M","?","M","?","E","M","R","T","R","M","E","R","M","R","B"],"character_chosen":"DEFECT","items_purchased":["Static Discharge","Gash"],"campfire_rested":4,"item_purchase_floors":[2,12],"current_hp_per_floor":[81,81,65,58,58,58,32,16,16,16,8,8,32,19,43,14,82,71,66,66,66,66,58,45,45,45,45,30,10,34,19,43,0],"gold":335,"neow_bonus":"TEN_PERCENT_HP_BONUS","is_prod":false,"is_daily":false,"chose_seed":false,"campfire_upgraded":3,"win_rate":0.0,"timestamp":1547036984,"path_taken":["M","$","?","M","M","R","E","M","T","?","E","$","R","M","R","BOSS","M","M","?","M","?","E","M","R","T","R","M","E","R","M","R","BOSS"],"build_version":"2019-01-03v4","purchased_purges":1,"victory":false,"max_hp_per_floor":[82,82,82,82,82,82,82,82,82,82,82,82,82,82,82,82,82,82,82,82,82,82,82,82,82,82,82,82,82,82,82,82,82],"card_choices":[{"not_picked":["Stack","Barrage"],"picked":"Capacitor","floor":1.0},{"not_picked":["Redo","Cold Snap"],"picked":"Gash","floor":4.0},{"not_picked":["Reprogram","Ball Lightning"],"picked":"Beam Cell","floor":5.0},{"not_picked":["Blizzard","Ball Lightning"],"picked":"Doom and Gloom","floor":7.0},{"not_picked":["Compile Driver","Machine Learning"],"picked":"Go for the Eyes","floor":8.0},{"not_picked":["Hologram","Sweeping Beam"],"picked":"Scrape","floor":11.0},{"not_picked":["Ball Lightning","Hello World"],"picked":"Steam","floor":14.0},{"not_picked":["Electrodynamics","Biased Cognition"],"picked":"Echo Form","floor":16.0},{"not_picked":["Steam Power","Skim+1"],"picked":"Conserve Battery","floor":18.0},{"not_picked":["Blizzard+1","Static Discharge"],"picked":"Gash","floor":19.0},{"not_picked":["Darkness+1","Redo"],"picked":"Cold Snap+1","floor":21.0},{"not_picked":["Darkness","Leap"],"picked":"Beam Cell","floor":23},{"not_picked":["Scrape+1","Rebound"],"picked":"Self Repair+1","floor":24},{"not_picked":["Multi-Cast","Heatsinks"],"picked":"Coolheaded","floor":28},{"not_picked":["Steam Power","Reprogram"],"picked":"Conserve Battery","floor":29},{"not_picked":["Genetic Algorithm","Compile Driver"],"picked":"Scrape","floor":31}],"player_experience":213259,"relics_obtained":[{"floor":7.0,"key":"Vajra"},{"floor":9.0,"key":"Whetstone"},{"floor":11.0,"key":"PreservedInsect"},{"floor":23,"key":"Peace Pipe"},{"floor":26,"key":"Mummified Hand"},{"floor":29,"key":"Lantern"}],"event_choices":[{"damage_healed":0.0,"max_hp_gain":0.0,"max_hp_loss":0.0,"gold_gain":0.0,"event_name":"Shining Light","player_choice":"Entered Light","floor":3.0,"gold_loss":0.0,"damage_taken":16.0,"cards_upgraded":["Static Discharge","Defend_B"]},{"damage_healed":0.0,"max_hp_gain":0.0,"max_hp_loss":0.0,"gold_gain":0.0,"event_name":"Dead Adventurer","player_choice":"Searched \u00270\u0027 times","floor":10.0,"gold_loss":0.0,"damage_taken":0.0},{"damage_healed":0.0,"max_hp_gain":0.0,"max_hp_loss":0.0,"gold_gain":0.0,"event_name":"The Library","player_choice":"Read","floor":20.0,"gold_loss":0.0,"damage_taken":0.0,"cards_obtained":["Go for the Eyes"]},{"damage_healed":0.0,"max_hp_gain":0.0,"max_hp_loss":0.0,"gold_gain":0.0,"event_name":"Drug Dealer","player_choice":"Inject Mutagens","floor":22.0,"gold_loss":0.0,"damage_taken":0.0,"relics_obtained":["MutagenicStrength"]}],"is_beta":false,"boss_relics":[{"not_picked":["Velvet Choker","Fusion Hammer"],"picked":"Runic Pyramid"}],"items_purged_floors":[12],"is_endless":false,"potions_floor_spawned":[4,5,8,14,18,23,31],"killed_by":"Champ","ascension_level":0}