{"gold_per_floor":[113,123,139,150,164,164,190,190,190,203,61,61,61,389,389,494,494,510,523,483,10,10,10,35,45,71,102,133,145,187,212,224,338,350,374,386,398,423,270,270,270],"floor_reached":41,"playtime":1788,"items_purged":["Strike_R","Strike_R"],"score":670,"play_id":"11074d65-7b11-4503-b719-0f7f1bfecf72","local_time":"20190204213504","is_ascension_mode":true,"campfire_choices":[{"data":"Bash","floor":6,"key":"SMITH"},{"data":"Inflame","floor":8,"key":"SMITH"},{"data":"True Grit","floor":12,"key":"SMITH"},{"data":"Uppercut","floor":15,"key":"SMITH"},{"data":"Shrug It Off","floor":23,"key":"SMITH"},{"floor":29,"key":"REST"},{"floor":32,"key":"REST"},{"data":"Metallicize","floor":40,"key":"SMITH"}],"neow_cost":"PERCENT_DAMAGE","seed_source_timestamp":1563196395805680,"circlet_count":0,"master_deck":["Strike_R","Strike_R","Strike_R","Defend_R","Defend_R","Defend_R","Defend_R","Bash+1","Clash","Pummel+1","Headbutt","Shrug It Off+1","Inflame+1","True Grit+1","Uppercut+1","Immolate","Ghostly Armor","Metallicize+1","Metallicize","Flame Barrier","Offering","Blind"],"relics":["Burning Blood","Happy Flower","Matryoshka","Smiling Mask","Paper Frog","Old Coin","Lizard Tail","Pantograph","Oddly Smooth Stone","Blood Vial","Kunai","Bottled Flame","MawBank","Bottled Lightning","Black Star","Tiny Chest"],"potions_floor_usage":[7,24,27,30,30,33,41,41],"damage_taken":[{"damage":6,"enemies":"Cultist","floor":1,"turns":4},{"damage":11,"enemies":"Jaw Worm","floor":2,"turns":4},{"damage":2,"enemies":"2 Louse","floor":3,"turns":2},{"damage":12,"enemies":"Looter","floor":4,"turns":3},{"damage":9,"enemies":"Exordium Thugs","floor":5,"turns":4},{"damage":17,"enemies":"Lagavulin","floor":7,"turns":5},{"damage":0,"enemies":"Large Slime","floor":10,"turns":4},{"damage":6,"enemies":"Gremlin Nob","floor":14,"turns":3},{"damage":13,"enemies":"Slime Boss","floor":16,"turns":5},{"damage":6,"enemies":"Shell Parasite","floor":18,"turns":4},{"damage":2,"enemies":"Chosen","floor":19,"turns":3},{"damage":41,"enemies":"Slavers","floor":24,"turns":3},{"damage":22,"enemies":"Snake Plant","floor":25,"turns":4},{"damage":4,"enemies":"Snecko","floor":27,"turns":4},{"damage":25,"enemies":"Cultist and Chosen","floor":28,"turns":8},{"damage":46,"enemies":"Book of Stabbing","floor":30,"turns":6},{"damage":7,"enemies":"Snake Plant","floor":31,"turns":7},{"damage":106,"enemies":"Collector","floor":33,"turns":13},{"damage":38,"enemies":"3 Darklings","floor":35,"turns":6},{"damage":13,"enemies":"3 Shapes","floor":38,"turns":8},{"damage":64,"enemies":"Nemesis","floor":41,"turns":5}],"seed_played":"6386557126853042071","potions_obtained":[{"floor":1,"key":"Poison Potion"},{"floor":4,"key":"GamblersBrew"},{"floor":10,"key":"Poison Potion"},{"floor":16,"key":"SpeedPotion"},{"floor":19,"key":"BloodPotion"},{"floor":25,"key":"SkillPotion"},{"floor":30,"key":"FearPotion"},{"floor":33,"key":"BloodPotion"},{"floor":35,"key":"Strength Potion"}],"is_trial":false,"path_per_floor":["M","M","M","M","M","R","E","R","T","M","$","R","T","E","R","B",null,"M","M","?","$","T","R","E","M","T","M","M","R","E","M","R","B",null,"M","?","?","M","$","R","E"],"character_chosen":"IRONCLAD","items_purchased":["Uppercut","Pantograph","Oddly Smooth Stone","Metallicize","Tiny Chest"],"campfire_rested":2,"item_purchase_floors":[11,21,21,21,39],"current_hp_per_floor":[67,62,66,60,57,57,46,46,46,52,52,52,52,52,52,45,83,83,87,87,87,87,87,63,49,49,53,36,64,26,27,55,35,81,51,51,51,46,46,46,0],"gold":270,"neow_bonus":"TWENTY_PERCENT_HP_BONUS","is_prod":false,"is_daily":false,"chose_seed":false,"campfire_upgraded":6,"win_rate":0,"timestamp":1549344904,"path_taken":["M","M","M","?","M","R","E","R","T","M","?","R","?","E","R","BOSS","M","M","?","$","?","R","E","M","T","M","M","R","E","M","R","BOSS","M","?","?","M","$","R","E"],"build_version":"2019-01-23","purchased_purges":2,"victory":false,"max_hp_per_floor":[96,96,96,96,96,96,96,96,96,96,96,96,96,96,96,96,96,96,96,96,96,96,96,96,96,96,96,96,96,96,96,96,96,96,96,96,96,96,96,96,96],"card_choices":[{"not_picked":["Bloodletting","Infernal Blade","Body Slam"],"picked":"SKIP","floor":1},{"not_picked":["Armaments","Infernal Blade"],"picked":"Clash","floor":2},{"not_picked":["Armaments","Warcry"],"picked":"Pummel","floor":3},{"not_picked":["Corruption","Seeing Red"],"picked":"Headbutt","floor":4},{"not_picked":["Hemokinesis","Havoc"],"picked":"Shrug It Off","floor":5},{"not_picked":["Dual Wield","Iron Wave"],"picked":"Inflame","floor":7},{"not_picked":["Perfected Strike","Clash"],"picked":"True Grit","floor":10},{"not_picked":["Body Slam","Seeing Red","Sentinel"],"picked":"SKIP","floor":14},{"not_picked":["Limit Break","Offering"],"picked":"Immolate","floor":16},{"not_picked":["Armaments","Heavy Blade"],"picked":"Ghostly Armor","floor":18},{"not_picked":["Feel No Pain","Twin Strike+1"],"picked":"Metallicize","floor":19},{"not_picked":["Cleave","Feel No Pain","Warcry"],"picked":"SKIP","floor":24},{"not_picked":["Dropkick","Flex","Thunderclap"],"picked":"SKIP","floor":25},{"not_picked":["Dropkick","Body Slam","Thunderclap"],"picked":"SKIP","floor":27},{"not_picked":["Clothesline","Evolve"],"picked":"Flame Barrier","floor":28},{"not_picked":["Juggernaut","Anger+1","Combust+1"],"picked":"SKIP","floor":30},{"not_picked":["Dropkick","Warcry","Wild Strike"],"picked":"SKIP","floor":31},{"not_picked":["Dark Embrace","Fiend Fire"],"picked":"Offering","floor":33},{"not_picked":["Body Slam","Anger","Sword Boomerang+1"],"picked":"SKIP","floor":35},{"not_picked":["Dramatic Entrance","Violence"],"picked":"Blind","floor":37},{"not_picked":["Sever Soul+1","Warcry","Fire Breathing"],"picked":"SKIP","floor":38}],"player_experience":320624,"relics_obtained":[{"floor":7,"key":"Happy Flower"},{"floor":9,"key":"Matryoshka"},{"floor":13,"key":"Smiling Mask"},{"floor":13,"key":"Paper Frog"},{"floor":14,"key":"Old Coin"},{"floor":22,"key":"Blood Vial"},{"floor":22,"key":"Kunai"},{"floor":24,"key":"Bottled Flame"},{"floor":26,"key":"MawBank"},{"floor":30,"key":"Bottled Lightning"}],"event_choices":[{"damage_healed":0,"gold_gain":0,"player_choice":"Upgrade","damage_taken":0,"max_hp_gain":0,"max_hp_loss":0,"event_name":"Designer","floor":20,"gold_loss":40,"cards_upgraded":["Pummel"]},{"damage_healed":0,"gold_gain":0,"player_choice":"Ignored","damage_taken":0,"max_hp_gain":0,"max_hp_loss":0,"event_name":"Tomb of Lord Red Mask","floor":36,"gold_loss":0},{"damage_healed":0,"gold_gain":0,"player_choice":"Memory 1","damage_taken":0,"max_hp_gain":0,"max_hp_loss":0,"event_name":"SensoryStone","floor":37,"gold_loss":0}],"is_beta":false,"boss_relics":[{"not_picked":["Runic Pyramid","Fusion Hammer"],"picked":"Lizard Tail"},{"not_picked":["Empty Cage","Pandora\u0027s Box"],"picked":"Black Star"}],"items_purged_floors":[11,39],"is_endless":false,"potions_floor_spawned":[1,4,10,16,19,25,30,33,35],"killed_by":"Nemesis","ascension_level":8}