{"gold_per_floor":[10,10,29,39,39,39,70,88,88,88,111,180,24,40,40,159,159,175,198,55,75,100,100,125,148,148,164,164,164,164,188,188,313,313,327,660,660,676,693,693,693,706,730,730,730,741,771,771,771,771,771,771,22,56,56],"floor_reached":55,"playtime":3006,"items_purged":["Injury"],"score":768,"play_id":"7802ccbb-8085-42e7-8720-4147fc55d440","local_time":"20181218160914","is_ascension_mode":false,"campfire_choices":[{"data":"Metamorphosis","floor":6.0,"key":"SMITH"},{"data":"Beam Cell","floor":15.0,"key":"SMITH"},{"floor":23.0,"key":"REST"},{"data":"Reinforced Body","floor":28.0,"key":"SMITH"},{"floor":32.0,"key":"REST"},{"floor":40.0,"key":"RECALL"},{"floor":45.0,"key":"REST"},{"floor":49.0,"key":"REST"},{"floor":52.0,"key":"REST"}],"neow_cost":"NO_GOLD","seed_source_timestamp":0,"circlet_count":0,"master_deck":["Strike_B+1","Strike_B+1","Strike_B+1","Strike_B+1","Defend_B+1","Defend_B+1","Defend_B+1","Defend_B+1","Zap","Dualcast","Impatience","Metamorphosis+1","Conserve Battery","Melter","Gash","Reinforced Body+1","Cold Snap","Echo Form","Cold Snap+1","Glacier","Go for the Eyes","Hologram+1","Conserve Battery+1","Panacea","White Noise","Undo+1"],"special_seed":0,"relics":["Cracked Core","Meat on the Bone","Singing Bowl","Tiny Chest","Orichalcum","Busted Crown","DataDisk","Fusion Hammer","PreservedInsect","Cables","Molten Egg 2","Chemical X","Bottled Lightning","Unceasing Top"],"potions_floor_usage":[55,55,55,55],"damage_taken":[{"damage":1.0,"enemies":"Jaw Worm","floor":1.0,"turns":3.0},{"damage":0.0,"enemies":"Cultist","floor":3.0,"turns":3.0},{"damage":5.0,"enemies":"Small Slimes","floor":4.0,"turns":3.0},{"damage":30.0,"enemies":"Lagavulin","floor":7.0,"turns":6.0},{"damage":6.0,"enemies":"2 Fungi Beasts","floor":8.0,"turns":4.0},{"damage":17.0,"enemies":"Large Slime","floor":11.0,"turns":4.0},{"damage":21.0,"enemies":"Gremlin Nob","floor":12.0,"turns":5.0},{"damage":6.0,"enemies":"3 Louse","floor":14.0,"turns":3.0},{"damage":3.0,"enemies":"The Guardian","floor":16.0,"turns":10.0},{"damage":13.0,"enemies":"Shell Parasite","floor":18.0,"turns":4.0},{"damage":0.0,"enemies":"Spheric Guardian","floor":19.0,"turns":1.0},{"damage":17.0,"enemies":"Centurion and Healer","floor":21.0,"turns":7.0},{"damage":21.0,"enemies":"3 Cultists","floor":22.0,"turns":5.0},{"damage":13.0,"enemies":"Chosen and Byrds","floor":24.0,"turns":4.0},{"damage":15.0,"enemies":"Snake Plant","floor":25.0,"turns":4.0},{"damage":11.0,"enemies":"Centurion and Healer","floor":27.0,"turns":5.0},{"damage":1.0,"enemies":"Cultist and Chosen","floor":31.0,"turns":6.0},{"damage":13.0,"enemies":"Champ","floor":33.0,"turns":8.0},{"damage":14.0,"enemies":"3 Darklings","floor":35.0,"turns":7.0},{"damage":0.0,"enemies":"Orb Walker","floor":38.0,"turns":3.0},{"damage":9.0,"enemies":"4 Shapes","floor":39.0,"turns":8.0},{"damage":38.0,"enemies":"Writhing Mass","floor":42.0,"turns":8.0},{"damage":13.0,"enemies":"3 Darklings","floor":46.0,"turns":5.0},{"damage":13.0,"enemies":"Nemesis","floor":47.0,"turns":7.0},{"damage":68.0,"enemies":"Time Eater","floor":50.0,"turns":16.0},{"damage":18.0,"enemies":"Shield and Spear","floor":54.0,"turns":4.0},{"damage":84,"enemies":"The Heart","floor":55,"turns":6}],"seed_played":"-2235194828984838965","potions_obtained":[{"floor":2.0,"key":"EntropicBrew"},{"floor":2.0,"key":"Block Potion"},{"floor":2.0,"key":"PowerPotion"},{"floor":7.0,"key":"LiquidBronze"},{"floor":16.0,"key":"FearPotion"},{"floor":31.0,"key":"Swift Potion"},{"floor":47.0,"key":"Regen Potion"}],"is_trial":false,"path_per_floor":["M","?","M","M","$","R","E","M","T","?","M","E","$","M","R","B",null,"M","M","$","M","M","R","M","M","T","M","R","?","?","M","R","B",null,"M","?","?","M","M","R","?","M","T","T","R","M","E","?","R","B",null,"R","$","E","B"],"character_chosen":"DEFECT","items_purchased":["Orichalcum","DataDisk","Chemical X","Fruit Juice","Swift Potion","Bottled Lightning","White Noise"],"campfire_rested":5,"item_purchase_floors":[13,20,53,53,53,53,53],"current_hp_per_floor":[74,74,74,69,69,69,39,45,45,45,40,33,33,41,41,50,79,68,68,68,53,44,68,55,54,54,45,45,45,45,46,72,61,91,79,79,79,81,74,74,74,48,48,48,75,64,51,51,79,32,94,94,99,81,0],"gold":56,"neow_bonus":"RANDOM_COLORLESS_2","is_prod":false,"is_daily":false,"chose_seed":false,"campfire_upgraded":3,"win_rate":0,"timestamp":1545167354,"path_taken":["M","?","?","M","?","R","E","M","T","?","M","E","$","M","R","BOSS","M","M","$","M","M","R","M","M","T","M","R","?","?","M","R","BOSS","M","?","?","M","M","R","?","M","T","?","R","?","E","?","R","BOSS","R","$","E","BOSS"],"build_version":"2018-12-17","purchased_purges":1,"victory":false,"max_hp_per_floor":[75,75,75,75,75,75,75,75,75,75,75,77,77,79,79,79,79,81,81,81,83,83,83,83,85,85,87,87,87,87,89,89,91,91,93,93,88,90,92,92,92,92,92,92,92,94,94,94,94,94,94,94,99,99,99],"card_choices":[{"not_picked":["Barrage","Steam"],"picked":"Beam Cell","floor":1.0},{"not_picked":["Compile Driver","Cold Snap"],"picked":"Conserve Battery","floor":3.0},{"not_picked":["Force Field","Steam"],"picked":"Melter","floor":4.0},{"not_picked":["Turbo","Consume"],"picked":"Gash","floor":7.0},{"not_picked":["Rebound","Beam Cell"],"picked":"Reinforced Body","floor":8.0},{"not_picked":["Electrodynamics","Loop"],"picked":"Cold Snap","floor":11.0},{"not_picked":["Chill","Static Discharge","Steam"],"picked":"Singing Bowl","floor":12.0},{"not_picked":["Reinforced Body","Beam Cell","Streamline"],"picked":"Singing Bowl","floor":14.0},{"not_picked":["Meteor Strike","Amplify"],"picked":"Echo Form","floor":16.0},{"not_picked":["Steam"],"picked":"Singing Bowl","floor":18.0},{"not_picked":[],"picked":"Cold Snap+1","floor":19.0},{"not_picked":["Reinforced Body"],"picked":"Singing Bowl","floor":21.0},{"not_picked":[],"picked":"Glacier","floor":22.0},{"not_picked":[],"picked":"Go for the Eyes","floor":24.0},{"not_picked":["Redo+1"],"picked":"Singing Bowl","floor":25.0},{"not_picked":["Steam"],"picked":"Singing Bowl","floor":27.0},{"not_picked":["Chaos"],"picked":"Singing Bowl","floor":31.0},{"not_picked":["Amplify"],"picked":"Singing Bowl","floor":33.0},{"not_picked":["Double Energy"],"picked":"Singing Bowl","floor":35.0},{"not_picked":["Sweeping Beam"],"picked":"Singing Bowl","floor":38.0},{"not_picked":["Steam+1"],"picked":"Singing Bowl","floor":39.0},{"not_picked":[],"picked":"Hologram+1","floor":42.0},{"not_picked":["Doom and Gloom"],"picked":"Singing Bowl","floor":46.0},{"not_picked":[],"picked":"Conserve Battery+1","floor":47.0},{"not_picked":[],"picked":"Panacea","floor":48.0},{"not_picked":[],"picked":"Undo+1","floor":54.0}],"player_experience":480855,"relics_obtained":[{"floor":7.0,"key":"Meat on the Bone"},{"floor":9.0,"key":"Singing Bowl"},{"floor":12.0,"key":"Tiny Chest"},{"floor":43.0,"key":"PreservedInsect"},{"floor":44.0,"key":"Cables"},{"floor":47.0,"key":"Molten Egg 2"},{"floor":54.0,"key":"Unceasing Top"}],"event_choices":[{"damage_healed":0.0,"max_hp_gain":0.0,"max_hp_loss":0.0,"gold_gain":0.0,"event_name":"Lab","player_choice":"Got Potions","floor":2.0,"gold_loss":0.0,"damage_taken":0.0},{"damage_healed":0.0,"max_hp_gain":0.0,"max_hp_loss":0.0,"gold_gain":0.0,"event_name":"Golden Idol","player_choice":"Take Wound","floor":10.0,"gold_loss":0.0,"damage_taken":0.0,"relics_obtained":["Golden Idol"],"cards_obtained":["Injury"]},{"damage_healed":0.0,"max_hp_gain":0.0,"max_hp_loss":0.0,"gold_gain":0.0,"event_name":"Back to Basics","player_choice":"Simplicity","floor":29.0,"gold_loss":0.0,"damage_taken":0.0,"cards_upgraded":["Strike_B","Strike_B","Strike_B","Strike_B","Defend_B","Defend_B","Defend_B","Defend_B"]},{"damage_healed":0.0,"max_hp_gain":0.0,"max_hp_loss":0.0,"gold_gain":0.0,"event_name":"Vampires","player_choice":"Ignored","floor":30.0,"gold_loss":0.0,"damage_taken":0.0},{"damage_healed":0.0,"max_hp_gain":0.0,"max_hp_loss":0.0,"gold_gain":333.0,"event_name":"The Moai Head","player_choice":"Gave Idol","floor":36.0,"relics_lost":["Golden Idol"],"gold_loss":0.0,"damage_taken":0.0},{"damage_healed":0.0,"max_hp_gain":0.0,"max_hp_loss":5.0,"gold_gain":0.0,"event_name":"Winding Halls","player_choice":"Max HP","floor":37.0,"gold_loss":0.0,"damage_taken":0.0},{"cards_removed":["Beam Cell"],"damage_healed":0.0,"max_hp_gain":0.0,"max_hp_loss":0.0,"gold_gain":0.0,"event_name":"Falling","player_choice":"Removed Attack","floor":41.0,"gold_loss":0.0,"damage_taken":0.0},{"damage_healed":0.0,"max_hp_gain":0.0,"max_hp_loss":0.0,"gold_gain":0.0,"event_name":"SensoryStone","player_choice":"Memory 1","floor":48.0,"gold_loss":0.0,"damage_taken":0.0}],"is_beta":true,"boss_relics":[{"not_picked":["Black Star","Velvet Choker"],"picked":"Busted Crown"},{"not_picked":["White Beast Statue","Runic Pyramid"],"picked":"Fusion Hammer"}],"items_purged_floors":[53],"is_endless":false,"potions_floor_spawned":[7,8,12,16,19,24,31,35,38,47],"killed_by":"The Heart","ascension_level":0}