{"gold_per_floor":[113,125,135,8,23,53,68,101,101,120,135,151,166,184,184,283,283,302,318,345,53,53,53,65,65,91,107,137,137,155,174,174,277,277,294,2,2,14,14,14,14,14,14,26,26,42,376,394,394,394],"floor_reached":51,"playtime":4817,"items_purged":["Caltrops","Writhe"],"score":775,"play_id":"bc4c85cb-b026-4374-bbe1-76d2de2926fa","local_time":"20190205025159","is_ascension_mode":true,"campfire_choices":[{"floor":15.0,"key":"REST"},{"floor":23.0,"key":"REST"},{"floor":29.0,"key":"REST"},{"floor":32.0,"key":"REST"},{"floor":40.0,"key":"REST"},{"floor":42.0,"key":"REST"},{"floor":45.0,"key":"REST"},{"floor":49.0,"key":"REST"}],"neow_cost":"NONE","seed_source_timestamp":807159591398352,"circlet_count":0,"master_deck":["Survivor","Neutralize","Blade Dance","Backflip","Terror+1","Choke","Cloak And Dagger+1","Finisher","Deadly Poison","Deflect","Flying Knee","Prepared","Blade Dance","Blade Dance","Blade Dance","Footwork","After Image","Adrenaline","Flechettes","Tools of the Trade","Bouncing Flask","Quick Slash","Quick Slash","Slice","Caltrops","Poisoned Stab","Deflect","Well Laid Plans","Accuracy","Choke","Adrenaline","Blade Dance+1","Slice","Leg Sweep","PiercingWail","Phantasmal Killer","Shame","Writhe","Endless Agony+1","A Thousand Cuts","Prepared+1","Backflip+1","Backstab+1"],"special_seed":0,"relics":["Ring of the Snake","Smiling Mask","War Paint","Incense Burner","Dodecahedron","Pandora\u0027s Box","Red Mask","Kunai","Ancient Tea Set","Strawberry","Calling Bell","PreservedInsect","Pantograph","Nunchaku","Shuriken","Toxic Egg 2","Old Coin"],"potions_floor_usage":[50,50],"damage_taken":[{"damage":1.0,"enemies":"Cultist","floor":1.0,"turns":4.0},{"damage":1.0,"enemies":"2 Louse","floor":2.0,"turns":3.0},{"damage":0.0,"enemies":"Small Slimes","floor":3.0,"turns":5.0},{"damage":2.0,"enemies":"Exordium Thugs","floor":5.0,"turns":4.0},{"damage":23.0,"enemies":"Lagavulin","floor":6.0,"turns":7.0},{"damage":1.0,"enemies":"Lots of Slimes","floor":7.0,"turns":4.0},{"damage":7.0,"enemies":"Gremlin Nob","floor":8.0,"turns":3.0},{"damage":0.0,"enemies":"Large Slime","floor":10.0,"turns":4.0},{"damage":0.0,"enemies":"2 Fungi Beasts","floor":11.0,"turns":3.0},{"damage":3.0,"enemies":"Lots of Slimes","floor":12.0,"turns":3.0},{"damage":0.0,"enemies":"Large Slime","floor":13.0,"turns":3.0},{"damage":7.0,"enemies":"Exordium Thugs","floor":14.0,"turns":4.0},{"damage":39.0,"enemies":"The Guardian","floor":16.0,"turns":11.0},{"damage":11.0,"enemies":"Shell Parasite","floor":18.0,"turns":4.0},{"damage":0.0,"enemies":"3 Byrds","floor":19.0,"turns":5.0},{"damage":29.0,"enemies":"Masked Bandits","floor":20.0,"turns":5.0},{"damage":16.0,"enemies":"Snake Plant","floor":24.0,"turns":4.0},{"damage":23.0,"enemies":"Cultist and Chosen","floor":27.0,"turns":7.0},{"damage":1.0,"enemies":"Book of Stabbing","floor":28.0,"turns":5.0},{"damage":0.0,"enemies":"Centurion and Healer","floor":30.0,"turns":2.0},{"damage":7.0,"enemies":"Snecko","floor":31.0,"turns":5.0},{"damage":73.0,"enemies":"Collector","floor":33.0,"turns":8.0},{"damage":15.0,"enemies":"Orb Walker","floor":35.0,"turns":5.0},{"damage":58.0,"enemies":"3 Shapes","floor":38.0,"turns":4.0},{"damage":14.0,"enemies":"Jaw Worm Horde","floor":44.0,"turns":4.0},{"damage":0.0,"enemies":"3 Darklings","floor":46.0,"turns":4.0},{"damage":25.0,"enemies":"Nemesis","floor":47.0,"turns":3.0},{"damage":22.0,"enemies":"Spire Growth","floor":48.0,"turns":5.0},{"damage":51,"enemies":"Donu and Deca","floor":50,"turns":8}],"seed_played":"7086560874647236049","potions_obtained":[{"floor":2.0,"key":"EntropicBrew"},{"floor":7.0,"key":"Strength Potion"},{"floor":8.0,"key":"Energy Potion"},{"floor":13.0,"key":"SpeedPotion"},{"floor":14.0,"key":"FairyPotion"},{"floor":18.0,"key":"Regen Potion"},{"floor":28.0,"key":"Weak Potion"},{"floor":30.0,"key":"SpeedPotion"},{"floor":31.0,"key":"Explosive Potion"},{"floor":33.0,"key":"SteroidPotion"},{"floor":44.0,"key":"EssenceOfSteel"},{"floor":47.0,"key":"Explosive Potion"}],"is_trial":false,"path_per_floor":["M","M","M","$","M","E","M","E","T","M","M","M","M","M","R","B",null,"M","M","?","$","?","R","M","?","T","M","E","R","M","M","R","B",null,"M","$","?","M","?","R","$","R","T","M","R","M","E","M","R","B",null],"character_chosen":"THE_SILENT","items_purchased":["Choke","Cloak And Dagger","Kunai","Shuriken"],"campfire_rested":8,"item_purchase_floors":[4,4,21,36],"current_hp_per_floor":[69,68,68,68,66,43,42,35,35,35,35,32,32,25,46,7,70,59,59,30,30,17,39,37,37,37,14,20,44,44,37,61,6,82,67,67,67,9,9,32,32,55,55,41,64,64,39,17,40,14],"gold":394,"neow_bonus":"RANDOM_COMMON_RELIC","is_prod":false,"is_daily":false,"chose_seed":false,"campfire_upgraded":0,"win_rate":0,"timestamp":1549353119,"path_taken":["M","M","M","?","M","E","M","E","T","M","M","M","M","M","R","BOSS","M","M","?","$","?","R","M","?","T","?","E","R","?","M","R","BOSS","M","$","?","M","?","R","$","R","T","M","R","?","E","M","R","BOSS"],"build_version":"2019-01-23","purchased_purges":2,"victory":true,"max_hp_per_floor":[70,70,70,70,70,70,70,70,70,70,70,70,70,70,70,70,70,70,70,70,70,75,75,75,75,75,75,82,82,82,82,82,82,82,82,82,78,78,78,78,78,78,78,78,78,78,78,78,78,78],"card_choices":[{"not_picked":["Acrobatics","Slice"],"picked":"Blade Dance","floor":1.0},{"not_picked":["Prepared","Dodge and Roll"],"picked":"Backflip","floor":2.0},{"not_picked":["Endless Agony","Dagger Spray"],"picked":"Terror","floor":3.0},{"not_picked":["Outmaneuver","Cloak And Dagger"],"picked":"Finisher","floor":5.0},{"not_picked":["Malaise","Dodge and Roll"],"picked":"Deadly Poison","floor":6.0},{"not_picked":["PiercingWail","Bouncing Flask"],"picked":"Deflect","floor":7.0},{"not_picked":["Footwork","Predator"],"picked":"Flying Knee","floor":8.0},{"not_picked":["All Out Attack","Dodge and Roll"],"picked":"Prepared","floor":10.0},{"not_picked":["Concentrate","Prepared"],"picked":"Blade Dance","floor":11.0},{"not_picked":["Quick Slash","Acrobatics"],"picked":"Blade Dance","floor":12.0},{"not_picked":["Outmaneuver","Deadly Poison"],"picked":"Blade Dance","floor":13.0},{"not_picked":["Dash","Bane"],"picked":"Footwork","floor":14.0},{"not_picked":["Bullet Time","Die Die Die"],"picked":"After Image","floor":16.0},{"not_picked":["Slice","Sucker Punch+1"],"picked":"Deflect","floor":18.0},{"not_picked":["PiercingWail+1","Bane+1"],"picked":"Well Laid Plans","floor":19.0},{"not_picked":["Flying Knee","All Out Attack"],"picked":"Accuracy","floor":20.0},{"not_picked":["Caltrops","Flechettes"],"picked":"Choke","floor":24.0},{"not_picked":["Bane","Dodge and Roll+1"],"picked":"Blade Dance+1","floor":27.0},{"not_picked":["Masterful Stab","Eviscerate"],"picked":"Slice","floor":28.0},{"not_picked":["PiercingWail","Dagger Throw+1"],"picked":"Leg Sweep","floor":30.0},{"not_picked":["Outmaneuver","Dagger Throw"],"picked":"PiercingWail","floor":31.0},{"not_picked":["Storm of Steel","Doppelganger"],"picked":"Phantasmal Killer","floor":33.0},{"not_picked":["Reflex","Dagger Throw+1","Acrobatics+1"],"picked":"SKIP","floor":35.0},{"not_picked":["Dagger Spray+1","Flechettes"],"picked":"Endless Agony+1","floor":38.0},{"not_picked":["Deadly Poison+1","Deflect+1"],"picked":"A Thousand Cuts","floor":44.0},{"not_picked":["Reflex+1","Outmaneuver+1"],"picked":"Prepared+1","floor":46.0},{"not_picked":["Expertise+1","Leg Sweep+1"],"picked":"Backflip+1","floor":47.0},{"not_picked":["Masterful Stab","Die Die Die"],"picked":"Backstab+1","floor":48.0}],"player_experience":91750,"relics_obtained":[{"floor":6.0,"key":"War Paint"},{"floor":8.0,"key":"Incense Burner"},{"floor":9.0,"key":"Dodecahedron"},{"floor":20.0,"key":"Red Mask"},{"floor":26.0,"key":"Ancient Tea Set"},{"floor":28.0,"key":"Strawberry"},{"floor":34.0,"key":"PreservedInsect"},{"floor":34.0,"key":"Pantograph"},{"floor":34.0,"key":"Nunchaku"},{"floor":43.0,"key":"Toxic Egg 2"},{"floor":47.0,"key":"Old Coin"}],"event_choices":[{"damage_healed":0.0,"max_hp_gain":0.0,"max_hp_loss":0.0,"gold_gain":0.0,"event_name":"Masked Bandits","player_choice":"Fought Bandits","floor":20.0,"gold_loss":0.0,"damage_taken":0.0},{"damage_healed":0.0,"max_hp_gain":5.0,"max_hp_loss":0.0,"gold_gain":0.0,"event_name":"Forgotten Altar","player_choice":"Shed Blood","floor":22.0,"gold_loss":0.0,"damage_taken":18.0},{"damage_healed":0.0,"max_hp_gain":0.0,"max_hp_loss":0.0,"gold_gain":0.0,"event_name":"Duplicator","player_choice":"Copied","floor":25.0,"gold_loss":0.0,"damage_taken":0.0,"cards_obtained":["Adrenaline"]},{"damage_healed":0.0,"max_hp_gain":0.0,"max_hp_loss":4.0,"gold_gain":0.0,"event_name":"Winding Halls","player_choice":"Max HP","floor":37.0,"gold_loss":0.0,"damage_taken":0.0},{"damage_healed":0.0,"max_hp_gain":0.0,"max_hp_loss":0.0,"gold_gain":0.0,"event_name":"SecretPortal","player_choice":"Ignored","floor":39.0,"gold_loss":0.0,"damage_taken":0.0}],"is_beta":false,"boss_relics":[{"not_picked":["Black Star","Ring of the Serpent"],"picked":"Pandora\u0027s Box"},{"not_picked":["Fusion Hammer","HoveringKite"],"picked":"Calling Bell"}],"items_purged_floors":[21,36],"is_endless":false,"potions_floor_spawned":[2,7,8,13,14,18,28,30,31,33,44,47],"ascension_level":1}