{"gold_per_floor":[118,135,147,322,397,397,424,424,474,474,502,519,3,3,3,104,104,119,129,129,148,148,148,180,195,195,209,228,228,228,247,247,247],"floor_reached":33,"playtime":3283,"items_purged":["Doubt"],"score":443,"play_id":"41719c93-a46a-4fb3-84ae-b1a170bf7f58","local_time":"20181106210630","is_ascension_mode":true,"campfire_choices":[{"floor":6.0,"key":"REST"},{"floor":8.0,"key":"REST"},{"data":"A Thousand Cuts","floor":10.0,"key":"SMITH"},{"floor":15.0,"key":"REST"},{"floor":23.0,"key":"REST"},{"floor":30,"key":"REST"},{"floor":32,"key":"REST"}],"neow_cost":"PERCENT_DAMAGE","seed_source_timestamp":0,"circlet_count":0,"master_deck":["AscendersBane","Survivor","Neutralize","Backflip","Poisoned Stab","Infinite Blades","A Thousand Cuts+1","Cloak And Dagger","Cloak And Dagger","Burst","Deadly Poison","PiercingWail","Distraction","Bouncing Flask","PiercingWail","Prepared","Escape Plan","Deadly Poison","Crippling Poison","Leg Sweep+1","Backflip","Blade Dance","Decay","Cloak And Dagger","Backstab","Finisher","Calculated Gamble+1","Choke"],"special_seed":0,"relics":["Ring of the Snake","Mango","Bag of Marbles","PreservedInsect","Boot","Sundial","TheAbacus","Pandora\u0027s Box","Nilry\u0027s Codex","Oddly Smooth Stone","Blood Vial"],"potions_floor_usage":[28,28],"damage_taken":[{"damage":4.0,"enemies":"Small Slimes","floor":1.0,"turns":7.0},{"damage":13.0,"enemies":"Cultist","floor":2.0,"turns":7.0},{"damage":0.0,"enemies":"2 Louse","floor":3.0,"turns":3.0},{"damage":34.0,"enemies":"Lagavulin","floor":7.0,"turns":10.0},{"damage":15.0,"enemies":"3 Sentries","floor":11.0,"turns":6.0},{"damage":10.0,"enemies":"Gremlin Gang","floor":12.0,"turns":2.0},{"damage":22.0,"enemies":"Slime Boss","floor":16.0,"turns":8.0},{"damage":0.0,"enemies":"Spheric Guardian","floor":18.0,"turns":5.0},{"damage":24.0,"enemies":"Shell Parasite","floor":19.0,"turns":6.0},{"damage":11.0,"enemies":"Shelled Parasite and Fungi","floor":21.0,"turns":7.0},{"damage":13.0,"enemies":"Gremlin Leader","floor":24.0,"turns":6.0},{"damage":11.0,"enemies":"Snecko","floor":25.0,"turns":7.0},{"damage":0,"enemies":"Chosen and Byrds","floor":27,"turns":5},{"damage":15,"enemies":"Snake Plant","floor":28,"turns":4},{"damage":18,"enemies":"Centurion and Healer","floor":31,"turns":6},{"damage":46,"enemies":"Collector","floor":33,"turns":5}],"seed_played":"8940782718954532882","potions_obtained":[{"floor":2.0,"key":"SpeedPotion"},{"floor":3.0,"key":"Fire Potion"},{"floor":7.0,"key":"Explosive Potion"},{"floor":16.0,"key":"GhostInAJar"},{"floor":25.0,"key":"SkillPotion"},{"floor":27,"key":"GhostInAJar"},{"floor":28,"key":"Ancient Potion"}],"is_trial":false,"path_per_floor":["M","M","M","?","?","R","E","R","T","R","E","M","$","?","R","B","B",null,"M","M","?","M","?","R","E","M","T","M","M","?","R","M","R","B"],"character_chosen":"THE_SILENT","items_purchased":["Sundial","TheAbacus"],"campfire_rested":6,"item_purchase_floors":[13,13],"current_hp_per_floor":[55,42,42,42,31,56,22,47,47,47,32,22,22,22,47,25,69,69,45,29,18,18,43,30,19,19,21,8,8,33,17,42,0],"gold":247,"neow_bonus":"ONE_RARE_RELIC","is_prod":false,"is_daily":false,"chose_seed":false,"campfire_upgraded":1,"win_rate":0,"timestamp":1541556390,"path_taken":["M","M","M","?","?","R","E","R","T","R","E","M","$","?","R","BOSS","BOSS","M","M","?","M","?","R","E","M","T","?","M","?","R","M","R","BOSS"],"build_version":"2018-11-01","purchased_purges":1,"victory":false,"max_hp_per_floor":[84,84,84,84,84,84,84,84,84,84,84,84,84,84,84,84,84,84,84,84,84,84,84,84,84,84,84,84,84,84,84,84,84],"card_choices":[{"not_picked":["Escape Plan","Prepared"],"picked":"Backflip","floor":1.0},{"not_picked":["Prepared","All Out Attack"],"picked":"Poisoned Stab","floor":2.0},{"not_picked":["Acrobatics","Poisoned Stab"],"picked":"Infinite Blades","floor":3.0},{"not_picked":["Prepared","Doppelganger"],"picked":"A Thousand Cuts","floor":7.0},{"not_picked":["Deflect","Finisher"],"picked":"Cloak And Dagger","floor":11.0},{"not_picked":["Poisoned Stab","Deflect"],"picked":"Cloak And Dagger","floor":12.0},{"not_picked":["Grand Finale","Wraith Form v2"],"picked":"Burst","floor":16.0},{"not_picked":["PiercingWail","Underhanded Strike"],"picked":"Leg Sweep+1","floor":18.0},{"not_picked":["Outmaneuver","Quick Slash"],"picked":"Backflip","floor":19.0},{"not_picked":["Dagger Spray","Outmaneuver"],"picked":"Blade Dance","floor":21.0},{"not_picked":["Blade Dance","Doppelganger"],"picked":"Cloak And Dagger","floor":24.0},{"not_picked":["Deflect","Prepared"],"picked":"Backstab","floor":25.0},{"not_picked":["Underhanded Strike","Caltrops"],"picked":"Finisher","floor":27},{"not_picked":["Slice","Backflip"],"picked":"Calculated Gamble+1","floor":28},{"not_picked":["PiercingWail","Tactician"],"picked":"Choke","floor":31}],"player_experience":708841,"relics_obtained":[{"floor":7.0,"key":"Bag of Marbles"},{"floor":9.0,"key":"PreservedInsect"},{"floor":11.0,"key":"Boot"},{"floor":20.0,"key":"Nilry\u0027s Codex"},{"floor":24.0,"key":"Oddly Smooth Stone"},{"floor":26,"key":"Blood Vial"}],"event_choices":[{"damage_healed":0.0,"max_hp_gain":0.0,"max_hp_loss":0.0,"gold_gain":175.0,"event_name":"Liars Game","player_choice":"AGREE","floor":4.0,"gold_loss":0.0,"damage_taken":0.0,"cards_obtained":["Doubt"]},{"damage_healed":0.0,"max_hp_gain":0.0,"max_hp_loss":0.0,"gold_gain":75.0,"event_name":"World of Goop","player_choice":"Gather Gold","floor":5.0,"gold_loss":0.0,"damage_taken":11.0},{"cards_removed":["Defend_G"],"damage_healed":0.0,"max_hp_gain":0.0,"max_hp_loss":0.0,"gold_gain":0.0,"event_name":"Wheel of Change","player_choice":"Card Removal","floor":14.0,"gold_loss":0.0,"damage_taken":0.0},{"damage_healed":0.0,"max_hp_gain":0.0,"max_hp_loss":0.0,"gold_gain":0.0,"event_name":"Cursed Tome","player_choice":"Obtained Book","floor":20.0,"gold_loss":0.0,"damage_taken":16.0},{"damage_healed":0.0,"max_hp_gain":0.0,"max_hp_loss":0.0,"gold_gain":0.0,"event_name":"Wheel of Change","player_choice":"Cursed","floor":22.0,"gold_loss":0.0,"damage_taken":0.0,"cards_obtained":["Decay"]},{"damage_healed":0,"gold_gain":0,"player_choice":"Ignored","damage_taken":0,"max_hp_gain":0,"max_hp_loss":0,"event_name":"Ghosts","floor":29,"gold_loss":0}],"is_beta":false,"boss_relics":[{"not_picked":["Tiny House","Busted Crown"],"picked":"Pandora\u0027s Box"}],"items_purged_floors":[13],"is_endless":false,"potions_floor_spawned":[2,3,7,11,16,25,27,28],"killed_by":"Collector","ascension_level":12}