{"gold_per_floor":[19,30,40,54,4,4,36,36,36,61,72,134,134,145,145,241,241,256,256,272,282,30,61,76,99,99,115,147,159,187,224,236,351,363,385,408,432,444,13,39,52,71,71,71,71,96,109,124,124,124,124,124,2,29,29],"floor_reached":56,"playtime":3221,"items_purged":["Strike_B"],"score":1233,"play_id":"4471ab7a-a3c6-470a-8947-7fd8f800fbc7","local_time":"20190121231133","is_ascension_mode":false,"campfire_choices":[{"floor":13,"key":"REST"},{"data":"Zap","floor":15,"key":"SMITH"},{"data":"Defragment","floor":32,"key":"SMITH"},{"data":"Chill","floor":44,"key":"SMITH"},{"floor":49,"key":"RECALL"},{"data":"Seek","floor":52,"key":"SMITH"}],"neow_cost":"NO_GOLD","seed_source_timestamp":357801191092277,"circlet_count":0,"master_deck":["Defend_B","Defend_B","Defend_B","Defend_B","Zap+1","Dualcast","Ball Lightning+1","Genetic Algorithm","Conserve Battery","Cold Snap","Electrodynamics","Ball Lightning","Coolheaded","Auto Shields","Seek+1","Defragment+1","Static Discharge","BootSequence","Conserve Battery","Static Discharge+1","Thunder Strike+1","Consume+1","Double Energy+1","Coolheaded+1","Leap+1","Go for the Eyes+1","Hologram+1","Capacitor","Chill+1","Capacitor","Glacier"],"relics":["Cracked Core","Torii","Pantograph","Mercury Hourglass","The Courier","Orrery","Ancient Tea Set","Centennial Puzzle","DataDisk","MawBank","Nunchaku","Astrolabe","Bronze Scales","Bottled Lightning","Whetstone","PreservedInsect","Dodecahedron","Strawberry","Orichalcum","Lantern","Art of War"],"potions_floor_usage":[7,21,23,27,33,46,46,55,55,55],"damage_taken":[{"damage":1,"enemies":"Cultist","floor":1,"turns":3},{"damage":7,"enemies":"2 Louse","floor":2,"turns":3},{"damage":6,"enemies":"Jaw Worm","floor":3,"turns":2},{"damage":16,"enemies":"Exordium Wildlife","floor":4,"turns":3},{"damage":20,"enemies":"Gremlin Nob","floor":7,"turns":4},{"damage":26,"enemies":"Lagavulin","floor":10,"turns":6},{"damage":1,"enemies":"2 Fungi Beasts","floor":11,"turns":3},{"damage":0,"enemies":"Large Slime","floor":14,"turns":3},{"damage":1,"enemies":"The Guardian","floor":16,"turns":10},{"damage":21,"enemies":"2 Thieves","floor":18,"turns":3},{"damage":1,"enemies":"Spheric Guardian","floor":20,"turns":3},{"damage":1,"enemies":"3 Cultists","floor":21,"turns":3},{"damage":10,"enemies":"Gremlin Leader","floor":23,"turns":5},{"damage":9,"enemies":"Shelled Parasite and Fungi","floor":24,"turns":8},{"damage":2,"enemies":"Sentry and Sphere","floor":27,"turns":4},{"damage":2,"enemies":"Slavers","floor":28,"turns":3},{"damage":2,"enemies":"Snake Plant","floor":30,"turns":3},{"damage":17,"enemies":"Gremlin Leader","floor":31,"turns":5},{"damage":22,"enemies":"Collector","floor":33,"turns":7},{"damage":18,"enemies":"3 Darklings","floor":35,"turns":3},{"damage":1,"enemies":"Orb Walker","floor":36,"turns":4},{"damage":2,"enemies":"Spire Growth","floor":37,"turns":6},{"damage":19,"enemies":"Giant Head","floor":40,"turns":9},{"damage":9,"enemies":"3 Darklings","floor":41,"turns":2},{"damage":1,"enemies":"4 Shapes","floor":42,"turns":2},{"damage":7,"enemies":"Reptomancer","floor":46,"turns":6},{"damage":0,"enemies":"Jaw Worm Horde","floor":47,"turns":3},{"damage":13,"enemies":"Spire Growth","floor":48,"turns":5},{"damage":38,"enemies":"Awakened One","floor":50,"turns":13},{"damage":27,"enemies":"Shield and Spear","floor":54,"turns":5},{"damage":59,"enemies":"The Heart","floor":55,"turns":6}],"seed_played":"5248466769111529034","potions_obtained":[{"floor":3,"key":"Regen Potion"},{"floor":7,"key":"Poison Potion"},{"floor":16,"key":"Regen Potion"},{"floor":18,"key":"FocusPotion"},{"floor":24,"key":"Fire Potion"},{"floor":29,"key":"Regen Potion"},{"floor":29,"key":"Strength Potion"},{"floor":30,"key":"GamblersBrew"},{"floor":33,"key":"EssenceOfSteel"},{"floor":37,"key":"FocusPotion"},{"floor":47,"key":"SkillPotion"},{"floor":48,"key":"GamblersBrew"}],"is_trial":false,"path_per_floor":["M","M","M","M","?","?","E","$","T","E","M","?","R","M","R","B",null,"M","?","M","M","$","E","M","T","T","M","E","?","M","E","R","B",null,"M","M","M","?","$","E","M","M","T","R","T","E","M","M","R","B",null,"R","$","E","B",null],"character_chosen":"DEFECT","items_purchased":["Ancient Tea Set","Defragment","Bronze Scales","Bottled Lightning","Whetstone","Lantern"],"campfire_rested":1,"item_purchase_floors":[22,22,39,39,39,53],"current_hp_per_floor":[74,67,61,45,45,45,37,37,37,11,10,10,32,32,32,56,75,54,75,74,73,73,63,54,54,54,52,50,50,48,31,31,34,75,57,56,54,54,54,35,26,25,25,25,32,65,65,52,52,39,82,82,82,55,21],"gold":29,"neow_bonus":"ONE_RARE_RELIC","is_prod":false,"is_daily":false,"chose_seed":false,"campfire_upgraded":4,"win_rate":0,"timestamp":1548141093,"path_taken":["M","M","?","M","?","?","E","?","T","E","M","?","R","M","R","BOSS","M","?","M","M","$","E","M","?","T","M","E","?","M","E","R","BOSS","M","M","?","?","$","E","M","M","T","R","?","E","M","M","R","BOSS","R","$","E","BOSS"],"build_version":"2019-01-17v2","purchased_purges":1,"victory":true,"max_hp_per_floor":[75,75,75,75,75,75,75,75,75,75,75,75,75,75,75,75,75,75,75,75,75,75,75,75,75,75,75,75,75,75,75,75,75,75,75,75,75,75,75,75,75,75,75,75,82,82,82,82,82,82,82,82,82,82,82],"card_choices":[{"not_picked":["Gash","Hologram","Turbo"],"picked":"SKIP","floor":1},{"not_picked":["Redo","Scrape","Hologram"],"picked":"SKIP","floor":2},{"not_picked":["Recycle","Redo"],"picked":"Ball Lightning","floor":3},{"not_picked":["Seek","Hologram"],"picked":"Genetic Algorithm","floor":4},{"not_picked":["Barrage","Gash"],"picked":"Doom and Gloom","floor":7},{"not_picked":["Stack","Recycle"],"picked":"Conserve Battery","floor":10},{"not_picked":["Beam Cell","Self Repair"],"picked":"Cold Snap","floor":11},{"not_picked":["Scrape","Barrage","Darkness"],"picked":"SKIP","floor":14},{"not_picked":["Amplify","Machine Learning"],"picked":"Electrodynamics","floor":16},{"not_picked":["Redo","Barrage"],"picked":"Ball Lightning","floor":17},{"not_picked":["Stack","Chaos"],"picked":"Coolheaded","floor":17},{"not_picked":["Rebound","Redo"],"picked":"Auto Shields","floor":17},{"not_picked":["Redo","Sweeping Beam"],"picked":"Seek","floor":18},{"not_picked":["Barrage","Rebound","Ball Lightning+1"],"picked":"SKIP","floor":20},{"not_picked":["Steam Power","Ball Lightning+1","Buffer"],"picked":"SKIP","floor":21},{"not_picked":["Steam","Recycle+1"],"picked":"Static Discharge","floor":23},{"not_picked":["Storm","Heatsinks"],"picked":"BootSequence","floor":24},{"not_picked":["Turbo","Streamline"],"picked":"Conserve Battery","floor":27},{"not_picked":["Barrage","Ball Lightning","Coolheaded"],"picked":"SKIP","floor":28},{"not_picked":["Gash","Recycle","Sweeping Beam"],"picked":"SKIP","floor":30},{"not_picked":["Hologram","Conserve Battery"],"picked":"Static Discharge+1","floor":31},{"not_picked":["Rainbow","Core Surge"],"picked":"Thunder Strike","floor":33},{"not_picked":["Go for the Eyes","Steam+1"],"picked":"Leap+1","floor":35},{"not_picked":["Ball Lightning+1","Coolheaded"],"picked":"Go for the Eyes+1","floor":36},{"not_picked":["Rebound","Go for the Eyes"],"picked":"Hologram+1","floor":37},{"not_picked":["Gash+1","Leap","Steam"],"picked":"SKIP","floor":40},{"not_picked":["Turbo","Sweeping Beam"],"picked":"Capacitor","floor":41},{"not_picked":["Barrage","Melter"],"picked":"Chill","floor":42},{"not_picked":["BootSequence","Sweeping Beam","Heatsinks"],"picked":"SKIP","floor":46},{"not_picked":["Consume+1","Loop+1","Cold Snap"],"picked":"SKIP","floor":47},{"not_picked":["Leap","Rip and Tear+1"],"picked":"Capacitor","floor":48},{"not_picked":["Auto Shields","Steam+1"],"picked":"Glacier","floor":54}],"player_experience":243595,"relics_obtained":[{"floor":7,"key":"Pantograph"},{"floor":9,"key":"Mercury Hourglass"},{"floor":10,"key":"The Courier"},{"floor":23,"key":"Centennial Puzzle"},{"floor":25,"key":"DataDisk"},{"floor":28,"key":"MawBank"},{"floor":31,"key":"Nunchaku"},{"floor":40,"key":"PreservedInsect"},{"floor":43,"key":"Dodecahedron"},{"floor":45,"key":"Strawberry"},{"floor":46,"key":"Orichalcum"},{"floor":54,"key":"Art of War"}],"event_choices":[{"damage_healed":0,"gold_gain":0,"player_choice":"Left Gold","damage_taken":0,"max_hp_gain":0,"max_hp_loss":0,"event_name":"World of Goop","floor":5,"gold_loss":50},{"damage_healed":0,"gold_gain":0,"player_choice":"Ignored","damage_taken":0,"max_hp_gain":0,"max_hp_loss":0,"event_name":"Shining Light","floor":6,"gold_loss":0},{"damage_healed":0,"gold_gain":62,"player_choice":"Gained Gold","damage_taken":0,"max_hp_gain":0,"max_hp_loss":0,"event_name":"Golden Wing","floor":12,"gold_loss":0},{"damage_healed":25,"gold_gain":0,"player_choice":"Heal","damage_taken":0,"max_hp_gain":0,"max_hp_loss":0,"event_name":"The Library","floor":19,"gold_loss":0},{"damage_healed":0,"gold_gain":0,"player_choice":"Got Potions","damage_taken":0,"max_hp_gain":0,"max_hp_loss":0,"event_name":"Lab","floor":29,"gold_loss":0},{"cards_removed":["Doom and Gloom"],"damage_healed":0,"gold_gain":0,"player_choice":"Removed Attack","damage_taken":0,"max_hp_gain":0,"max_hp_loss":0,"event_name":"Falling","floor":38,"gold_loss":0}],"is_beta":false,"boss_relics":[{"not_picked":["Philosopher\u0027s Stone","Pandora\u0027s Box"],"picked":"Orrery"},{"not_picked":["Coffee Dripper","Runic Dome"],"picked":"Astrolabe"}],"items_purged_floors":[22],"is_endless":false,"potions_floor_spawned":[3,7,16,18,24,30,31,33,35,37,47,48],"ascension_level":0}