{"gold_per_floor":[366,13,46,88,158,158,146,206,206,239,239,259,259,259],"floor_reached":14,"playtime":1288,"items_purged":["Strike_G"],"score":113,"play_id":"a7dea4cd-3e95-4bab-857c-ceb6456f5145","local_time":"20180921215613","is_ascension_mode":true,"campfire_choices":[{"floor":6,"key":"REST"},{"floor":11,"key":"REST"}],"neow_cost":"PERCENT_DAMAGE","seed_source_timestamp":365936404909,"circlet_count":0,"master_deck":["Defend_G","Defend_G","Defend_G","Defend_G","Defend_G","Strike_G","Strike_G","Strike_G","Strike_G","Survivor","Neutralize","PiercingWail","HandOfGreed","Cloak And Dagger","Outmaneuver","Quick Slash","Outmaneuver","Calculated Gamble","Blade Dance","Die Die Die","Deflect","Deadly Poison","Sucker Punch","Dodge and Roll"],"relics":["Ring of the Snake","Peace Pipe","Prayer Wheel"],"potions_floor_usage":[8],"damage_taken":[{"damage":1,"enemies":"Cultist","floor":1,"turns":3},{"damage":7,"enemies":"Jaw Worm","floor":3,"turns":6},{"damage":0,"enemies":"2 Louse","floor":4,"turns":4},{"damage":16,"enemies":"Lots of Slimes","floor":5,"turns":15},{"damage":13,"enemies":"Exordium Thugs","floor":7,"turns":6},{"damage":44,"enemies":"3 Sentries","floor":8,"turns":13},{"damage":0,"enemies":"3 Louse","floor":10,"turns":5},{"damage":6,"enemies":"Large Slime","floor":12,"turns":9},{"damage":68,"enemies":"Gremlin Nob","floor":14,"turns":5}],"seed_played":"-5968974061709790634","potions_obtained":[{"floor":7,"key":"Regen Potion"},{"floor":10,"key":"Ancient Potion"},{"floor":12,"key":"FearPotion"}],"is_trial":false,"path_per_floor":["M","$","M","M","M","R","M","E","T","M","R","M","?"],"character_chosen":"THE_SILENT","items_purchased":["HandOfGreed","Cloak And Dagger","Outmaneuver"],"campfire_rested":2,"item_purchase_floors":[2,2,2],"current_hp_per_floor":[48,48,41,41,25,46,33,4,4,4,25,19,42,0],"gold":259,"neow_bonus":"TWO_FIFTY_GOLD","is_prod":false,"is_daily":false,"chose_seed":false,"campfire_upgraded":0,"win_rate":0,"timestamp":1537581373,"path_taken":["M","$","?","M","M","R","M","E","T","M","R","M","?","E"],"build_version":"2018-09-20","purchased_purges":1,"victory":false,"max_hp_per_floor":[70,70,70,70,70,70,70,70,70,70,70,70,70,70],"card_choices":[{"not_picked":["Dodge and Roll","Choke"],"picked":"PiercingWail","floor":1},{"not_picked":["Underhanded Strike","Deflect"],"picked":"Quick Slash","floor":3},{"not_picked":["Tactician","Bane"],"picked":"Outmaneuver","floor":4},{"not_picked":["Eviscerate","Outmaneuver"],"picked":"Calculated Gamble","floor":5},{"not_picked":["Flying Knee","Heel Hook"],"picked":"Blade Dance","floor":7},{"not_picked":["Distraction","Dodge and Roll"],"picked":"Die Die Die","floor":8},{"not_picked":["Underhanded Strike","PiercingWail"],"picked":"Deflect","floor":10},{"not_picked":["Caltrops","Choke"],"picked":"Deadly Poison","floor":10},{"not_picked":["Quick Slash","Cloak And Dagger"],"picked":"Sucker Punch","floor":12},{"not_picked":["Underhanded Strike","Quick Slash"],"picked":"Dodge and Roll","floor":12}],"player_experience":456983,"relics_obtained":[{"floor":8,"key":"Peace Pipe"},{"floor":9,"key":"Prayer Wheel"}],"event_choices":[{"event_name":"Big Fish","player_choice":"Banana","floor":13,"damage_taken":0}],"is_beta":false,"boss_relics":[],"items_purged_floors":[2],"is_endless":false,"potions_floor_spawned":[7,10,12],"killed_by":"Gremlin Nob","ascension_level":4}