{"gold_per_floor":[112,112,62,42,55,55,89,89,113,132,132,160,160,33,33,133,133,148,158,158,158,158,158,169,186,209,209,35,35,68,167,167,262,262,276,276,276,276,59,59,71,98,125,125,139,139],"floor_reached":46,"playtime":1728,"items_purged":["Strike_G"],"score":718,"play_id":"933ebcb5-1e87-47bb-9dc9-ba1ac66b49f1","local_time":"20190107194004","is_ascension_mode":true,"campfire_choices":[{"data":"Neutralize","floor":6,"key":"SMITH"},{"data":"Well Laid Plans","floor":8,"key":"SMITH"},{"data":"Cloak And Dagger","floor":11,"key":"SMITH"},{"data":"Poisoned Stab","floor":15,"key":"SMITH"},{"floor":23,"key":"REST"},{"data":"Footwork","floor":27,"key":"SMITH"},{"data":"Malaise","floor":29,"key":"SMITH"},{"floor":32,"key":"REST"},{"data":"The Bomb","floor":40,"key":"SMITH"},{"floor":44,"key":"REST"}],"neow_cost":"NONE","seed_source_timestamp":253102447648689,"circlet_count":0,"master_deck":["Defend_G+1","Defend_G+1","Defend_G+1","Strike_G+1","Strike_G+1","Strike_G+1","Strike_G+1","Survivor","Neutralize+1","Cloak And Dagger+1","Flying Knee","Well Laid Plans+1","Backstab","Dash","Poisoned Stab+1","Corpse Explosion","Footwork+1","Acrobatics+1","Riddle With Holes+1","Footwork","Malaise+1","Dagger Spray","Bullet Time","Acrobatics+1","Deflect","Well Laid Plans+1","Setup","Night Terror","The Bomb+1","Footwork","Infinite Blades+1","Distraction"],"relics":["Ring of the Snake","NeowsBlessing","Mercury Hourglass","Orichalcum","Centennial Puzzle","Sozu","Juzu Bracelet","Ninja Scroll","Orrery","Art of War","Happy Flower"],"potions_floor_usage":[12,33,45,46],"damage_taken":[{"damage":0,"enemies":"Small Slimes","floor":1,"turns":1},{"damage":0,"enemies":"2 Louse","floor":5,"turns":1},{"damage":0,"enemies":"Gremlin Nob","floor":7,"turns":1},{"damage":0,"enemies":"Cultist","floor":10,"turns":3},{"damage":4,"enemies":"3 Sentries","floor":12,"turns":6},{"damage":66,"enemies":"Slime Boss","floor":16,"turns":12},{"damage":14,"enemies":"2 Thieves","floor":18,"turns":2},{"damage":2,"enemies":"Shell Parasite","floor":19,"turns":4},{"damage":2,"enemies":"Cultist and Chosen","floor":24,"turns":3},{"damage":0,"enemies":"3 Cultists","floor":25,"turns":2},{"damage":1,"enemies":"Book of Stabbing","floor":30,"turns":7},{"damage":19,"enemies":"Automaton","floor":33,"turns":11},{"damage":3,"enemies":"Orb Walker","floor":35,"turns":3},{"damage":5,"enemies":"3 Shapes","floor":41,"turns":5},{"damage":46,"enemies":"Reptomancer","floor":42,"turns":11},{"damage":34,"enemies":"Spire Growth","floor":45,"turns":6},{"damage":13,"enemies":"3 Darklings","floor":46,"turns":2}],"seed_played":"-2256867424352418313","potions_obtained":[{"floor":4,"key":"Explosive Potion"},{"floor":7,"key":"Energy Potion"},{"floor":10,"key":"SteroidPotion"},{"floor":13,"key":"FairyPotion"},{"floor":13,"key":"Regen Potion"},{"floor":16,"key":"EssenceOfSteel"}],"is_trial":false,"path_per_floor":["M","?","?","?","M","R","E","R","T","M","R","E","?","$","R","B",null,"M","M","?","?","?","R","M","M","T","R","$","R","E","?","R","B",null,"M","?","?","?","$","R","M","E","T","R","M","M"],"character_chosen":"THE_SILENT","items_purchased":["Poisoned Stab","Footwork","Malaise","The Bomb","Footwork"],"campfire_rested":3,"item_purchase_floors":[14,28,28,39,39],"current_hp_per_floor":[63,63,63,63,63,63,63,63,63,63,63,59,59,59,59,7,54,40,38,38,25,30,52,50,50,50,50,50,50,49,49,71,52,69,66,66,66,66,66,66,61,15,15,36,2,0],"gold":139,"neow_bonus":"THREE_ENEMY_KILL","is_prod":false,"is_daily":false,"chose_seed":false,"campfire_upgraded":7,"win_rate":0,"timestamp":1546908004,"path_taken":["M","?","?","?","?","R","E","R","T","M","R","E","?","?","R","BOSS","M","M","?","?","?","R","M","M","T","R","$","R","E","?","R","BOSS","M","?","?","?","$","R","M","E","T","R","M","M"],"build_version":"2019-01-03v4","purchased_purges":1,"victory":false,"max_hp_per_floor":[70,70,70,70,70,70,70,70,70,70,70,70,70,70,70,70,70,70,70,70,75,75,75,75,75,75,75,75,75,75,75,75,75,75,75,75,75,71,71,71,71,71,71,71,71,71],"card_choices":[{"not_picked":["PiercingWail","Bane"],"picked":"Cloak And Dagger","floor":1},{"not_picked":["PiercingWail","Venomology"],"picked":"Flying Knee","floor":5},{"not_picked":["Catalyst","Infinite Blades"],"picked":"Well Laid Plans","floor":7},{"not_picked":["Backflip","Masterful Stab"],"picked":"Backstab","floor":10},{"not_picked":["Distraction","Underhanded Strike"],"picked":"Dash","floor":12},{"not_picked":["Glass Knife","Doppelganger"],"picked":"Corpse Explosion","floor":16},{"not_picked":["Dagger Spray+1","Slice"],"picked":"Footwork","floor":18},{"not_picked":["Flying Knee","Prepared"],"picked":"Deadly Poison","floor":19},{"not_picked":["Concentrate","Flying Knee"],"picked":"Acrobatics+1","floor":24},{"not_picked":["Well Laid Plans","Underhanded Strike"],"picked":"Riddle With Holes+1","floor":25},{"not_picked":["Doppelganger","Dagger Throw"],"picked":"Dagger Spray","floor":30},{"not_picked":["Unload","Wraith Form v2"],"picked":"Bullet Time","floor":33},{"not_picked":["Outmaneuver","Blade Dance"],"picked":"Acrobatics+1","floor":34},{"not_picked":["Dagger Throw","Acrobatics"],"picked":"Deflect","floor":34},{"not_picked":["Flying Knee","Deflect"],"picked":"Well Laid Plans+1","floor":34},{"not_picked":["Acrobatics","Slice"],"picked":"Setup","floor":34},{"not_picked":["Endless Agony","Deflect"],"picked":"Night Terror","floor":34},{"not_picked":["Underhanded Strike+1","Slice","Poisoned Stab"],"picked":"SKIP","floor":35},{"not_picked":["Endless Agony+1","Well Laid Plans+1","Infinite Blades"],"picked":"SKIP","floor":41},{"not_picked":["Footwork","Outmaneuver"],"picked":"Infinite Blades+1","floor":42},{"not_picked":["Bouncing Flask","Outmaneuver"],"picked":"Distraction","floor":45}],"player_experience":516933,"relics_obtained":[{"floor":7,"key":"Mercury Hourglass"},{"floor":9,"key":"Orichalcum"},{"floor":12,"key":"Centennial Puzzle"},{"floor":26,"key":"Juzu Bracelet"},{"floor":30,"key":"Ninja Scroll"},{"floor":42,"key":"Art of War"},{"floor":43,"key":"Happy Flower"}],"event_choices":[{"damage_healed":0,"gold_gain":0,"player_choice":"Ignored","damage_taken":0,"max_hp_gain":0,"max_hp_loss":0,"event_name":"Liars Game","floor":2,"gold_loss":0},{"cards_removed":["Defend_G"],"damage_healed":0,"gold_gain":0,"player_choice":"Card Removal","damage_taken":0,"max_hp_gain":0,"max_hp_loss":0,"event_name":"The Cleric","floor":3,"gold_loss":50},{"damage_healed":0,"gold_gain":0,"player_choice":"Bought 1 Potion","damage_taken":0,"max_hp_gain":0,"max_hp_loss":0,"event_name":"The Woman in Blue","floor":4,"gold_loss":0},{"damage_healed":0,"gold_gain":0,"player_choice":"Got Potions","damage_taken":0,"max_hp_gain":0,"max_hp_loss":0,"event_name":"Lab","floor":13,"gold_loss":0},{"damage_healed":0,"gold_gain":0,"player_choice":"Simplicity","damage_taken":0,"max_hp_gain":0,"max_hp_loss":0,"event_name":"Back to Basics","floor":20,"gold_loss":0,"cards_upgraded":["Defend_G","Defend_G","Defend_G","Defend_G","Strike_G","Strike_G","Strike_G","Strike_G"]},{"damage_healed":0,"gold_gain":0,"player_choice":"Shed Blood","damage_taken":18,"max_hp_gain":5,"max_hp_loss":0,"event_name":"Forgotten Altar","floor":21,"gold_loss":0},{"cards_removed":["Deadly Poison"],"damage_healed":5,"gold_gain":0,"player_choice":"Offered Common","damage_taken":0,"max_hp_gain":0,"max_hp_loss":0,"event_name":"Bonfire Elementals","floor":22,"gold_loss":0},{"cards_removed":["Deadly Poison"],"damage_healed":5,"gold_gain":0,"player_choice":"Offered Special","damage_taken":0,"max_hp_gain":0,"max_hp_loss":0,"event_name":"Bonfire Elementals","floor":22,"gold_loss":0},{"damage_healed":0,"gold_gain":99,"player_choice":"Stole From Cult","damage_taken":0,"max_hp_gain":0,"max_hp_loss":0,"event_name":"Nest","floor":31,"gold_loss":0},{"cards_removed":["Defend_G"],"damage_healed":0,"gold_gain":0,"player_choice":"Removed Skill","damage_taken":0,"max_hp_gain":0,"max_hp_loss":0,"event_name":"Falling","floor":36,"gold_loss":0},{"damage_healed":0,"gold_gain":0,"player_choice":"Ignored","damage_taken":0,"max_hp_gain":0,"max_hp_loss":0,"event_name":"Mysterious Sphere","floor":37,"gold_loss":0},{"damage_healed":0,"gold_gain":0,"player_choice":"Max HP","damage_taken":0,"max_hp_gain":0,"max_hp_loss":4,"event_name":"Winding Halls","floor":38,"gold_loss":0}],"is_beta":true,"boss_relics":[{"not_picked":["Empty Cage","Calling Bell"],"picked":"Sozu"},{"not_picked":["HoveringKite","Pandora\u0027s Box"],"picked":"Orrery"}],"items_purged_floors":[14],"is_endless":false,"potions_floor_spawned":[7,10,16,19,30,35,41,45],"killed_by":"3 Darklings","ascension_level":9}