{"gold_per_floor":[212,70,70,94,110,110,141,103,103,136,136,157,195,214,214,338,338,354,230,155,155,178,218,234,252,275,275,275,293,293],"floor_reached":30,"playtime":2397,"items_purged":["Strike_R","Strike_R"],"score":297,"play_id":"4d73d652-6d23-48e6-b2b7-ae629c939062","local_time":"20190211120358","is_ascension_mode":true,"campfire_choices":[{"data":"Bash","floor":6.0,"key":"SMITH"},{"data":"Inflame","floor":11.0,"key":"SMITH"},{"data":"Limit Break","floor":15.0,"key":"SMITH"},{"floor":28,"key":"REST"}],"neow_cost":"NONE","seed_source_timestamp":207890998240456,"circlet_count":0,"master_deck":["Strike_R","Defend_R","Defend_R","Defend_R","Defend_R","Bash+1","Sword Boomerang","Inflame+1","Heavy Blade","Body Slam","Cleave","Shockwave","Burning Pact","Iron Wave","Limit Break+1","Uppercut","Feed","Whirlwind","Power Through","Disarm","Feel No Pain+1","Shrug It Off","Writhe","Headbutt","True Grit+1","Seeing Red","Reaper"],"special_seed":0,"relics":["Burning Blood","Golden Idol","Pear","Orichalcum","Incense Burner","Regal Pillow","Orrery","Shuriken","Frozen Egg 2","Centennial Puzzle"],"potions_floor_usage":[24,25,25],"damage_taken":[{"damage":13.0,"enemies":"Jaw Worm","floor":1.0,"turns":4.0},{"damage":0.0,"enemies":"2 Louse","floor":4.0,"turns":2.0},{"damage":5.0,"enemies":"Small Slimes","floor":5.0,"turns":3.0},{"damage":15.0,"enemies":"Gremlin Nob","floor":7.0,"turns":4.0},{"damage":15.0,"enemies":"3 Sentries","floor":10.0,"turns":5.0},{"damage":4.0,"enemies":"2 Fungi Beasts","floor":12.0,"turns":3.0},{"damage":16.0,"enemies":"Lagavulin","floor":13.0,"turns":7.0},{"damage":10.0,"enemies":"Gremlin Gang","floor":14.0,"turns":3.0},{"damage":20.0,"enemies":"The Guardian","floor":16.0,"turns":9.0},{"damage":8.0,"enemies":"Chosen","floor":18.0,"turns":5.0},{"damage":0.0,"enemies":"3 Byrds","floor":22.0,"turns":5.0},{"damage":87,"enemies":"Gremlin Leader","floor":23,"turns":10},{"damage":19,"enemies":"Cultist and Chosen","floor":24,"turns":9},{"damage":8,"enemies":"Snake Plant","floor":25,"turns":7},{"damage":2,"enemies":"Snecko","floor":29,"turns":6},{"damage":62,"enemies":"Slavers","floor":30,"turns":7}],"seed_played":"-667315049466173029","potions_obtained":[{"floor":5.0,"key":"Dexterity Potion"},{"floor":12.0,"key":"FairyPotion"},{"floor":13.0,"key":"EssenceOfSteel"},{"floor":18.0,"key":"Regen Potion"},{"floor":24,"key":"Energy Potion"},{"floor":29,"key":"LiquidBronze"}],"is_trial":false,"path_per_floor":["M","$","?","M","M","R","E","$","T","E","R","M","E","M","R","B",null,"M","$","?","?","M","E","M","M","T","?","R","M","E"],"character_chosen":"IRONCLAD","items_purchased":["Inflame","Shockwave","Shrug It Off"],"campfire_rested":1,"item_purchase_floors":[2,8,19],"current_hp_per_floor":[73,73,53,59,60,60,61,61,61,52,52,54,44,40,40,26,90,91,91,91,91,93,12,14,12,12,12,54,58,0],"gold":293,"neow_bonus":"HUNDRED_GOLD","is_prod":false,"is_daily":false,"chose_seed":false,"campfire_upgraded":3,"win_rate":0,"timestamp":1549883038,"path_taken":["M","$","?","M","M","R","E","$","T","E","R","M","E","M","R","BOSS","M","$","?","?","M","E","M","M","T","?","R","M","E"],"build_version":"2019-01-23","purchased_purges":2,"victory":false,"max_hp_per_floor":[80,80,80,80,80,80,90,90,90,90,90,90,90,90,90,90,90,93,93,93,93,93,93,93,93,93,93,93,93,93],"card_choices":[{"not_picked":["Sever Soul","Rage"],"picked":"Sword Boomerang","floor":1.0},{"not_picked":["Blood for Blood","Warcry"],"picked":"Heavy Blade","floor":4.0},{"not_picked":["Clash","Wild Strike"],"picked":"Body Slam","floor":5.0},{"not_picked":["Intimidate","Bloodletting"],"picked":"Cleave","floor":7.0},{"not_picked":["Combust","Body Slam"],"picked":"Burning Pact","floor":10.0},{"not_picked":["Pommel Strike","Twin Strike"],"picked":"Iron Wave","floor":12.0},{"not_picked":["Reaper","Pommel Strike"],"picked":"Limit Break","floor":13.0},{"not_picked":["Thunderclap","Warcry"],"picked":"Uppercut","floor":14.0},{"not_picked":["Juggernaut","Impervious"],"picked":"Feed","floor":16.0},{"not_picked":["Twin Strike","Flame Barrier"],"picked":"Whirlwind","floor":17.0},{"not_picked":["Reckless Charge","Havoc"],"picked":"Power Through","floor":17.0},{"not_picked":["Clothesline","Dual Wield"],"picked":"Disarm","floor":17.0},{"not_picked":["Hemokinesis","Rupture"],"picked":"Feel No Pain+1","floor":18.0},{"not_picked":["Thunderclap","Anger","Warcry"],"picked":"SKIP","floor":22.0},{"not_picked":["Sword Boomerang","Flex"],"picked":"Headbutt","floor":23},{"not_picked":["Thunderclap","Dual Wield+1"],"picked":"True Grit+1","floor":24},{"not_picked":["Anger","Burning Pact"],"picked":"Seeing Red","floor":25},{"not_picked":["Sentinel","Burning Pact"],"picked":"Reaper","floor":29}],"player_experience":330122,"relics_obtained":[{"floor":7.0,"key":"Pear"},{"floor":9.0,"key":"Orichalcum"},{"floor":10.0,"key":"Incense Burner"},{"floor":13.0,"key":"Regal Pillow"},{"floor":23,"key":"Frozen Egg 2"},{"floor":26,"key":"Centennial Puzzle"}],"event_choices":[{"damage_healed":0.0,"max_hp_gain":0.0,"max_hp_loss":0.0,"gold_gain":0.0,"event_name":"Golden Idol","player_choice":"Take Damage","floor":3.0,"gold_loss":0.0,"damage_taken":20.0,"relics_obtained":["Golden Idol"]},{"cards_removed":["Strike_R"],"damage_healed":0.0,"max_hp_gain":0.0,"max_hp_loss":0.0,"gold_gain":0.0,"event_name":"Beggar","player_choice":"Gave Gold","floor":20.0,"gold_loss":75.0,"damage_taken":0.0},{"damage_healed":0.0,"max_hp_gain":0.0,"max_hp_loss":0.0,"gold_gain":0.0,"event_name":"The Mausoleum","player_choice":"Opened","floor":21.0,"gold_loss":0.0,"damage_taken":0.0,"relics_obtained":["Shuriken"],"cards_obtained":["Writhe"]},{"cards_removed":["Strike_R"],"damage_healed":0,"gold_gain":0,"player_choice":"Purged","damage_taken":0,"max_hp_gain":0,"max_hp_loss":0,"event_name":"Purifier","floor":27,"gold_loss":0}],"is_beta":false,"boss_relics":[{"not_picked":["Philosopher\u0027s Stone","Fusion Hammer"],"picked":"Orrery"}],"items_purged_floors":[2,19],"is_endless":false,"potions_floor_spawned":[5,12,13,16,18,23,24,29],"killed_by":"Slavers","ascension_level":2}