{"gold_per_floor":[209,220,230,242,18,52,52,84,84,98,98,98,109,124,124,229,229,249,269,269,3,16,16,31,63,89,89],"floor_reached":27,"playtime":1931,"items_purged":["Strike_R","Writhe"],"score":259,"play_id":"765b174f-6534-44e6-b35c-22586525fa5c","local_time":"20190131015942","is_ascension_mode":true,"campfire_choices":[{"data":"Bash","floor":7,"key":"SMITH"},{"data":"Rupture","floor":12,"key":"SMITH"},{"data":"Carnage","floor":15,"key":"SMITH"},{"data":"Armaments","floor":23,"key":"SMITH"}],"neow_cost":"NONE","seed_source_timestamp":5521919708627,"circlet_count":0,"master_deck":["Bash+1","Iron Wave","Combust","Cleave","Double Tap","Rupture+1","Twin Strike","Shrug It Off","Carnage+1","Second Wind","Armaments+1","Brutality","Second Wind","Exhume","Infernal Blade","Twin Strike","Immolate","Fire Breathing","Ghostly Armor","Seeing Red","Clothesline+1","Shrug It Off","Shockwave","Metallicize","Warcry","Shrug It Off+1","Sword Boomerang+1"],"relics":["Burning Blood","Peace Pipe","Gremlin Horn","Sundial","Pandora\u0027s Box","Self Forming Clay","Smiling Mask","Bag of Preparation"],"potions_floor_usage":[24],"damage_taken":[{"damage":7,"enemies":"Cultist","floor":1,"turns":5},{"damage":8,"enemies":"Jaw Worm","floor":2,"turns":4},{"damage":1,"enemies":"2 Louse","floor":3,"turns":2},{"damage":16,"enemies":"Large Slime","floor":4,"turns":5},{"damage":17,"enemies":"Gremlin Nob","floor":6,"turns":4},{"damage":35,"enemies":"Lagavulin","floor":8,"turns":4},{"damage":8,"enemies":"3 Louse","floor":10,"turns":3},{"damage":1,"enemies":"Exordium Wildlife","floor":13,"turns":3},{"damage":8,"enemies":"Looter","floor":14,"turns":3},{"damage":38,"enemies":"The Guardian","floor":16,"turns":8},{"damage":1,"enemies":"Spheric Guardian","floor":18,"turns":3},{"damage":23,"enemies":"Shell Parasite","floor":19,"turns":4},{"damage":12,"enemies":"3 Cultists","floor":22,"turns":4},{"damage":14,"enemies":"Centurion and Healer","floor":24,"turns":6},{"damage":27,"enemies":"Book of Stabbing","floor":25,"turns":6},{"damage":29,"enemies":"Gremlin Leader","floor":27,"turns":4}],"seed_played":"-5182765159394560344","potions_obtained":[{"floor":2,"key":"SkillPotion"},{"floor":3,"key":"GamblersBrew"},{"floor":8,"key":"Ancient Potion"},{"floor":10,"key":"PowerPotion"}],"is_trial":false,"path_per_floor":["M","M","M","M","$","E","R","E","T","M","?","R","M","M","R","B",null,"M","M","?","$","M","R","M","E","T","E"],"character_chosen":"IRONCLAD","items_purchased":["Rupture","Twin Strike","Shrug It Off","Shrug It Off","Shockwave","Metallicize"],"campfire_rested":0,"item_purchase_floors":[5,5,5,21,21,21],"current_hp_per_floor":[79,77,80,70,70,59,59,30,30,28,54,54,59,57,57,25,80,80,63,63,63,57,57,49,28,28,0],"gold":89,"neow_bonus":"HUNDRED_GOLD","is_prod":false,"is_daily":false,"chose_seed":false,"campfire_upgraded":4,"win_rate":0,"timestamp":1548896382,"path_taken":["M","M","M","M","$","E","R","E","T","M","?","R","M","M","R","BOSS","M","M","?","$","M","R","M","E","T","E"],"build_version":"2019-01-23","purchased_purges":2,"victory":false,"max_hp_per_floor":[80,80,80,80,80,80,80,80,80,80,80,80,80,80,80,80,80,80,80,80,80,80,80,80,80,80,80],"card_choices":[{"not_picked":["Heavy Blade","Thunderclap"],"picked":"Iron Wave","floor":1},{"not_picked":["Iron Wave","Headbutt"],"picked":"Combust","floor":2},{"not_picked":["Thunderclap","Battle Trance"],"picked":"Cleave","floor":3},{"not_picked":["Intimidate","Inflame"],"picked":"Double Tap","floor":4},{"not_picked":["Corruption","Pommel Strike"],"picked":"Carnage","floor":6},{"not_picked":["Twin Strike","Sword Boomerang"],"picked":"Second Wind","floor":8},{"not_picked":["Rampage","Sentinel"],"picked":"Armaments","floor":10},{"not_picked":["Fire Breathing","Flex","Twin Strike"],"picked":"SKIP","floor":13},{"not_picked":["Twin Strike","Cleave","Wild Strike"],"picked":"SKIP","floor":14},{"not_picked":["Feed","Dark Embrace"],"picked":"Brutality","floor":16},{"not_picked":["Power Through+1","Combust+1","Evolve"],"picked":"SKIP","floor":18},{"not_picked":["Heavy Blade","Warcry"],"picked":"Clothesline+1","floor":19},{"not_picked":["Twin Strike","Flex"],"picked":"Warcry","floor":22},{"not_picked":["Uppercut","Headbutt"],"picked":"Shrug It Off+1","floor":24},{"not_picked":["Headbutt","Reckless Charge"],"picked":"Sword Boomerang+1","floor":25}],"player_experience":279678,"relics_obtained":[{"floor":6,"key":"Peace Pipe"},{"floor":8,"key":"Gremlin Horn"},{"floor":9,"key":"Sundial"},{"floor":25,"key":"Smiling Mask"},{"floor":26,"key":"Bag of Preparation"}],"event_choices":[{"damage_healed":26,"gold_gain":0,"player_choice":"Banana","damage_taken":0,"max_hp_gain":0,"max_hp_loss":0,"event_name":"Big Fish","floor":11,"gold_loss":0},{"damage_healed":0,"gold_gain":0,"player_choice":"Opened","damage_taken":0,"relics_obtained":["Self Forming Clay"],"max_hp_gain":0,"max_hp_loss":0,"event_name":"The Mausoleum","floor":20,"gold_loss":0,"cards_obtained":["Writhe"]}],"is_beta":false,"boss_relics":[{"not_picked":["Ectoplasm","Calling Bell"],"picked":"Pandora\u0027s Box"}],"items_purged_floors":[5,21],"is_endless":false,"potions_floor_spawned":[2,3,8,10,13,14,19],"killed_by":"Gremlin Leader","ascension_level":1}