{"gold_per_floor":[115,115,134,145,164,164,194,213,286,185,185,203,203,25,25,127,127,144,144,144,157,183,208,208,228,228,50,63,63,63,63,63,164,164,182,282,293,304,319,352,352,363,363,57,111,111,139,154,154,154],"floor_reached":51,"playtime":4415,"items_purged":["Strike_R","Strike_R","Strike_R","Strike_R"],"score":752,"play_id":"fc98092a-4c1d-40b9-b24f-6febdb1523f9","local_time":"20190107192412","is_ascension_mode":false,"campfire_choices":[{"data":"Inflame","floor":6,"key":"SMITH"},{"data":"Demon Form","floor":13,"key":"SMITH"},{"data":"Uppercut","floor":15,"key":"SMITH"},{"data":"Whirlwind","floor":24,"key":"SMITH"},{"data":"Bash","floor":29,"key":"SMITH"},{"data":"Bloodletting","floor":32,"key":"SMITH"},{"data":"Heavy Blade","floor":41,"key":"SMITH"},{"floor":46,"key":"REST"},{"data":"Demon Form","floor":49,"key":"SMITH"}],"neow_cost":"NONE","seed_source_timestamp":578890668700657,"circlet_count":0,"master_deck":["Defend_R","Defend_R+1","Defend_R+1","Defend_R","Bash+1","Inflame+1","Iron Wave","Cleave","Demon Form+1","Flex","Pommel Strike","Whirlwind+1","Uppercut+1","Double Tap","Shrug It Off+1","Bloodletting+1","Headbutt","Heavy Blade+1","Sword Boomerang+1","Shrug It Off","Rupture+1","Demon Form+1"],"relics":["Burning Blood","Pantograph","Ornamental Fan","Velvet Choker","MutagenicStrength","Red Mask","Mango","Bottled Lightning","Bottled Flame","Sozu","Ice Cream","Centennial Puzzle","Omamori","Unceasing Top","Strawberry"],"potions_floor_usage":[40,47],"damage_taken":[{"damage":5,"enemies":"2 Louse","floor":1,"turns":3},{"damage":6,"enemies":"Cultist","floor":3,"turns":3},{"damage":5,"enemies":"Jaw Worm","floor":4,"turns":4},{"damage":19,"enemies":"Large Slime","floor":5,"turns":5},{"damage":19,"enemies":"3 Sentries","floor":7,"turns":6},{"damage":1,"enemies":"Exordium Wildlife","floor":8,"turns":2},{"damage":0,"enemies":"Gremlin Gang","floor":12,"turns":3},{"damage":45,"enemies":"The Guardian","floor":16,"turns":9},{"damage":2,"enemies":"3 Byrds","floor":18,"turns":4},{"damage":10,"enemies":"Chosen","floor":21,"turns":3},{"damage":0,"enemies":"Masked Bandits","floor":22,"turns":3},{"damage":41,"enemies":"Slavers","floor":23,"turns":5},{"damage":7,"enemies":"Centurion and Healer","floor":25,"turns":6},{"damage":3,"enemies":"Cultist and Chosen","floor":28,"turns":4},{"damage":40,"enemies":"Automaton","floor":33,"turns":8},{"damage":33,"enemies":"3 Shapes","floor":35,"turns":1},{"damage":13,"enemies":"Mind Bloom Boss Battle","floor":36,"turns":5},{"damage":10,"enemies":"Orb Walker","floor":37,"turns":2},{"damage":7,"enemies":"4 Shapes","floor":38,"turns":2},{"damage":0,"enemies":"Transient","floor":39,"turns":5},{"damage":35,"enemies":"Nemesis","floor":40,"turns":5},{"damage":3,"enemies":"Maw","floor":42,"turns":5},{"damage":67,"enemies":"2 Orb Walkers","floor":45,"turns":6},{"damage":12,"enemies":"Giant Head","floor":47,"turns":5},{"damage":6,"enemies":"Writhing Mass","floor":48,"turns":3},{"damage":45,"enemies":"Donu and Deca","floor":50,"turns":5}],"seed_played":"8568169787325289947","potions_obtained":[{"floor":4,"key":"PowerPotion"},{"floor":8,"key":"AttackPotion"},{"floor":12,"key":"LiquidBronze"},{"floor":23,"key":"Dexterity Potion"}],"is_trial":false,"path_per_floor":["M","?","M","M","M","R","E","M","T","$","?","M","R","$","R","B",null,"M","?","?","M","?","E","R","M","T","$","M","R","T","$","R","B",null,"M","?","M","M","M","E","R","M","T","$","?","R","E","M","R","B",null],"character_chosen":"IRONCLAD","items_purchased":["Pommel Strike","Uppercut","Headbutt","Demon Form"],"campfire_rested":1,"item_purchase_floors":[10,14,27,44],"current_hp_per_floor":[88,70,70,71,58,58,45,50,50,50,50,56,56,56,56,42,88,88,71,71,67,73,52,52,51,51,51,54,54,54,54,54,45,107,80,98,94,93,99,70,70,73,73,73,12,44,45,45,45,31],"gold":154,"neow_bonus":"TEN_PERCENT_HP_BONUS","is_prod":false,"is_daily":false,"chose_seed":false,"campfire_upgraded":8,"win_rate":0.0,"timestamp":1546885452,"path_taken":["M","?","M","M","M","R","E","M","T","$","?","?","R","$","R","BOSS","M","?","?","M","?","E","R","?","T","$","?","R","?","$","R","BOSS","M","?","M","M","M","E","R","M","T","$","?","R","E","M","R","BOSS"],"build_version":"2019-01-03v4","purchased_purges":4,"victory":true,"max_hp_per_floor":[88,88,88,88,88,88,88,88,88,88,88,88,88,88,88,88,88,88,93,93,93,93,107,107,107,107,107,107,107,107,107,107,107,107,107,107,107,107,107,107,107,107,107,107,107,107,114,114,114,114],"card_choices":[{"not_picked":["Warcry","Carnage"],"picked":"Inflame","floor":1},{"not_picked":["Hemokinesis","Power Through","Ghostly Armor"],"picked":"SKIP","floor":3},{"not_picked":["Twin Strike","Clash"],"picked":"Iron Wave","floor":4},{"not_picked":["Iron Wave","Armaments"],"picked":"Cleave","floor":5},{"not_picked":["Twin Strike","Second Wind"],"picked":"Demon Form","floor":7},{"not_picked":["Havoc","Armaments"],"picked":"Flex","floor":8},{"not_picked":["Thunderclap","Havoc"],"picked":"Whirlwind","floor":12},{"not_picked":["Brutality","Dark Embrace"],"picked":"Double Tap","floor":16},{"not_picked":["Fire Breathing","Combust+1","Dropkick"],"picked":"SKIP","floor":18},{"not_picked":["True Grit","Armaments"],"picked":"Shrug It Off+1","floor":21},{"not_picked":["Armaments","Anger"],"picked":"Bloodletting","floor":22},{"not_picked":["Rampage","Fire Breathing","Second Wind+1"],"picked":"SKIP","floor":23},{"not_picked":["Perfected Strike","Infernal Blade","Dual Wield"],"picked":"SKIP","floor":25},{"not_picked":["Reckless Charge","Flex","Pommel Strike"],"picked":"SKIP","floor":28},{"not_picked":["Rampage+1","Searing Blow"],"picked":"Heavy Blade","floor":35},{"not_picked":["Pommel Strike","Havoc"],"picked":"Sword Boomerang+1","floor":37},{"not_picked":["Corruption+1","Bloodletting+1","Clash"],"picked":"SKIP","floor":38},{"not_picked":["Headbutt+1","True Grit+1"],"picked":"Shrug It Off","floor":39},{"not_picked":["Anger+1","Whirlwind+1"],"picked":"Rupture+1","floor":40},{"not_picked":["Twin Strike","Whirlwind+1","Havoc"],"picked":"SKIP","floor":42},{"not_picked":["Warcry","Infernal Blade","Immolate"],"picked":"SKIP","floor":47},{"not_picked":["Warcry","Headbutt","Thunderclap+1"],"picked":"SKIP","floor":48}],"player_experience":208844,"relics_obtained":[{"floor":7,"key":"Pantograph"},{"floor":9,"key":"Ornamental Fan"},{"floor":22,"key":"Red Mask"},{"floor":23,"key":"Mango"},{"floor":26,"key":"Bottled Lightning"},{"floor":30,"key":"Bottled Flame"},{"floor":36,"key":"Ice Cream"},{"floor":40,"key":"Centennial Puzzle"},{"floor":43,"key":"Omamori"},{"floor":45,"key":"Unceasing Top"},{"floor":47,"key":"Strawberry"}],"event_choices":[{"damage_healed":0,"gold_gain":0,"player_choice":"Entered Light","damage_taken":18,"max_hp_gain":0,"max_hp_loss":0,"event_name":"Shining Light","floor":2,"gold_loss":0,"cards_upgraded":["Defend_R","Defend_R"]},{"cards_removed":["Strike_R"],"damage_healed":0,"gold_gain":0,"player_choice":"Offered Basic","damage_taken":0,"max_hp_gain":0,"max_hp_loss":0,"event_name":"Bonfire Elementals","floor":11,"gold_loss":0},{"damage_healed":0,"gold_gain":0,"player_choice":"Shed Blood","damage_taken":22,"max_hp_gain":5,"max_hp_loss":0,"event_name":"Forgotten Altar","floor":19,"gold_loss":0},{"damage_healed":0,"gold_gain":0,"player_choice":"Inject Mutagens","damage_taken":0,"relics_obtained":["MutagenicStrength"],"max_hp_gain":0,"max_hp_loss":0,"event_name":"Drug Dealer","floor":20,"gold_loss":0},{"damage_healed":0,"gold_gain":0,"player_choice":"Fought Bandits","damage_taken":0,"max_hp_gain":0,"max_hp_loss":0,"event_name":"Masked Bandits","floor":22,"gold_loss":0},{"damage_healed":0,"gold_gain":0,"player_choice":"Fight","damage_taken":0,"max_hp_gain":0,"max_hp_loss":0,"event_name":"MindBloom","floor":36,"gold_loss":0},{"damage_healed":0,"gold_gain":0,"player_choice":"Fight","damage_taken":0,"max_hp_gain":0,"max_hp_loss":0,"event_name":"Mysterious Sphere","floor":45,"gold_loss":0}],"is_beta":false,"boss_relics":[{"not_picked":["Fusion Hammer","Black Blood"],"picked":"Velvet Choker"},{"not_picked":["Cursed Key","Philosopher\u0027s Stone"],"picked":"Sozu"}],"items_purged_floors":[10,14,27,44],"is_endless":false,"potions_floor_spawned":[4,8,12,16,23,28,33,37,38,39,42,45],"ascension_level":0}