{"gold_per_floor":[119,131,131,150,164,164,164,339,366,366,401,401,414,414,414,538,538,558,572,591,591,17,41,41,75,98,98,2,17,53,68,68,68],"floor_reached":33,"playtime":7500,"items_purged":[],"score":418,"play_id":"da3a3632-5b4a-422c-a3ec-622f7f200914","local_time":"20180917134712","is_ascension_mode":true,"campfire_choices":[{"floor":6.0,"key":"REST"},{"floor":15.0,"key":"REST"},{"floor":32,"key":"REST"}],"neow_cost":"PERCENT_DAMAGE","seed_source_timestamp":0,"circlet_count":0,"master_deck":["Strike_R","Strike_R","Strike_R","Defend_R","Defend_R","Defend_R","Defend_R","Bash","Perfected Strike+1","Pommel Strike","Pommel Strike","Anger","Shrug It Off","Pommel Strike","Perfected Strike","Limit Break","Thunderclap","Perfected Strike","Disarm","Battle Trance","Disarm","Flame Barrier","Armaments+1","Flex","Inflame+1","Heavy Blade","Juggernaut+1","Ghostly+1","Ghostly+1","Ghostly+1","Ghostly+1","Ghostly+1","Inflame+1","Wild Strike","Flex+1","Wild Strike","Perfected Strike"],"special_seed":0,"relics":["Burning Blood","Juzu Bracelet","Orichalcum","Frozen Egg 2","Golden Idol","Orrery","FossilizedHelix","Lee\u0027s Waffle","Spirit Poop","Toxic Egg 2","Art of War","Calipers"],"potions_floor_usage":[25,33,33],"damage_taken":[{"damage":9.0,"enemies":"Jaw Worm","floor":1.0,"turns":5.0},{"damage":0.0,"enemies":"Cultist","floor":2.0,"turns":2.0},{"damage":8.0,"enemies":"2 Louse","floor":4.0,"turns":2.0},{"damage":14.0,"enemies":"Exordium Wildlife","floor":5.0,"turns":3.0},{"damage":10.0,"enemies":"Gremlin Nob","floor":11.0,"turns":3.0},{"damage":1.0,"enemies":"Large Slime","floor":13.0,"turns":5.0},{"damage":48.0,"enemies":"The Guardian","floor":16.0,"turns":8.0},{"damage":16.0,"enemies":"3 Byrds","floor":18.0,"turns":7.0},{"damage":27.0,"enemies":"2 Thieves","floor":19.0,"turns":4.0},{"damage":10.0,"enemies":"Cultist and Chosen","floor":20.0,"turns":7.0},{"damage":15.0,"enemies":"Snecko","floor":23.0,"turns":5.0},{"damage":63,"enemies":"Slavers","floor":25,"turns":6},{"damage":0,"enemies":"Snake Plant","floor":29,"turns":4},{"damage":20,"enemies":"Gremlin Leader","floor":30,"turns":6},{"damage":11,"enemies":"Sentry and Sphere","floor":31,"turns":5},{"damage":36,"enemies":"Collector","floor":33,"turns":11}],"seed_played":"2246412546562571219","potions_obtained":[{"floor":4.0,"key":"SkillPotion"},{"floor":5.0,"key":"FearPotion"},{"floor":20.0,"key":"Fruit Juice"},{"floor":23,"key":"Fire Potion"},{"floor":29,"key":"Poison Potion"},{"floor":31,"key":"FearPotion"}],"is_trial":false,"path_per_floor":["M","M","?","M","M","R","?","?","T","?","E","?","M","?","R","B",null,"M","M","M","?","$","M","?","E","T","?","$","M","E","M","R"],"character_chosen":"IRONCLAD","items_purchased":["FossilizedHelix","Lee\u0027s Waffle","Inflame+1","Inflame+1","Wild Strike"],"campfire_rested":3,"item_purchase_floors":[22,22,22,28,28],"current_hp_per_floor":[53,59,59,57,49,73,40,40,40,33,29,29,34,34,58,16,80,70,49,50,50,92,83,83,26,26,26,26,32,18,13,26,0],"gold":68,"neow_bonus":"TRANSFORM_TWO_CARDS","is_prod":false,"is_daily":false,"chose_seed":false,"campfire_upgraded":0,"win_rate":0,"timestamp":1537206432,"path_taken":["M","M","?","M","M","R","?","?","T","?","E","?","M","?","R","BOSS","M","M","M","?","$","M","?","E","T","?","$","M","E","M","R","BOSS"],"build_version":"2018-09-06","purchased_purges":0,"victory":false,"max_hp_per_floor":[80,80,80,80,80,80,80,80,80,80,80,80,80,80,80,80,80,80,80,85,85,92,92,92,92,92,46,46,46,46,46,46,46],"card_choices":[{"not_picked":["Whirlwind","Second Wind"],"picked":"Pommel Strike","floor":1.0},{"not_picked":["Bloodletting","Metallicize"],"picked":"Pommel Strike","floor":2.0},{"not_picked":["Headbutt","Blood for Blood"],"picked":"Anger","floor":4.0},{"not_picked":["Cleave","Headbutt"],"picked":"Shrug It Off","floor":5.0},{"not_picked":["Heavy Blade","Clash"],"picked":"Pommel Strike","floor":11.0},{"not_picked":["Thunderclap","Infernal Blade"],"picked":"Perfected Strike","floor":13.0},{"not_picked":["Berserk+1","Bludgeon"],"picked":"Limit Break","floor":16.0},{"not_picked":["Sentinel","Dropkick"],"picked":"Thunderclap","floor":17.0},{"not_picked":["Headbutt","Wild Strike"],"picked":"Perfected Strike","floor":17.0},{"not_picked":["Headbutt","Dropkick"],"picked":"Disarm","floor":17.0},{"not_picked":["Warcry","Clothesline"],"picked":"Battle Trance","floor":17.0},{"not_picked":["Rampage","Whirlwind"],"picked":"Disarm","floor":17.0},{"not_picked":["Rampage","Ghostly Armor"],"picked":"Flame Barrier","floor":18.0},{"not_picked":["Shrug It Off","Evolve+1"],"picked":"Armaments+1","floor":19.0},{"not_picked":["Ghostly Armor","True Grit+1"],"picked":"Flex","floor":20.0},{"not_picked":["Corruption+1","Warcry+1"],"picked":"Heavy Blade","floor":23},{"not_picked":["Armaments+1","Perfected Strike+1"],"picked":"Juggernaut+1","floor":25},{"not_picked":["Rupture+1","Body Slam"],"picked":"Flex+1","floor":29},{"not_picked":["Combust+1","Armaments+1"],"picked":"Wild Strike","floor":30},{"not_picked":["Sword Boomerang","Blood for Blood+1"],"picked":"Perfected Strike","floor":31}],"player_experience":394771,"relics_obtained":[{"floor":9.0,"key":"Orichalcum"},{"floor":11.0,"key":"Frozen Egg 2"},{"floor":25,"key":"Toxic Egg 2"},{"floor":26,"key":"Art of War"},{"floor":30,"key":"Calipers"}],"event_choices":[{"event_name":"Purifier","player_choice":"One Purge","floor":3.0,"damage_taken":0.0},{"event_name":"Scrap Ooze","player_choice":"success","floor":7.0,"damage_taken":33.0},{"event_name":"Liars Game","player_choice":"agreed","floor":8.0,"damage_taken":0.0},{"event_name":"Golden Wing","player_choice":"Card Removal","floor":10.0,"damage_taken":0.0},{"event_name":"Living Wall","player_choice":"Grow","floor":12.0,"damage_taken":0.0},{"event_name":"Golden Idol","player_choice":"Take Wound","floor":14.0,"damage_taken":0.0},{"event_name":"N\u0027loth","player_choice":"Ignored","floor":21.0,"damage_taken":0.0},{"event_name":"Bonfire Elementals","player_choice":"CURSE","floor":24,"damage_taken":0},{"event_name":"Ghosts","player_choice":"Became a Ghost","floor":27,"damage_taken":0}],"is_beta":false,"boss_relics":[{"not_picked":["Lizard Tail","Eternal Feather"],"picked":"Orrery"}],"items_purged_floors":[],"is_endless":false,"potions_floor_spawned":[4,5,20,23,29,31],"killed_by":"Collector","ascension_level":4}