{"gold_per_floor":[109,184,184,216,241,253,265,290,302,326,364,388,415,439,451,558,570,594,187,187,213,165,194,194,210,210,53,53,88,101,126,126,230,230,250,250,13,13,28,28,53,53,53,68,82,82,82,112,112,112,112,112,36,69,69],"floor_reached":55,"playtime":3271,"items_purged":["Strike_B"],"score":735,"play_id":"57ff8826-5421-4cc5-a7d8-473804eda5ca","local_time":"20190120003052","is_ascension_mode":false,"campfire_choices":[{"data":"Streamline","floor":6,"key":"SMITH"},{"floor":15,"key":"REST"},{"data":"Coolheaded","floor":24,"key":"SMITH"},{"data":"Electrodynamics","floor":28,"key":"SMITH"},{"floor":32,"key":"REST"},{"data":"Defragment","floor":40,"key":"SMITH"},{"data":"Echo Form","floor":42,"key":"SMITH"},{"floor":47,"key":"RECALL"},{"data":"Coolheaded","floor":49,"key":"SMITH"},{"data":"Hologram","floor":52,"key":"SMITH"}],"neow_cost":"NONE","seed_source_timestamp":189728857694398,"circlet_count":0,"master_deck":["Defend_B","Defend_B","Defend_B","Defend_B","Zap+1","Dualcast","Streamline+1","Loop","Conserve Battery","Ball Lightning","Coolheaded+1","Capacitor","Ball Lightning","Melter","Electrodynamics+1","Hologram+1","Sunder+1","Coolheaded+1","Force Field","Seek","Glacier","Thunder Strike+1","Go for the Eyes+1","Hologram+1","Conserve Battery","Echo Form+1","Madness","Madness","Defragment+1","Capacitor","Auto Shields+1","Static Discharge+1","Go for the Eyes+1"],"relics":["FrozenCore","MawBank","Ornamental Fan","Potion Belt","Pantograph","Nuclear Battery","Molten Egg 2","Red Mask","Cables","Bottled Tornado","Darkstone Periapt","Happy Flower","Bag of Preparation","Blue Candle","Lantern","Art of War"],"potions_floor_usage":[10,13,13,14,23,29,31,55,55,55],"damage_taken":[{"damage":1,"enemies":"Cultist","floor":1,"turns":3},{"damage":6,"enemies":"Jaw Worm","floor":4,"turns":2},{"damage":8,"enemies":"2 Louse","floor":5,"turns":2},{"damage":3,"enemies":"Blue Slaver","floor":8,"turns":3},{"damage":18,"enemies":"Exordium Wildlife","floor":10,"turns":5},{"damage":19,"enemies":"Lagavulin","floor":11,"turns":5},{"damage":12,"enemies":"3 Louse","floor":12,"turns":3},{"damage":5,"enemies":"2 Fungi Beasts","floor":13,"turns":3},{"damage":3,"enemies":"Gremlin Gang","floor":14,"turns":3},{"damage":34,"enemies":"The Guardian","floor":16,"turns":11},{"damage":0,"enemies":"Spheric Guardian","floor":18,"turns":2},{"damage":0,"enemies":"Masked Bandits","floor":21,"turns":2},{"damage":23,"enemies":"Slavers","floor":23,"turns":4},{"damage":0,"enemies":"3 Byrds","floor":25,"turns":1},{"damage":14,"enemies":"Book of Stabbing","floor":29,"turns":5},{"damage":2,"enemies":"Snecko","floor":30,"turns":5},{"damage":29,"enemies":"Gremlin Leader","floor":31,"turns":7},{"damage":27,"enemies":"Champ","floor":33,"turns":9},{"damage":0,"enemies":"3 Darklings","floor":35,"turns":3},{"damage":0,"enemies":"3 Shapes","floor":39,"turns":3},{"damage":6,"enemies":"Giant Head","floor":41,"turns":11},{"damage":0,"enemies":"Spire Growth","floor":44,"turns":5},{"damage":0,"enemies":"3 Darklings","floor":45,"turns":5},{"damage":29,"enemies":"Nemesis","floor":48,"turns":11},{"damage":27,"enemies":"Donu and Deca","floor":50,"turns":9},{"damage":40,"enemies":"Shield and Spear","floor":54,"turns":8},{"damage":60,"enemies":"The Heart","floor":55,"turns":5}],"seed_played":"5186574427148990108","potions_obtained":[{"floor":4,"key":"Regen Potion"},{"floor":5,"key":"FearPotion"},{"floor":8,"key":"Dexterity Potion"},{"floor":13,"key":"SteroidPotion"},{"floor":18,"key":"SpeedPotion"},{"floor":25,"key":"Block Potion"},{"floor":33,"key":"LiquidBronze"},{"floor":35,"key":"FearPotion"},{"floor":39,"key":"LiquidBronze"}],"is_trial":false,"path_per_floor":["M","?","T","M","M","R","T","M","T","M","E","M","M","M","R","B",null,"M","$","?","?","$","E","R","M","T","$","R","E","M","E","R","B",null,"M","?","$","?","M","R","E","R","T","M","M","?","R","E","R","B",null,"R","$","E","B"],"character_chosen":"DEFECT","items_purchased":["Molten Egg 2","Sunder+1","Coolheaded","Fire Potion","Thunder Strike+1","Defragment","Bag of Preparation","LiquidBronze"],"campfire_rested":2,"item_purchase_floors":[19,19,19,22,27,37,37,53],"current_hp_per_floor":[74,63,63,57,49,49,49,46,46,40,21,9,4,1,23,14,75,75,75,75,75,75,52,52,52,52,52,52,38,36,7,29,27,75,75,66,66,66,66,66,60,60,60,60,60,60,60,31,31,29,75,75,75,35,0],"gold":69,"neow_bonus":"UPGRADE_CARD","is_prod":false,"is_daily":false,"chose_seed":false,"campfire_upgraded":7,"win_rate":0,"timestamp":1547973052,"path_taken":["M","?","?","M","M","R","?","M","T","M","E","M","?","M","R","BOSS","M","$","?","?","?","E","R","M","T","$","R","E","M","E","R","BOSS","M","?","$","?","M","R","E","R","T","M","?","?","R","E","R","BOSS","R","$","E","BOSS"],"build_version":"2019-01-17v2","purchased_purges":1,"victory":false,"max_hp_per_floor":[75,75,75,75,75,75,75,75,75,75,75,75,75,75,75,75,75,75,75,75,75,75,75,75,75,75,75,75,75,75,75,75,75,75,75,75,75,75,75,75,75,75,75,75,75,75,75,75,75,75,75,75,75,75,75],"card_choices":[{"not_picked":["Leap","Doom and Gloom"],"picked":"Streamline","floor":1},{"not_picked":["Gash","Steam Power"],"picked":"Loop","floor":4},{"not_picked":["Compile Driver","White Noise"],"picked":"Conserve Battery","floor":5},{"not_picked":["Stack","Machine Learning"],"picked":"Ball Lightning","floor":8},{"not_picked":["Blizzard","Barrage"],"picked":"Coolheaded","floor":10},{"not_picked":["Beam Cell","Storm"],"picked":"Capacitor","floor":11},{"not_picked":["Loop","Buffer"],"picked":"Ball Lightning","floor":12},{"not_picked":["Skim","Beam Cell"],"picked":"Melter","floor":13},{"not_picked":["Rip and Tear","Stack","Redo"],"picked":"SKIP","floor":14},{"not_picked":["Core Surge","Amplify"],"picked":"Electrodynamics","floor":16},{"not_picked":["Force Field+1","Compile Driver"],"picked":"Hologram","floor":18},{"not_picked":["Beam Cell+1","Streamline+1","Fusion"],"picked":"SKIP","floor":23},{"not_picked":["Stack","Melter+1"],"picked":"Glacier","floor":25},{"not_picked":["FTL+1","Skim"],"picked":"Go for the Eyes+1","floor":29},{"not_picked":["Machine Learning","Beam Cell+1"],"picked":"Hologram+1","floor":30},{"not_picked":["Conserve Battery","Hologram","Coolheaded"],"picked":"SKIP","floor":31},{"not_picked":["Hologram","Coolheaded"],"picked":"Conserve Battery","floor":31},{"not_picked":["Hyperbeam+1","Machine Learning"],"picked":"Echo Form","floor":33},{"not_picked":["Chill","Hello World+1","Cold Snap+1"],"picked":"SKIP","floor":35},{"not_picked":["Conserve Battery+1","Aggregate+1","Glacier"],"picked":"SKIP","floor":39},{"not_picked":["Redo","Ball Lightning+1"],"picked":"Capacitor","floor":41},{"not_picked":["Reprogram+1","Compile Driver+1"],"picked":"Auto Shields+1","floor":44},{"not_picked":["Redo+1","Self Repair+1"],"picked":"Static Discharge+1","floor":45},{"not_picked":["Beam Cell+1","Genetic Algorithm"],"picked":"Go for the Eyes+1","floor":48},{"not_picked":["Sunder+1","Streamline+1","Gash+1"],"picked":"SKIP","floor":54}],"player_experience":225525,"relics_obtained":[{"floor":3,"key":"MawBank"},{"floor":7,"key":"Ornamental Fan"},{"floor":9,"key":"Potion Belt"},{"floor":11,"key":"Pantograph"},{"floor":21,"key":"Red Mask"},{"floor":23,"key":"Cables"},{"floor":26,"key":"Bottled Tornado"},{"floor":29,"key":"Darkstone Periapt"},{"floor":31,"key":"Happy Flower"},{"floor":41,"key":"Blue Candle"},{"floor":48,"key":"Lantern"},{"floor":54,"key":"Art of War"}],"event_choices":[{"damage_healed":0,"gold_gain":75,"player_choice":"Gather Gold","damage_taken":11,"max_hp_gain":0,"max_hp_loss":0,"event_name":"World of Goop","floor":2,"gold_loss":0},{"damage_healed":0,"gold_gain":0,"cards_transformed":["Strike_B","Strike_B"],"player_choice":"Became Test Subject","damage_taken":0,"max_hp_gain":0,"max_hp_loss":0,"event_name":"Drug Dealer","floor":20,"gold_loss":0,"cards_obtained":["Force Field","Seek"]},{"damage_healed":0,"gold_gain":0,"player_choice":"Fought Bandits","damage_taken":0,"max_hp_gain":0,"max_hp_loss":0,"event_name":"Masked Bandits","floor":21,"gold_loss":0},{"damage_healed":0,"gold_gain":0,"player_choice":"Embrace Madness","damage_taken":9,"max_hp_gain":0,"max_hp_loss":0,"event_name":"Winding Halls","floor":36,"gold_loss":0,"cards_obtained":["Madness","Madness"]},{"cards_removed":["Strike_B"],"damage_healed":0,"gold_gain":0,"player_choice":"Purged","damage_taken":0,"max_hp_gain":0,"max_hp_loss":0,"event_name":"Purifier","floor":38,"gold_loss":0},{"damage_healed":0,"gold_gain":0,"player_choice":"Ignored","damage_taken":0,"max_hp_gain":0,"max_hp_loss":0,"event_name":"Mysterious Sphere","floor":46,"gold_loss":0}],"is_beta":false,"boss_relics":[{"not_picked":["Lizard Tail","Orrery"],"picked":"Nuclear Battery"},{"not_picked":["Philosopher\u0027s Stone","Pandora\u0027s Box"],"picked":"FrozenCore"}],"items_purged_floors":[19],"is_endless":false,"potions_floor_spawned":[4,5,8,13,18,25,33,35,39],"killed_by":"The Heart","ascension_level":0}