{"gold_per_floor":[117,117,42,42,56,56,71,71,71,71,131,143,143,157,157,262,262,278,103,103],"floor_reached":20,"playtime":1433,"items_purged":["Strike_B","Strike_B"],"score":172,"play_id":"a8d43229-229b-4b92-bf90-3bcddd073025","local_time":"20190105134334","is_ascension_mode":false,"campfire_choices":[{"data":"Conserve Battery","floor":6,"key":"SMITH"},{"data":"Barrage","floor":10,"key":"SMITH"},{"data":"Defragment","floor":15,"key":"SMITH"}],"neow_cost":"NONE","seed_source_timestamp":388671204773699,"circlet_count":0,"master_deck":["Defend_B","Defend_B","Defend_B","Defend_B","Zap","Dualcast","Conserve Battery+1","Barrage+1","Defragment+1","Streamline","Cold Snap","Electrodynamics","Ball Lightning","Capacitor"],"relics":["Cracked Core","Toxic Egg 2","Tiny Chest","Bottled Lightning","Busted Crown"],"potions_floor_usage":[],"damage_taken":[{"damage":3,"enemies":"2 Louse","floor":1,"turns":3},{"damage":2,"enemies":"Cultist","floor":5,"turns":5},{"damage":0,"enemies":"Small Slimes","floor":7,"turns":3},{"damage":21,"enemies":"3 Sentries","floor":11,"turns":9},{"damage":3,"enemies":"Red Slaver","floor":12,"turns":4},{"damage":0,"enemies":"Exordium Wildlife","floor":14,"turns":3},{"damage":3,"enemies":"Slime Boss","floor":16,"turns":11},{"damage":0,"enemies":"Spheric Guardian","floor":18,"turns":3},{"damage":14,"enemies":"Colosseum Slavers","floor":20,"turns":4},{"damage":61,"enemies":"Colosseum Nobs","floor":20,"turns":4}],"seed_played":"241748542658944955","potions_obtained":[{"floor":12,"key":"SteroidPotion"},{"floor":14,"key":"Weak Potion"}],"is_trial":false,"path_per_floor":["M","?","$","?","M","R","M","$","T","R","E","M","T","M","R","B",null,"M","$","?"],"character_chosen":"DEFECT","items_purchased":["Capacitor"],"campfire_rested":0,"item_purchase_floors":[19],"current_hp_per_floor":[72,72,72,65,63,63,63,63,63,63,42,39,39,39,39,36,75,75,75,0],"gold":103,"neow_bonus":"REMOVE_CARD","is_prod":false,"is_daily":false,"chose_seed":false,"campfire_upgraded":3,"win_rate":0.0,"timestamp":1546692214,"path_taken":["M","?","?","?","M","R","M","$","T","R","E","?","?","M","R","BOSS","M","?","?"],"build_version":"2019-01-03v4","purchased_purges":2,"victory":false,"max_hp_per_floor":[75,75,75,75,75,75,75,75,75,75,75,75,75,75,75,75,75,75,75,75],"card_choices":[{"not_picked":["Sweeping Beam","Barrage"],"picked":"Conserve Battery","floor":1},{"not_picked":["Conserve Battery","Tempest","Redo"],"picked":"SKIP","floor":5},{"not_picked":["Redo","Thunder Strike"],"picked":"Barrage","floor":7},{"not_picked":["Chill+1","Go for the Eyes"],"picked":"Defragment","floor":11},{"not_picked":["Chaos+1","Aggregate+1"],"picked":"Streamline","floor":12},{"not_picked":["Barrage","Force Field+1"],"picked":"Cold Snap","floor":14},{"not_picked":["Creative AI","All For One"],"picked":"Electrodynamics","floor":16},{"not_picked":[],"picked":"Ball Lightning","floor":18}],"player_experience":160948,"relics_obtained":[{"floor":9,"key":"Toxic Egg 2"},{"floor":11,"key":"Tiny Chest"},{"floor":13,"key":"Bottled Lightning"}],"event_choices":[{"cards_removed":["Strike_B"],"damage_healed":0,"gold_gain":0,"player_choice":"Offered Basic","damage_taken":0,"max_hp_gain":0,"max_hp_loss":0,"event_name":"Bonfire Elementals","floor":2,"gold_loss":0},{"damage_healed":0,"gold_gain":0,"player_choice":"Damaged","damage_taken":7,"max_hp_gain":0,"max_hp_loss":0,"event_name":"Wheel of Change","floor":4,"gold_loss":0},{"damage_healed":0,"gold_gain":0,"player_choice":"Fight","damage_taken":0,"max_hp_gain":0,"max_hp_loss":0,"event_name":"Colosseum","floor":20,"gold_loss":0},{"damage_healed":0,"gold_gain":0,"player_choice":"Fought Nobs","damage_taken":0,"max_hp_gain":0,"max_hp_loss":0,"event_name":"Colosseum","floor":20,"gold_loss":0}],"is_beta":false,"boss_relics":[{"not_picked":["Eternal Feather","Fusion Hammer"],"picked":"Busted Crown"}],"items_purged_floors":[3,19],"is_endless":false,"potions_floor_spawned":[12,14,20],"killed_by":"Colosseum Nobs","ascension_level":0}