{"gold_per_floor":[118,118,135,145,145,145,174,174,199,214,214,225,243,275,275,379,379,399,191,191,206,69,69,99,118,171,196,216,226,226],"floor_reached":30,"playtime":1777,"items_purged":["Strike_B"],"score":324,"play_id":"afec831d-83f1-400e-b408-5e8966979d83","local_time":"20190113164300","is_ascension_mode":true,"campfire_choices":[{"data":"Streamline","floor":6.0,"key":"SMITH"},{"data":"Compile Driver","floor":8.0,"key":"SMITH"},{"floor":15.0,"key":"REST"},{"data":"Hologram","floor":23.0,"key":"SMITH"}],"neow_cost":"NONE","seed_source_timestamp":312898387028221,"circlet_count":0,"master_deck":["Strike_B","Strike_B","Defend_B","Defend_B","Defend_B","Defend_B","Zap","Dualcast","Gash","Compile Driver+1","Streamline+1","Gash","Conserve Battery","Doom and Gloom","Tempest","All For One","Leap+1","Turbo","Self Repair","Necronomicurse","Coolheaded+1","Hologram+1","Madness","Redo","Machine Learning","Gash","Echo Form"],"special_seed":0,"relics":["FrozenCore","NeowsBlessing","Potion Belt","Lantern","Happy Flower","Regal Pillow","Necronomicon","Cables","Centennial Puzzle","The Courier"],"potions_floor_usage":[27,27,27],"damage_taken":[{"damage":0.0,"enemies":"Jaw Worm","floor":1.0,"turns":1.0},{"damage":0.0,"enemies":"Cultist","floor":3.0,"turns":1.0},{"damage":0.0,"enemies":"Small Slimes","floor":4.0,"turns":1.0},{"damage":25.0,"enemies":"3 Sentries","floor":7.0,"turns":6.0},{"damage":6.0,"enemies":"2 Fungi Beasts","floor":10.0,"turns":3.0},{"damage":1.0,"enemies":"Exordium Wildlife","floor":12.0,"turns":2.0},{"damage":6.0,"enemies":"Looter","floor":13.0,"turns":2.0},{"damage":8.0,"enemies":"Gremlin Nob","floor":14.0,"turns":3.0},{"damage":25.0,"enemies":"The Guardian","floor":16.0,"turns":7.0},{"damage":5.0,"enemies":"Chosen","floor":18.0,"turns":3.0},{"damage":0.0,"enemies":"Spheric Guardian","floor":21.0,"turns":3.0},{"damage":34.0,"enemies":"Gremlin Leader","floor":24.0,"turns":7.0},{"damage":2.0,"enemies":"Centurion and Healer","floor":25.0,"turns":6.0},{"damage":17,"enemies":"Book of Stabbing","floor":27,"turns":4},{"damage":0,"enemies":"Cultist and Chosen","floor":28,"turns":4},{"damage":19,"enemies":"Sentry and Sphere","floor":29,"turns":4},{"damage":10,"enemies":"Centurion and Healer","floor":30,"turns":2}],"seed_played":"7779237412417513170","potions_obtained":[{"floor":3.0,"key":"Dexterity Potion"},{"floor":7.0,"key":"Dexterity Potion"},{"floor":12.0,"key":"FocusPotion"},{"floor":13.0,"key":"Poison Potion"},{"floor":16.0,"key":"EssenceOfSteel"},{"floor":25.0,"key":"Strength Potion"},{"floor":27,"key":"AttackPotion"}],"is_trial":false,"path_per_floor":["M","?","M","M","?","R","E","R","T","M","?","M","M","E","R","B",null,"M","$","?","M","$","R","E","M","T","E","M","M","M"],"character_chosen":"DEFECT","items_purchased":["Turbo","Self Repair","Hologram","Madness"],"campfire_rested":1,"item_purchase_floors":[19,19,22,22],"current_hp_per_floor":[75,75,75,75,80,80,55,55,55,49,37,36,30,22,61,36,80,75,75,59,66,66,66,32,37,37,20,27,8,0],"gold":226,"neow_bonus":"THREE_ENEMY_KILL","is_prod":false,"is_daily":false,"chose_seed":false,"campfire_upgraded":3,"win_rate":0,"timestamp":1547394180,"path_taken":["M","?","?","M","?","R","E","R","T","M","?","M","M","E","R","BOSS","M","$","?","M","$","R","E","M","T","E","M","M","M"],"build_version":"2019-01-10","purchased_purges":1,"victory":false,"max_hp_per_floor":[75,75,75,75,80,80,80,80,80,80,80,80,80,80,80,80,80,80,80,80,80,80,80,80,80,80,80,80,80,80],"card_choices":[{"not_picked":["Streamline","Cold Snap"],"picked":"Gash","floor":1.0},{"not_picked":["Stack","Leap"],"picked":"Compile Driver","floor":3.0},{"not_picked":["Turbo","Compile Driver"],"picked":"Streamline","floor":4.0},{"not_picked":["Barrage","Conserve Battery"],"picked":"Gash","floor":7.0},{"not_picked":["Fusion","Streamline"],"picked":"Conserve Battery","floor":10.0},{"not_picked":["Cold Snap","Coolheaded"],"picked":"Doom and Gloom","floor":12.0},{"not_picked":["Turbo","Capacitor"],"picked":"Tempest","floor":13.0},{"not_picked":["Scrape","Aggregate","Streamline"],"picked":"SKIP","floor":14.0},{"not_picked":["Hyperbeam","Thunder Strike"],"picked":"All For One","floor":16.0},{"not_picked":["Turbo","Streamline"],"picked":"Leap+1","floor":18.0},{"not_picked":["Steam","Rip and Tear"],"picked":"Coolheaded+1","floor":21.0},{"not_picked":["Compile Driver","Rip and Tear"],"picked":"Redo","floor":24.0},{"not_picked":["Sweeping Beam","Scrape"],"picked":"Machine Learning","floor":25.0},{"not_picked":["Darkness","Hello World"],"picked":"Gash","floor":27},{"not_picked":["Coolheaded+1","Reprogram","Steam"],"picked":"SKIP","floor":28},{"not_picked":["Glacier","Rebound"],"picked":"Echo Form","floor":29}],"player_experience":273460,"relics_obtained":[{"floor":7.0,"key":"Potion Belt"},{"floor":9.0,"key":"Lantern"},{"floor":14.0,"key":"Regal Pillow"},{"floor":20.0,"key":"Necronomicon"},{"floor":24.0,"key":"Cables"},{"floor":26.0,"key":"Centennial Puzzle"},{"floor":27,"key":"The Courier"}],"event_choices":[{"cards_removed":["Strike_B"],"damage_healed":0.0,"max_hp_gain":0.0,"max_hp_loss":0.0,"gold_gain":0.0,"event_name":"Purifier","player_choice":"Purged","floor":2.0,"gold_loss":0.0,"damage_taken":0.0},{"damage_healed":0.0,"max_hp_gain":5.0,"max_hp_loss":0.0,"gold_gain":0.0,"event_name":"Big Fish","player_choice":"Donut","floor":5.0,"gold_loss":0.0,"damage_taken":0.0},{"damage_healed":0.0,"max_hp_gain":0.0,"max_hp_loss":0.0,"gold_gain":0.0,"event_name":"Scrap Ooze","player_choice":"Success","floor":11.0,"gold_loss":0.0,"damage_taken":12.0,"relics_obtained":["Happy Flower"]},{"damage_healed":0.0,"max_hp_gain":0.0,"max_hp_loss":0.0,"gold_gain":0.0,"event_name":"Cursed Tome","player_choice":"Obtained Book","floor":20.0,"gold_loss":0.0,"damage_taken":16.0}],"is_beta":false,"boss_relics":[{"not_picked":["Cursed Key","Coffee Dripper"],"picked":"FrozenCore"}],"items_purged_floors":[19],"is_endless":false,"potions_floor_spawned":[3,7,12,13,16,25,27],"killed_by":"Centurion and Healer","ascension_level":3}