{"gold_per_floor":[109,120,120,131,146,146,146,106,106,139,139,156,231,250,250,355,355,374,384,309,329,329,329,362,362,386,386],"floor_reached":27,"playtime":1215,"items_purged":[],"score":245,"play_id":"8189c41c-98e0-4110-b755-a1844a39e1fa","local_time":"20190209182035","is_ascension_mode":true,"campfire_choices":[{"data":"Hemokinesis","floor":6,"key":"SMITH"},{"floor":11,"key":"REST"},{"floor":15,"key":"REST"},{"floor":23,"key":"REST"},{"floor":25,"key":"REST"}],"neow_cost":"NONE","seed_source_timestamp":367922687961237,"circlet_count":0,"master_deck":["Strike_R","Defend_R","Defend_R","Defend_R","Defend_R","Bash","Wild Strike","Pommel Strike","Pommel Strike","Hemokinesis+1","Pain","Thunderclap","Offering","Double Tap","Sword Boomerang+1","True Grit+1","Barricade+1","Bloodletting","Bloodletting","Shrug It Off","J.A.X.","Rupture"],"relics":["Runic Cube","Question Card","Self Forming Clay","Darkstone Periapt","Astrolabe","Centennial Puzzle","Dream Catcher"],"potions_floor_usage":[16,16,16,16,16,21,24,24],"damage_taken":[{"damage":0,"enemies":"Small Slimes","floor":1,"turns":4},{"damage":1,"enemies":"2 Louse","floor":2,"turns":3},{"damage":4,"enemies":"Cultist","floor":4,"turns":3},{"damage":9,"enemies":"2 Fungi Beasts","floor":5,"turns":4},{"damage":26,"enemies":"Lagavulin","floor":10,"turns":5},{"damage":10,"enemies":"Blue Slaver","floor":12,"turns":3},{"damage":6,"enemies":"Exordium Thugs","floor":14,"turns":3},{"damage":32,"enemies":"Hexaghost","floor":16,"turns":7},{"damage":32,"enemies":"3 Byrds","floor":18,"turns":5},{"damage":8,"enemies":"Chosen","floor":19,"turns":3},{"damage":31,"enemies":"Snake Plant","floor":21,"turns":4},{"damage":31,"enemies":"Gremlin Leader","floor":24,"turns":5},{"damage":36,"enemies":"Book of Stabbing","floor":27,"turns":4}],"seed_played":"664407846087352414","potions_obtained":[{"floor":8,"key":"SmokeBomb"},{"floor":8,"key":"Explosive Potion"},{"floor":8,"key":"EntropicBrew"},{"floor":10,"key":"Block Potion"},{"floor":16,"key":"Strength Potion"},{"floor":19,"key":"BloodPotion"},{"floor":24,"key":"Strength Potion"}],"is_trial":false,"path_per_floor":["M","M","?","M","M","R","?","?","T","E","R","M","?","M","R","B",null,"M","M","?","M","?","R","E","R","T","E"],"character_chosen":"IRONCLAD","items_purchased":[],"campfire_rested":4,"item_purchase_floors":[],"current_hp_per_floor":[80,79,79,75,66,66,66,66,66,40,64,54,43,37,61,37,80,48,40,40,9,9,33,10,34,34,0],"gold":386,"neow_bonus":"BOSS_RELIC","is_prod":false,"is_daily":false,"chose_seed":false,"campfire_upgraded":1,"win_rate":0,"timestamp":1549754435,"path_taken":["M","M","?","M","M","R","?","?","T","E","R","?","?","M","R","BOSS","M","M","?","M","?","R","E","R","T","E"],"build_version":"2019-01-23","purchased_purges":0,"victory":false,"max_hp_per_floor":[80,80,80,80,80,80,80,80,80,80,80,80,80,80,80,80,80,80,80,80,80,80,80,80,80,80,80],"card_choices":[{"not_picked":["Anger","Clash"],"picked":"Wild Strike","floor":1},{"not_picked":["Shockwave","Power Through"],"picked":"Pommel Strike","floor":2},{"not_picked":["Juggernaut","Inflame","Clothesline"],"picked":"Pommel Strike","floor":4},{"not_picked":["Metallicize","Intimidate","Infernal Blade"],"picked":"Hemokinesis","floor":5},{"not_picked":["Clash","Heavy Blade","Flex"],"picked":"Thunderclap","floor":10},{"not_picked":["Warcry","Rampage","Thunderclap","Burning Pact"],"picked":"SKIP","floor":12},{"not_picked":["Wild Strike","Thunderclap","Perfected Strike"],"picked":"Offering","floor":14},{"not_picked":["Juggernaut","Limit Break","Bludgeon"],"picked":"Double Tap","floor":16},{"not_picked":["Clothesline","Second Wind","Sever Soul"],"picked":"Bloodletting","floor":18},{"not_picked":["Combust+1","Warcry","Shrug It Off+1"],"picked":"Bloodletting","floor":19},{"not_picked":["Iron Wave","Clothesline","Metallicize+1"],"picked":"Shrug It Off","floor":21},{"not_picked":["Intimidate","Whirlwind+1","Shrug It Off"],"picked":"Rupture","floor":24}],"player_experience":113645,"relics_obtained":[{"floor":9,"key":"Self Forming Clay"},{"floor":10,"key":"Darkstone Periapt"},{"floor":24,"key":"Centennial Puzzle"},{"floor":26,"key":"Dream Catcher"}],"event_choices":[{"damage_healed":0,"gold_gain":0,"player_choice":"Box","damage_taken":0,"relics_obtained":["Question Card"],"max_hp_gain":0,"max_hp_loss":0,"event_name":"Big Fish","floor":3,"gold_loss":0,"cards_obtained":["Regret"]},{"damage_healed":0,"gold_gain":0,"cards_transformed":["Regret"],"player_choice":"Change","damage_taken":0,"max_hp_gain":0,"max_hp_loss":0,"event_name":"Living Wall","floor":7,"gold_loss":0,"cards_obtained":["Pain"]},{"damage_healed":0,"gold_gain":0,"player_choice":"Bought 3 Potions","damage_taken":0,"max_hp_gain":0,"max_hp_loss":0,"event_name":"The Woman in Blue","floor":8,"gold_loss":0},{"damage_healed":0,"gold_gain":75,"player_choice":"Gather Gold","damage_taken":11,"max_hp_gain":0,"max_hp_loss":0,"event_name":"World of Goop","floor":13,"gold_loss":0},{"cards_removed":["Strike_R"],"damage_healed":0,"gold_gain":0,"player_choice":"Gave Gold","damage_taken":0,"max_hp_gain":0,"max_hp_loss":0,"event_name":"Beggar","floor":20,"gold_loss":75},{"damage_healed":0,"gold_gain":0,"player_choice":"Obtain J.A.X.","damage_taken":0,"max_hp_gain":0,"max_hp_loss":0,"event_name":"Drug Dealer","floor":22,"gold_loss":0,"cards_obtained":["J.A.X."]}],"is_beta":false,"boss_relics":[{"not_picked":["Cursed Key","Black Star"],"picked":"Astrolabe"}],"items_purged_floors":[],"is_endless":false,"potions_floor_spawned":[10,12,14,16,19,24],"killed_by":"Book of Stabbing","ascension_level":1}