{"gold_per_floor":[218,229,229,241,259,259,292,292,292,312,340,71,71,96,96,192,192,204,204,204,132,148,148,148],"floor_reached":24,"playtime":945,"items_purged":["Decay","Writhe"],"score":245,"play_id":"59ae4cee-784b-41cc-8f95-ed735d6902ba","local_time":"20190113232839","is_ascension_mode":true,"campfire_choices":[{"data":"Bash","floor":6,"key":"SMITH"},{"data":"Inflame","floor":8,"key":"SMITH"},{"floor":13,"key":"REST"},{"data":"Immolate","floor":15,"key":"SMITH"},{"data":"Limit Break","floor":23,"key":"SMITH"}],"neow_cost":"NONE","seed_source_timestamp":69818911784837,"circlet_count":0,"master_deck":["Strike_R","Strike_R","Strike_R","Strike_R","Strike_R","Defend_R","Defend_R","Defend_R","Defend_R","Bash+1","Thunderclap","Cleave","Shrug It Off","Inflame+1","Immolate+1","Spot Weakness","Disarm","Metallicize","Limit Break+1","Uppercut","Shrug It Off","Pummel+1"],"relics":["Burning Blood","Happy Flower","Smiling Mask","Matryoshka","Orichalcum","Odd Mushroom","White Beast Statue","Strawberry"],"potions_floor_usage":[7,11,24,24],"damage_taken":[{"damage":11,"enemies":"Small Slimes","floor":1,"turns":5},{"damage":6,"enemies":"Cultist","floor":2,"turns":3},{"damage":5,"enemies":"2 Louse","floor":4,"turns":3},{"damage":22,"enemies":"Looter","floor":5,"turns":4},{"damage":26,"enemies":"Gremlin Nob","floor":7,"turns":4},{"damage":12,"enemies":"Large Slime","floor":10,"turns":4},{"damage":31,"enemies":"Lagavulin","floor":11,"turns":6},{"damage":0,"enemies":"The Mushroom Lair","floor":14,"turns":1},{"damage":13,"enemies":"Slime Boss","floor":16,"turns":9},{"damage":17,"enemies":"Spheric Guardian","floor":18,"turns":5},{"damage":17,"enemies":"Shell Parasite","floor":22,"turns":5},{"damage":49,"enemies":"Slavers","floor":24,"turns":3}],"seed_played":"-5923936599899219322","potions_obtained":[{"floor":2,"key":"Energy Potion"},{"floor":5,"key":"Ancient Potion"},{"floor":7,"key":"SpeedPotion"},{"floor":18,"key":"Explosive Potion"},{"floor":22,"key":"Poison Potion"}],"is_trial":false,"path_per_floor":["M","M","?","M","M","R","E","R","T","M","E","$","R","?","R","B",null,"M","?","?","$","M","R","E"],"character_chosen":"IRONCLAD","items_purchased":["Orichalcum","Metallicize","Shrug It Off"],"campfire_rested":1,"item_purchase_floors":[12,12,21],"current_hp_per_floor":[75,75,75,76,60,60,40,40,40,34,9,9,33,39,39,32,80,69,76,59,59,48,48,0],"gold":148,"neow_bonus":"HUNDRED_GOLD","is_prod":false,"is_daily":false,"chose_seed":false,"campfire_upgraded":4,"win_rate":0,"timestamp":1547450919,"path_taken":["M","M","?","M","?","R","E","R","T","M","E","$","R","?","R","BOSS","M","?","?","$","M","R","E"],"build_version":"2019-01-10","purchased_purges":2,"victory":false,"max_hp_per_floor":[80,80,80,80,80,80,80,80,80,80,80,80,80,80,80,80,80,80,87,92,92,92,92,92],"card_choices":[{"not_picked":["Thunderclap","Reckless Charge","Headbutt"],"picked":"SKIP","floor":1},{"not_picked":["Reckless Charge","Headbutt"],"picked":"Thunderclap","floor":1},{"not_picked":["Bloodletting","Heavy Blade"],"picked":"Cleave","floor":2},{"not_picked":["Wild Strike","Sever Soul"],"picked":"Shrug It Off","floor":4},{"not_picked":["Armaments","Wild Strike"],"picked":"Inflame","floor":5},{"not_picked":["Seeing Red","Headbutt"],"picked":"Immolate","floor":7},{"not_picked":["Cleave","Hemokinesis"],"picked":"Spot Weakness","floor":10},{"not_picked":["Blood for Blood","Sword Boomerang"],"picked":"Disarm","floor":11},{"not_picked":["Brutality","Juggernaut"],"picked":"Limit Break","floor":16},{"not_picked":["Shrug It Off","Power Through"],"picked":"Uppercut","floor":18},{"not_picked":["Sword Boomerang","Blood for Blood"],"picked":"Pummel+1","floor":22}],"player_experience":176122,"relics_obtained":[{"floor":7,"key":"Happy Flower"},{"floor":9,"key":"Smiling Mask"},{"floor":11,"key":"Matryoshka"},{"floor":14,"key":"Odd Mushroom"}],"event_choices":[{"damage_healed":0,"gold_gain":0,"player_choice":"Cursed","damage_taken":0,"max_hp_gain":0,"max_hp_loss":0,"event_name":"Wheel of Change","floor":3,"gold_loss":0,"cards_obtained":["Decay"]},{"damage_healed":0,"gold_gain":0,"player_choice":"Fought Mushrooms","damage_taken":0,"max_hp_gain":0,"max_hp_loss":0,"event_name":"Mushrooms","floor":14,"gold_loss":0},{"damage_healed":0,"gold_gain":0,"player_choice":"Opened","damage_taken":0,"relics_obtained":["Strawberry"],"max_hp_gain":0,"max_hp_loss":0,"event_name":"The Mausoleum","floor":19,"gold_loss":0,"cards_obtained":["Writhe"]},{"damage_healed":0,"gold_gain":0,"player_choice":"Shed Blood","damage_taken":22,"max_hp_gain":5,"max_hp_loss":0,"event_name":"Forgotten Altar","floor":20,"gold_loss":0}],"is_beta":false,"boss_relics":[{"not_picked":["Ectoplasm","Coffee Dripper"],"picked":"White Beast Statue"}],"items_purged_floors":[12,21],"is_endless":false,"potions_floor_spawned":[2,5,7,18,22],"killed_by":"Slavers","ascension_level":4}