{"gold_per_floor":[110,110,130,48,61,90,90,118,167,167,177,177,193,223,223,301,301,318,332,39,50,70,70,102,102,183,215,227,227,238,99,99,172,172,190,208,158,168,268,268,298,298,298,331,58,58,91,105,105,105,105,105,105,26,26],"floor_reached":55,"playtime":6284,"items_purged":["Strike_B","Strike_B"],"score":1980,"play_id":"3aefe665-4369-4ffa-8008-7f89c227dbd7","local_time":"20190202181630","is_ascension_mode":true,"campfire_choices":[{"data":"Barrage","floor":7,"key":"SMITH"},{"floor":10,"key":"REST"},{"data":"Defragment","floor":15,"key":"SMITH"},{"floor":23,"key":"REST"},{"floor":25,"key":"REST"},{"floor":29,"key":"REST"},{"floor":32,"key":"REST"},{"floor":40,"key":"RECALL"},{"floor":42,"key":"REST"},{"floor":49,"key":"REST"},{"floor":53,"key":"REST"}],"neow_cost":"NONE","seed_source_timestamp":1363393075285510,"circlet_count":0,"master_deck":["AscendersBane","Strike_B","Defend_B+1","Defend_B","Defend_B","Defend_B","Zap+1","Dualcast","Compile Driver","Ball Lightning","Leap+1","Compile Driver","Barrage+1","Undo","Hologram","Go for the Eyes","Defragment+1","Electrodynamics","Coolheaded","Coolheaded","Auto Shields+1","Cold Snap","Echo Form","Defragment+1","Reinforced Body","Coolheaded+1","Consume+1","Capacitor+1","Mayhem","Biased Cognition"],"relics":["Cracked Core","Sundial","Regal Pillow","Pen Nib","War Paint","Fusion Hammer","OrangePellets","Gremlin Horn","Mercury Hourglass","Torii","Inserter","Turnip","Blue Candle","Blood Vial","Cables","Dodecahedron"],"potions_floor_usage":[6,8,14,16,24,35,55,55],"damage_taken":[{"damage":2,"enemies":"Jaw Worm","floor":1,"turns":3},{"damage":0,"enemies":"Cultist","floor":3,"turns":3},{"damage":0,"enemies":"2 Louse","floor":5,"turns":2},{"damage":31,"enemies":"Gremlin Nob","floor":6,"turns":4},{"damage":23,"enemies":"3 Sentries","floor":8,"turns":6},{"damage":10,"enemies":"Lots of Slimes","floor":11,"turns":4},{"damage":4,"enemies":"Red Slaver","floor":13,"turns":3},{"damage":0,"enemies":"Lagavulin","floor":14,"turns":4},{"damage":28,"enemies":"The Guardian","floor":16,"turns":10},{"damage":0,"enemies":"Spheric Guardian","floor":18,"turns":3},{"damage":14,"enemies":"Shell Parasite","floor":19,"turns":5},{"damage":12,"enemies":"3 Cultists","floor":21,"turns":4},{"damage":11,"enemies":"Shelled Parasite and Fungi","floor":22,"turns":5},{"damage":42,"enemies":"Slavers","floor":24,"turns":6},{"damage":21,"enemies":"Gremlin Leader","floor":27,"turns":4},{"damage":9,"enemies":"Snake Plant","floor":28,"turns":3},{"damage":11,"enemies":"Centurion and Healer","floor":30,"turns":7},{"damage":1,"enemies":"Automaton","floor":33,"turns":10},{"damage":1,"enemies":"3 Darklings","floor":35,"turns":4},{"damage":0,"enemies":"3 Shapes","floor":36,"turns":5},{"damage":2,"enemies":"Writhing Mass","floor":38,"turns":9},{"damage":0,"enemies":"Mind Bloom Boss Battle","floor":39,"turns":7},{"damage":1,"enemies":"Nemesis","floor":41,"turns":7},{"damage":8,"enemies":"Reptomancer","floor":44,"turns":7},{"damage":1,"enemies":"Nemesis","floor":47,"turns":7},{"damage":0,"enemies":"Transient","floor":48,"turns":6},{"damage":11,"enemies":"Donu and Deca","floor":50,"turns":8},{"damage":53,"enemies":"Awakened One","floor":51,"turns":13},{"damage":71,"enemies":"Shield and Spear","floor":55,"turns":8}],"seed_played":"5495009045053577794","potions_obtained":[{"floor":0,"key":"EssenceOfSteel"},{"floor":0,"key":"Swift Potion"},{"floor":8,"key":"PowerPotion"},{"floor":11,"key":"AttackPotion"},{"floor":21,"key":"Poison Potion"},{"floor":27,"key":"Ancient Potion"},{"floor":28,"key":"AttackPotion"},{"floor":30,"key":"Energy Potion"},{"floor":35,"key":"Energy Potion"},{"floor":38,"key":"FocusPotion"}],"is_trial":false,"path_per_floor":["M","?","M","$","M","E","R","E","T","R","M","?","M","E","R","B",null,"M","M","$","M","M","R","E","R","T","E","M","R","M","$","R","B",null,"M","M","?","M","?","R","E","R","T","E","$","?","E","M","R","B","B",null,"R","$","E"],"character_chosen":"DEFECT","items_purchased":["Ball Lightning","Leap","OrangePellets","Defragment","Cables","FocusPotion"],"campfire_rested":8,"item_purchase_floors":[4,4,20,31,45,54],"current_hp_per_floor":[62,62,62,62,62,31,31,8,8,44,34,34,30,30,30,2,54,54,40,40,28,17,53,11,47,47,26,17,53,42,42,71,70,71,70,70,70,68,68,68,67,71,71,63,63,53,54,56,71,60,9,56,71,71,0],"gold":26,"neow_bonus":"THREE_SMALL_POTIONS","is_prod":false,"is_daily":false,"chose_seed":false,"campfire_upgraded":2,"win_rate":0,"timestamp":1549160190,"path_taken":["M","?","M","?","M","E","R","E","T","R","M","?","M","E","R","BOSS","M","M","?","M","M","R","E","R","T","E","M","R","M","$","R","BOSS","M","M","?","?","?","R","E","R","T","E","$","?","E","M","R","BOSS","BOSS","R","$","E"],"build_version":"2019-01-23","purchased_purges":2,"victory":false,"max_hp_per_floor":[71,71,71,71,71,71,71,71,71,71,71,71,71,71,71,71,71,71,71,71,71,71,71,71,71,71,71,71,71,71,71,71,71,71,71,71,71,71,71,71,71,71,71,71,71,71,71,71,71,71,71,71,71,71,71],"card_choices":[{"not_picked":["Redo","White Noise","Stack"],"picked":"SKIP","floor":1},{"not_picked":["Darkness","Rebound"],"picked":"Compile Driver","floor":3},{"not_picked":["Conserve Battery","Cold Snap"],"picked":"Compile Driver","floor":5},{"not_picked":["Hello World","Streamline"],"picked":"Barrage","floor":6},{"not_picked":["Reprogram","Double Energy"],"picked":"Undo","floor":8},{"not_picked":["Multi-Cast","Sweeping Beam"],"picked":"Hologram","floor":11},{"not_picked":["Sweeping Beam","Stack"],"picked":"Go for the Eyes","floor":13},{"not_picked":["Leap","Chaos"],"picked":"Defragment","floor":14},{"not_picked":["Echo Form","Multi-Cast"],"picked":"Electrodynamics","floor":16},{"not_picked":["Steam","Force Field","Go for the Eyes"],"picked":"SKIP","floor":18},{"not_picked":["Reprogram","Conserve Battery"],"picked":"Coolheaded","floor":19},{"not_picked":["Melter","Turbo"],"picked":"Coolheaded","floor":21},{"not_picked":["Redo+1","Streamline+1"],"picked":"Auto Shields+1","floor":22},{"not_picked":["Melter","Gash","Hello World"],"picked":"SKIP","floor":24},{"not_picked":["FTL","Go for the Eyes","Consume"],"picked":"SKIP","floor":27},{"not_picked":["Redo","Compile Driver"],"picked":"Cold Snap","floor":28},{"not_picked":["Tempest","Conserve Battery"],"picked":"Echo Form","floor":30},{"not_picked":["Hello World+1","Hologram","Leap"],"picked":"SKIP","floor":35},{"not_picked":["Gash","Conserve Battery"],"picked":"Reinforced Body","floor":36},{"not_picked":["Go for the Eyes+1","Streamline","Beam Cell"],"picked":"SKIP","floor":38},{"not_picked":["FTL","Skim"],"picked":"Coolheaded+1","floor":39},{"not_picked":["Steam","Ball Lightning+1"],"picked":"Consume+1","floor":41},{"not_picked":["Skim","Hyperbeam"],"picked":"Capacitor+1","floor":44},{"not_picked":["Good Instincts","Bandage Up"],"picked":"Mayhem","floor":46},{"not_picked":["Coolheaded+1","Force Field+1"],"picked":"Biased Cognition","floor":47},{"not_picked":["Sweeping Beam","Stack","Chill"],"picked":"SKIP","floor":48}],"player_experience":794297,"relics_obtained":[{"floor":6,"key":"Sundial"},{"floor":8,"key":"Regal Pillow"},{"floor":9,"key":"Pen Nib"},{"floor":14,"key":"War Paint"},{"floor":24,"key":"Gremlin Horn"},{"floor":26,"key":"Mercury Hourglass"},{"floor":27,"key":"Torii"},{"floor":39,"key":"Turnip"},{"floor":41,"key":"Blue Candle"},{"floor":44,"key":"Blood Vial"},{"floor":47,"key":"Dodecahedron"}],"event_choices":[{"damage_healed":0,"gold_gain":0,"player_choice":"Forge","damage_taken":0,"max_hp_gain":0,"max_hp_loss":0,"event_name":"Accursed Blacksmith","floor":2,"gold_loss":0,"cards_upgraded":["Zap"]},{"cards_removed":["Strike_B"],"damage_healed":0,"gold_gain":0,"player_choice":"Purged","damage_taken":0,"max_hp_gain":0,"max_hp_loss":0,"event_name":"Purifier","floor":12,"gold_loss":0},{"damage_healed":0,"gold_gain":0,"player_choice":"Upgrade","damage_taken":0,"max_hp_gain":0,"max_hp_loss":0,"event_name":"Designer","floor":37,"gold_loss":50,"cards_upgraded":["Defragment"]},{"damage_healed":0,"gold_gain":0,"player_choice":"Fight","damage_taken":0,"max_hp_gain":0,"max_hp_loss":0,"event_name":"MindBloom","floor":39,"gold_loss":0},{"damage_healed":0,"gold_gain":0,"player_choice":"Memory 3","damage_taken":10,"max_hp_gain":0,"max_hp_loss":0,"event_name":"SensoryStone","floor":46,"gold_loss":0}],"is_beta":false,"boss_relics":[{"not_picked":["Runic Pyramid","Empty Cage"],"picked":"Fusion Hammer"},{"not_picked":["Calling Bell","Sozu"],"picked":"Inserter"}],"items_purged_floors":[20,31],"is_endless":false,"potions_floor_spawned":[1,3,8,11,21,27,28,30,35,38,48],"killed_by":"Shield and Spear","ascension_level":20}