{"gold_per_floor":[110,110,35,35,47,47,47,47,71,71,71,84,104,123,123,123],"floor_reached":16,"playtime":986,"items_purged":["Strike_R"],"score":90,"play_id":"f1dbee71-31cb-40de-a9c0-6eb8e582b548","local_time":"20190105123232","is_ascension_mode":false,"campfire_choices":[{"data":"Shrug It Off","floor":6,"key":"SMITH"},{"data":"Bash","floor":8,"key":"SMITH"},{"data":"Rampage","floor":15,"key":"SMITH"}],"neow_cost":"NONE","seed_source_timestamp":384848577974610,"circlet_count":0,"master_deck":["Strike_R+1","Strike_R+1","Strike_R","Strike_R","Defend_R","Defend_R","Defend_R","Defend_R","Bash+1","Shrug It Off+1","Rampage+1"],"relics":["Burning Blood","Charon\u0027s Ashes","Pen Nib"],"potions_floor_usage":[],"damage_taken":[{"damage":8,"enemies":"Jaw Worm","floor":1,"turns":4},{"damage":0,"enemies":"2 Louse","floor":5,"turns":3},{"damage":0,"enemies":"Small Slimes","floor":12,"turns":3},{"damage":11,"enemies":"Exordium Wildlife","floor":13,"turns":4},{"damage":5,"enemies":"3 Louse","floor":14,"turns":4},{"damage":71,"enemies":"Hexaghost","floor":16,"turns":11}],"seed_played":"8610035999111252324","potions_obtained":[{"floor":1,"key":"EssenceOfSteel"},{"floor":12,"key":"PowerPotion"},{"floor":13,"key":"EssenceOfSteel"}],"is_trial":false,"path_per_floor":["M","?","$","?","M","R","$","R","T","?","$","M","M","M","R","B"],"character_chosen":"IRONCLAD","items_purchased":[],"campfire_rested":0,"item_purchase_floors":[],"current_hp_per_floor":[86,68,68,56,62,62,62,62,62,67,67,73,68,69,69,0],"gold":123,"neow_bonus":"TEN_PERCENT_HP_BONUS","is_prod":false,"is_daily":false,"chose_seed":false,"campfire_upgraded":3,"win_rate":0.0,"timestamp":1546687952,"path_taken":["M","?","$","?","M","R","$","R","T","?","?","M","M","?","R","BOSS"],"build_version":"2019-01-03v4","purchased_purges":1,"victory":false,"max_hp_per_floor":[88,88,88,88,88,88,88,88,88,93,93,93,93,93,93,93],"card_choices":[{"not_picked":["Cleave","Searing Blow"],"picked":"Shrug It Off","floor":1},{"not_picked":["Clothesline","Armaments","Anger"],"picked":"SKIP","floor":5},{"not_picked":["Corruption","Infernal Blade"],"picked":"Rampage","floor":12},{"not_picked":["Perfected Strike","Heavy Blade","Anger"],"picked":"SKIP","floor":13},{"not_picked":["Twin Strike","Rampage","Iron Wave"],"picked":"SKIP","floor":14}],"player_experience":157267,"relics_obtained":[{"floor":9,"key":"Pen Nib"}],"event_choices":[{"damage_healed":0,"gold_gain":0,"player_choice":"Entered Light","damage_taken":18,"max_hp_gain":0,"max_hp_loss":0,"event_name":"Shining Light","floor":2,"gold_loss":0,"cards_upgraded":["Strike_R","Strike_R"]},{"damage_healed":0,"gold_gain":0,"player_choice":"Success","damage_taken":12,"relics_obtained":["Charon\u0027s Ashes"],"max_hp_gain":0,"max_hp_loss":0,"event_name":"Scrap Ooze","floor":4,"gold_loss":0},{"damage_healed":0,"gold_gain":0,"player_choice":"Donut","damage_taken":0,"max_hp_gain":5,"max_hp_loss":0,"event_name":"Big Fish","floor":10,"gold_loss":0}],"is_beta":false,"boss_relics":[],"items_purged_floors":[3],"is_endless":false,"potions_floor_spawned":[1,12,13,14],"killed_by":"Hexaghost","ascension_level":0}