{"gold_per_floor":[113,38,49,67,77,77,111,111,111,111,129,129,145,176,176,271,271,284,284,296,196,196,196,209,209,287,287,321,321,350,350,350,454,454,466,566,617,627,502,502,514,514,589,169,182,182,197,22,22,22],"floor_reached":50,"playtime":3663,"items_purged":["Strike_R","Strike_R","Bash","Strike_R","Strike_R"],"score":543,"play_id":"fd714258-9bc9-4882-8ea7-d6f064be2fd6","local_time":"20190106153433","is_ascension_mode":false,"campfire_choices":[{"data":"True Grit","floor":6,"key":"SMITH"},{"data":"Whirlwind","floor":8,"key":"SMITH"},{"data":"Inflame","floor":15,"key":"SMITH"},{"floor":23,"key":"REST"},{"data":"Pommel Strike","floor":25,"key":"SMITH"},{"data":"Feed","floor":27,"key":"SMITH"},{"data":"Flex","floor":29,"key":"SMITH"},{"data":"Heavy Blade","floor":32,"key":"SMITH"},{"data":"Demon Form","floor":40,"key":"SMITH"},{"floor":42,"key":"REST"},{"data":"Metallicize","floor":49,"key":"SMITH"}],"neow_cost":"NONE","seed_source_timestamp":479495740396800,"circlet_count":0,"master_deck":["Defend_R","Defend_R","Defend_R","Defend_R","Whirlwind+1","Inflame+1","True Grit+1","Pommel Strike+1","Flex+1","Heavy Blade+1","Feed+1","Flex+1","Demon Form+1","Metallicize+1"],"relics":["Burning Blood","Strawberry","Bag of Preparation","Mummified Hand","Pear","Lizard Tail","Nilry\u0027s Codex","Gremlin Horn","Red Mask","Juzu Bracelet","Runic Cube","Magic Flower","Charon\u0027s Ashes","Ornamental Fan","Chemical X"],"potions_floor_usage":[5,18,30],"damage_taken":[{"damage":5,"enemies":"Cultist","floor":1,"turns":4},{"damage":0,"enemies":"Small Slimes","floor":3,"turns":3},{"damage":3,"enemies":"Jaw Worm","floor":4,"turns":4},{"damage":4,"enemies":"Red Slaver","floor":5,"turns":4},{"damage":37,"enemies":"Lagavulin","floor":7,"turns":8},{"damage":0,"enemies":"2 Fungi Beasts","floor":11,"turns":2},{"damage":8,"enemies":"Large Slime","floor":13,"turns":4},{"damage":14,"enemies":"Gremlin Nob","floor":14,"turns":3},{"damage":49,"enemies":"Slime Boss","floor":16,"turns":9},{"damage":35,"enemies":"Shell Parasite","floor":18,"turns":7},{"damage":10,"enemies":"Chosen","floor":20,"turns":4},{"damage":9,"enemies":"3 Cultists","floor":24,"turns":5},{"damage":14,"enemies":"Masked Bandits","floor":28,"turns":4},{"damage":38,"enemies":"Book of Stabbing","floor":30,"turns":5},{"damage":56,"enemies":"Collector","floor":33,"turns":8},{"damage":17,"enemies":"3 Darklings","floor":35,"turns":3},{"damage":12,"enemies":"Mind Bloom Boss Battle","floor":36,"turns":6},{"damage":74,"enemies":"2 Orb Walkers","floor":37,"turns":6},{"damage":10,"enemies":"Orb Walker","floor":38,"turns":3},{"damage":3,"enemies":"4 Shapes","floor":41,"turns":5},{"damage":7,"enemies":"Maw","floor":45,"turns":6},{"damage":24,"enemies":"Writhing Mass","floor":47,"turns":5},{"damage":92,"enemies":"Awakened One","floor":50,"turns":6}],"seed_played":"-396859263711096422","potions_obtained":[{"floor":1,"key":"GamblersBrew"},{"floor":3,"key":"Explosive Potion"},{"floor":5,"key":"AttackPotion"},{"floor":13,"key":"SkillPotion"},{"floor":18,"key":"AttackPotion"},{"floor":30,"key":"EssenceOfSteel"},{"floor":37,"key":"Block Potion"}],"is_trial":false,"path_per_floor":["M","$","M","M","M","R","E","R","T","?","M","?","M","E","R","B",null,"M","?","M","$","?","R","M","R","T","R","?","R","E","?","R","B",null,"M","?","?","M","$","R","M","R","T","$","M","?","M","$","R","B"],"character_chosen":"IRONCLAD","items_purchased":["Chemical X","Metallicize"],"campfire_rested":2,"item_purchase_floors":[44,44],"current_hp_per_floor":[87,87,87,87,87,87,56,56,56,85,87,87,85,87,87,44,97,68,49,45,45,29,59,56,56,56,56,52,52,20,55,55,59,106,95,89,24,29,29,29,41,75,75,75,77,77,68,68,68,0],"gold":22,"neow_bonus":"RANDOM_COMMON_RELIC","is_prod":false,"is_daily":false,"chose_seed":false,"campfire_upgraded":9,"win_rate":0.0,"timestamp":1546785273,"path_taken":["M","$","M","M","?","R","E","R","T","?","M","?","?","E","R","BOSS","M","?","M","$","?","R","M","R","T","R","?","R","E","?","R","BOSS","M","?","?","M","$","R","M","R","T","$","M","?","M","?","R","BOSS"],"build_version":"2019-01-03v4","purchased_purges":5,"victory":false,"max_hp_per_floor":[87,87,87,87,87,87,87,87,87,87,87,87,87,97,97,97,97,97,102,102,102,102,102,102,102,102,102,106,106,106,106,106,106,106,106,106,106,110,110,110,114,114,114,114,114,108,112,112,112,116],"card_choices":[{"not_picked":["Sword Boomerang","Flex"],"picked":"Whirlwind","floor":1},{"not_picked":["Whirlwind","Pommel Strike"],"picked":"Inflame","floor":3},{"not_picked":["Sword Boomerang","Sever Soul"],"picked":"True Grit","floor":4},{"not_picked":["Rupture","Thunderclap"],"picked":"Pommel Strike","floor":5},{"not_picked":["Evolve","Reckless Charge","Sword Boomerang"],"picked":"SKIP","floor":7},{"not_picked":["Whirlwind","Battle Trance","Reckless Charge"],"picked":"SKIP","floor":11},{"not_picked":["Warcry","Clash"],"picked":"Flex","floor":13},{"not_picked":["Immolate","Bloodletting"],"picked":"Heavy Blade","floor":14},{"not_picked":["Immolate","Impervious"],"picked":"Feed","floor":16},{"not_picked":["True Grit","Anger","Sword Boomerang"],"picked":"SKIP","floor":18},{"not_picked":["Flame Barrier","True Grit+1","Headbutt"],"picked":"SKIP","floor":20},{"not_picked":["Reckless Charge","Intimidate","Warcry"],"picked":"SKIP","floor":24},{"not_picked":["Thunderclap","Twin Strike"],"picked":"Flex+1","floor":30},{"not_picked":["Brutality","Feed"],"picked":"Demon Form","floor":33},{"not_picked":["Warcry","Wild Strike+1","Thunderclap"],"picked":"SKIP","floor":35},{"not_picked":["Second Wind","Cleave+1","Sword Boomerang"],"picked":"SKIP","floor":38},{"not_picked":["Clothesline","Heavy Blade+1","Burning Pact"],"picked":"SKIP","floor":41},{"not_picked":["Bloodletting+1","Body Slam+1","Headbutt"],"picked":"SKIP","floor":45},{"not_picked":["Anger+1","Dark Embrace","Headbutt+1"],"picked":"SKIP","floor":47}],"player_experience":192964,"relics_obtained":[{"floor":7,"key":"Bag of Preparation"},{"floor":9,"key":"Mummified Hand"},{"floor":14,"key":"Pear"},{"floor":22,"key":"Nilry\u0027s Codex"},{"floor":26,"key":"Gremlin Horn"},{"floor":28,"key":"Red Mask"},{"floor":30,"key":"Juzu Bracelet"},{"floor":36,"key":"Magic Flower"},{"floor":37,"key":"Charon\u0027s Ashes"},{"floor":43,"key":"Ornamental Fan"}],"event_choices":[{"damage_healed":29,"gold_gain":0,"player_choice":"Banana","damage_taken":0,"max_hp_gain":0,"max_hp_loss":0,"event_name":"Big Fish","floor":10,"gold_loss":0},{"cards_removed":["Strike_R"],"damage_healed":0,"gold_gain":0,"player_choice":"Offered Basic","damage_taken":0,"max_hp_gain":0,"max_hp_loss":0,"event_name":"Bonfire Elementals","floor":12,"gold_loss":0},{"damage_healed":0,"gold_gain":0,"player_choice":"Shed Blood","damage_taken":24,"max_hp_gain":5,"max_hp_loss":0,"event_name":"Forgotten Altar","floor":19,"gold_loss":0},{"damage_healed":0,"gold_gain":0,"player_choice":"Obtained Book","damage_taken":16,"max_hp_gain":0,"max_hp_loss":0,"event_name":"Cursed Tome","floor":22,"gold_loss":0},{"damage_healed":0,"gold_gain":0,"player_choice":"Fought Bandits","damage_taken":0,"max_hp_gain":0,"max_hp_loss":0,"event_name":"Masked Bandits","floor":28,"gold_loss":0},{"damage_healed":35,"gold_gain":0,"player_choice":"Heal","damage_taken":0,"max_hp_gain":0,"max_hp_loss":0,"event_name":"The Library","floor":31,"gold_loss":0},{"damage_healed":0,"gold_gain":0,"player_choice":"Fight","damage_taken":0,"max_hp_gain":0,"max_hp_loss":0,"event_name":"MindBloom","floor":36,"gold_loss":0},{"damage_healed":0,"gold_gain":0,"player_choice":"Fight","damage_taken":0,"max_hp_gain":0,"max_hp_loss":0,"event_name":"Mysterious Sphere","floor":37,"gold_loss":0},{"damage_healed":0,"gold_gain":0,"player_choice":"Max HP","damage_taken":0,"max_hp_gain":0,"max_hp_loss":6,"event_name":"Winding Halls","floor":46,"gold_loss":0}],"is_beta":false,"boss_relics":[{"not_picked":["Pandora\u0027s Box","Runic Pyramid"],"picked":"Lizard Tail"},{"not_picked":["Black Star","Runic Dome"],"picked":"Runic Cube"}],"items_purged_floors":[2,21,39,44,48],"is_endless":false,"potions_floor_spawned":[1,3,5,13,16,18,24,30,37,38,41],"killed_by":"Awakened One","ascension_level":0}