{"gold_per_floor":[367,367,367,385,404,432,449,449,449,495,510,510,523,19,19,122,122,132,47,47,58,69,69,95,95,95,95,112,112,37,47,47,148,148,161,161,174,74,90,90,124,124,124,136,152,163,179,179,179,179],"floor_reached":50,"playtime":3919,"items_purged":["Bash+1","Strike_R"],"score":521,"play_id":"0193c669-ee42-4580-96e0-156b7ce76454","local_time":"20181229015411","is_ascension_mode":false,"campfire_choices":[{"data":"Bash","floor":12,"key":"SMITH"},{"data":"Combust","floor":15,"key":"SMITH"},{"data":"Bash","floor":23,"key":"SMITH"},{"floor":25,"key":"REST"},{"data":"Rage","floor":29,"key":"SMITH"},{"data":"Double Tap","floor":32,"key":"SMITH"},{"data":"Offering","floor":40,"key":"SMITH"},{"floor":42,"key":"REST"},{"floor":49,"key":"REST"}],"neow_cost":"PERCENT_DAMAGE","seed_source_timestamp":714414668508327,"circlet_count":0,"master_deck":["Strike_R","Strike_R","Strike_R","Strike_R","Defend_R","Defend_R","Infernal Blade+1","Rage+1","Bloodletting","Clothesline","Disarm","Combust+1","Double Tap+1","Bash+1","Whirlwind+1","Shockwave+1","Twin Strike+1","Offering+1","Bloodletting+1","Power Through+1","Evolve+1","Fire Breathing+1","Enlightenment"],"relics":["Burning Blood","Kunai","Ice Cream","Lantern","Matryoshka","Medical Kit","Mark of Pain","FossilizedHelix","Bottled Flame","Bag of Marbles","Pear","Runic Cube","Prayer Wheel","Ancient Tea Set","Dodecahedron"],"potions_floor_usage":[5,11,16,16,24,33,33,39,41,47,50,50,50,50,50,50,50,50],"damage_taken":[{"damage":6,"enemies":"2 Louse","floor":1,"turns":2},{"damage":3,"enemies":"Small Slimes","floor":4,"turns":3},{"damage":0,"enemies":"Cultist","floor":5,"turns":3},{"damage":23,"enemies":"Gremlin Nob","floor":6,"turns":4},{"damage":6,"enemies":"2 Fungi Beasts","floor":7,"turns":4},{"damage":7,"enemies":"Blue Slaver","floor":11,"turns":3},{"damage":0,"enemies":"Exordium Thugs","floor":13,"turns":3},{"damage":53,"enemies":"Slime Boss","floor":16,"turns":9},{"damage":29,"enemies":"2 Thieves","floor":18,"turns":4},{"damage":0,"enemies":"Chosen","floor":21,"turns":3},{"damage":17,"enemies":"Shelled Parasite and Fungi","floor":22,"turns":4},{"damage":29,"enemies":"Gremlin Leader","floor":24,"turns":5},{"damage":0,"enemies":"Centurion and Healer","floor":28,"turns":2},{"damage":0,"enemies":"Snecko","floor":31,"turns":3},{"damage":40,"enemies":"Champ","floor":33,"turns":8},{"damage":20,"enemies":"3 Shapes","floor":35,"turns":2},{"damage":6,"enemies":"Orb Walker","floor":37,"turns":2},{"damage":31,"enemies":"Transient","floor":39,"turns":5},{"damage":26,"enemies":"Giant Head","floor":41,"turns":8},{"damage":3,"enemies":"Spire Growth","floor":44,"turns":3},{"damage":0,"enemies":"Jaw Worm Horde","floor":45,"turns":1},{"damage":12,"enemies":"Maw","floor":46,"turns":6},{"damage":19,"enemies":"Writhing Mass","floor":47,"turns":4},{"damage":91,"enemies":"Time Eater","floor":50,"turns":12}],"seed_played":"-2398303868623629969","potions_obtained":[{"floor":4,"key":"Fruit Juice"},{"floor":7,"key":"Poison Potion"},{"floor":11,"key":"Regen Potion"},{"floor":13,"key":"SpeedPotion"},{"floor":16,"key":"FearPotion"},{"floor":21,"key":"FearPotion"},{"floor":28,"key":"EntropicBrew"},{"floor":33,"key":"GamblersBrew"},{"floor":39,"key":"FearPotion"},{"floor":44,"key":"Dexterity Potion"},{"floor":45,"key":"SkillPotion"}],"is_trial":false,"path_per_floor":["M","?","?","M","M","E","M","?","T","T","M","R","M","$","R","B",null,"M","?","?","M","M","R","E","R","T","?","M","R","$","M","R","B",null,"M","?","M","$","M","R","E","R","T","M","M","M","M","?","R","B"],"character_chosen":"IRONCLAD","items_purchased":["Matryoshka","Combust","Medical Kit"],"campfire_rested":3,"item_purchase_floors":[14,14,14],"current_hp_per_floor":[56,56,56,59,70,53,53,46,46,46,45,45,51,51,51,18,85,62,62,62,68,57,57,34,59,69,69,75,75,75,81,81,47,95,81,81,81,81,56,56,36,64,64,67,73,67,54,54,82,0],"gold":179,"neow_bonus":"TWO_FIFTY_GOLD","is_prod":false,"is_daily":false,"chose_seed":false,"campfire_upgraded":6,"win_rate":0.0,"timestamp":1546077251,"path_taken":["M","?","?","M","?","E","M","?","T","?","M","R","M","$","R","BOSS","M","?","?","M","?","R","E","R","T","?","?","R","$","M","R","BOSS","M","?","M","$","M","R","E","R","T","M","M","M","M","?","R","BOSS"],"build_version":"2018-12-20","purchased_purges":2,"victory":false,"max_hp_per_floor":[80,80,80,80,85,85,85,85,85,85,85,85,85,85,85,85,85,85,85,85,85,85,85,85,85,95,95,95,95,95,95,95,95,95,95,95,95,95,95,95,95,95,95,95,95,95,95,95,95,95],"card_choices":[{"not_picked":["Sword Boomerang","Armaments"],"picked":"Infernal Blade","floor":1},{"not_picked":["Cleave","True Grit"],"picked":"Rage","floor":4},{"not_picked":["Pommel Strike","Warcry","Twin Strike"],"picked":"SKIP","floor":5},{"not_picked":["Barricade","Entrench"],"picked":"Bloodletting","floor":6},{"not_picked":["Shrug It Off","Thunderclap"],"picked":"Clothesline","floor":7},{"not_picked":["Perfected Strike","Clash"],"picked":"Disarm","floor":11},{"not_picked":["Wild Strike","Armaments","Sever Soul"],"picked":"SKIP","floor":13},{"not_picked":["Dark Embrace","Fiend Fire"],"picked":"Double Tap","floor":16},{"not_picked":["Clash","Wild Strike+1","Seeing Red"],"picked":"SKIP","floor":18},{"not_picked":["Perfected Strike","Clothesline+1","Clash+1"],"picked":"SKIP","floor":21},{"not_picked":["Shrug It Off+1","Perfected Strike+1"],"picked":"Whirlwind+1","floor":22},{"not_picked":["Thunderclap","Rampage+1"],"picked":"Shockwave+1","floor":24},{"not_picked":["Clash","Searing Blow+1","Berserk"],"picked":"SKIP","floor":28},{"not_picked":["Warcry","Cleave"],"picked":"Twin Strike+1","floor":31},{"not_picked":["Dark Embrace","Barricade"],"picked":"Offering","floor":33},{"not_picked":["Clash","Anger"],"picked":"Bloodletting+1","floor":35},{"not_picked":["Warcry","Perfected Strike"],"picked":"Power Through+1","floor":37},{"not_picked":["Seeing Red","Iron Wave"],"picked":"Evolve+1","floor":39},{"not_picked":["Sword Boomerang","Reaper"],"picked":"Fire Breathing+1","floor":41},{"not_picked":["Burning Pact","Anger","Heavy Blade"],"picked":"SKIP","floor":44},{"not_picked":["Cleave+1","Flex","Feel No Pain+1"],"picked":"SKIP","floor":44},{"not_picked":["Clash+1","Headbutt+1","Pommel Strike"],"picked":"SKIP","floor":45},{"not_picked":["Combust","Flame Barrier+1","Intimidate+1"],"picked":"SKIP","floor":45},{"not_picked":["Pommel Strike","Corruption+1","Seeing Red+1"],"picked":"SKIP","floor":46},{"not_picked":["Metallicize","Offering","Combust+1"],"picked":"SKIP","floor":46},{"not_picked":["Clothesline+1","Blood for Blood+1","Cleave+1"],"picked":"SKIP","floor":47},{"not_picked":["Wild Strike+1","Whirlwind","Perfected Strike"],"picked":"SKIP","floor":47},{"not_picked":["Bandage Up","Forethought"],"picked":"Enlightenment","floor":48}],"player_experience":32218,"relics_obtained":[{"floor":6,"key":"Kunai"},{"floor":9,"key":"Ice Cream"},{"floor":10,"key":"Lantern"},{"floor":24,"key":"Bottled Flame"},{"floor":26,"key":"Bag of Marbles"},{"floor":26,"key":"Pear"},{"floor":41,"key":"Prayer Wheel"},{"floor":43,"key":"Ancient Tea Set"},{"floor":43,"key":"Dodecahedron"}],"event_choices":[{"damage_healed":0,"gold_gain":0,"player_choice":"Ignored","damage_taken":0,"max_hp_gain":0,"max_hp_loss":0,"event_name":"Liars Game","floor":2,"gold_loss":0},{"damage_healed":0,"gold_gain":0,"player_choice":"Forge","damage_taken":0,"max_hp_gain":0,"max_hp_loss":0,"event_name":"Accursed Blacksmith","floor":3,"gold_loss":0,"cards_upgraded":["Infernal Blade"]},{"cards_removed":["Defend_R"],"damage_healed":0,"gold_gain":0,"player_choice":"Card Removal","damage_taken":7,"max_hp_gain":0,"max_hp_loss":0,"event_name":"Golden Wing","floor":8,"gold_loss":0},{"damage_healed":0,"gold_gain":0,"player_choice":"Obtained Relic","damage_taken":0,"relics_obtained":["FossilizedHelix"],"max_hp_gain":0,"max_hp_loss":0,"event_name":"Addict","floor":19,"gold_loss":85},{"damage_healed":0,"gold_gain":0,"player_choice":"1 cards matched","damage_taken":0,"max_hp_gain":0,"max_hp_loss":0,"event_name":"Match and Keep!","floor":20,"gold_loss":0,"cards_obtained":["Bash"]},{"cards_removed":["Defend_R"],"damage_healed":0,"gold_gain":0,"player_choice":"Purged","damage_taken":0,"max_hp_gain":0,"max_hp_loss":0,"event_name":"Purifier","floor":27,"gold_loss":0},{"damage_healed":0,"gold_gain":0,"player_choice":"Ignored","damage_taken":0,"max_hp_gain":0,"max_hp_loss":0,"event_name":"Tomb of Lord Red Mask","floor":36,"gold_loss":0},{"damage_healed":0,"gold_gain":0,"player_choice":"Memory 1","damage_taken":0,"max_hp_gain":0,"max_hp_loss":0,"event_name":"SensoryStone","floor":48,"gold_loss":0}],"is_beta":false,"boss_relics":[{"not_picked":["Runic Dome","Black Star"],"picked":"Mark of Pain"},{"not_picked":["Astrolabe","White Beast Statue"],"picked":"Runic Cube"}],"items_purged_floors":[30,38],"is_endless":false,"potions_floor_spawned":[4,7,11,13,16,21,28,33,35,39,44,45],"killed_by":"Time Eater","ascension_level":0}