{"gold_per_floor":[210,19,19,19,35,35,62,62,87,117,117,67,94,114,114,210,210,229,229,129,142,17,17,44,44,70,80,113,113,126,142,142,238,288,304,304,130,140,140,140,140,168,222,222,322,357,377,388,388,388],"floor_reached":51,"playtime":5074,"items_purged":["Strike_B","Decay","Injury","Strike_B"],"score":734,"play_id":"31c307d5-2865-466d-a8df-dbb125ca24ff","local_time":"20190111130911","is_ascension_mode":true,"campfire_choices":[{"data":"Sunder","floor":6,"key":"SMITH"},{"data":"Streamline","floor":8,"key":"SMITH"},{"floor":11,"key":"REST"},{"data":"Genetic Algorithm","floor":15,"key":"SMITH"},{"data":"Cold Snap","floor":23,"key":"SMITH"},{"data":"Zap","floor":25,"key":"SMITH"},{"data":"Seek","floor":32,"key":"SMITH"},{"data":"Blind","floor":40,"key":"SMITH"},{"floor":44,"key":"REST"},{"floor":49,"key":"REST"}],"neow_cost":"NONE","seed_source_timestamp":124105687283958,"circlet_count":0,"master_deck":["Strike_B","Strike_B","Defend_B+1","Defend_B","Defend_B","Zap+1","Genetic Algorithm+1","Self Repair","Sunder+1","Rebound","Streamline+1","Undo","Leap+1","Ball Lightning","Reboot","Parasite","Conserve Battery+1","Cold Snap+1","Sweeping Beam","Chill","Seek+1","Necronomicurse","Sunder+1","Electrodynamics","Chaos","Chaos+1","Blind+1","Leap","Capacitor","Glacier+1","Ball Lightning+1","Loop"],"relics":["Cracked Core","Ice Cream","Dead Branch","Potion Belt","Odd Mushroom","Vajra","Calling Bell","Sundial","Incense Burner","War Paint","Bronze Scales","Ancient Tea Set","Juzu Bracelet","Necronomicon","Tiny House","Bag of Preparation","Regal Pillow"],"potions_floor_usage":[13,16,28,35,50],"damage_taken":[{"damage":0,"enemies":"Cultist","floor":1,"turns":3},{"damage":7,"enemies":"Jaw Worm","floor":5,"turns":4},{"damage":15,"enemies":"Gremlin Nob","floor":7,"turns":4},{"damage":18,"enemies":"The Mushroom Lair","floor":10,"turns":3},{"damage":26,"enemies":"Lagavulin","floor":13,"turns":5},{"damage":2,"enemies":"Small Slimes","floor":14,"turns":2},{"damage":30,"enemies":"Hexaghost","floor":16,"turns":9},{"damage":17,"enemies":"Shell Parasite","floor":18,"turns":8},{"damage":5,"enemies":"Colosseum Slavers","floor":19,"turns":4},{"damage":0,"enemies":"Chosen","floor":21,"turns":4},{"damage":19,"enemies":"Slavers","floor":24,"turns":7},{"damage":0,"enemies":"Sentry and Sphere","floor":27,"turns":5},{"damage":2,"enemies":"Book of Stabbing","floor":28,"turns":5},{"damage":0,"enemies":"Centurion and Healer","floor":30,"turns":3},{"damage":6,"enemies":"3 Cultists","floor":31,"turns":5},{"damage":45,"enemies":"Automaton","floor":33,"turns":8},{"damage":0,"enemies":"Orb Walker","floor":35,"turns":2},{"damage":8,"enemies":"3 Darklings","floor":38,"turns":4},{"damage":54,"enemies":"Giant Head","floor":42,"turns":9},{"damage":19,"enemies":"Reptomancer","floor":46,"turns":5},{"damage":0,"enemies":"Jaw Worm Horde","floor":47,"turns":3},{"damage":26,"enemies":"Maw","floor":48,"turns":7},{"damage":56,"enemies":"Donu and Deca","floor":50,"turns":9}],"seed_played":"5035346090557989467","potions_obtained":[{"floor":1,"key":"Ancient Potion"},{"floor":7,"key":"FairyPotion"},{"floor":10,"key":"Regen Potion"},{"floor":13,"key":"Poison Potion"},{"floor":24,"key":"LiquidBronze"},{"floor":27,"key":"EntropicBrew"},{"floor":33,"key":"Fire Potion"},{"floor":34,"key":"SteroidPotion"},{"floor":38,"key":"Strength Potion"},{"floor":47,"key":"PowerPotion"},{"floor":48,"key":"Weak Potion"}],"is_trial":false,"path_per_floor":["M","$","$","?","M","R","E","R","T","?","R","?","E","M","R","B",null,"M","?","$","M","$","R","E","R","T","M","E","?","M","M","R","B",null,"M","?","$","M","?","R","?","E","T","R","?","E","M","M","R","B",null],"character_chosen":"DEFECT","items_purchased":["Self Repair","Sunder","Leap"],"campfire_rested":3,"item_purchase_floors":[2,2,37],"current_hp_per_floor":[75,75,75,57,57,57,49,49,49,38,60,60,53,51,51,28,75,65,67,67,74,74,74,62,62,62,62,67,51,58,59,59,21,80,80,80,80,72,72,72,72,18,18,40,40,21,28,9,46,14],"gold":388,"neow_bonus":"HUNDRED_GOLD","is_prod":false,"is_daily":false,"chose_seed":false,"campfire_upgraded":7,"win_rate":0,"timestamp":1547208551,"path_taken":["M","?","$","?","M","R","E","R","T","?","R","?","E","M","R","BOSS","M","?","$","M","$","R","E","R","T","M","E","?","M","M","R","BOSS","M","?","$","M","?","R","?","E","T","R","?","E","M","M","R","BOSS"],"build_version":"2019-01-10","purchased_purges":4,"victory":true,"max_hp_per_floor":[75,75,75,75,75,75,75,75,75,75,75,75,75,75,75,75,75,75,75,75,75,75,75,75,75,75,75,75,75,75,75,75,75,80,80,80,80,80,76,76,76,76,76,76,76,76,76,76,76,76],"card_choices":[{"not_picked":["Capacitor","Cold Snap"],"picked":"Genetic Algorithm","floor":1},{"not_picked":["Turbo","Ball Lightning"],"picked":"Rebound","floor":5},{"not_picked":["Loop","Thunder Strike"],"picked":"Streamline","floor":7},{"not_picked":["Steam","Storm"],"picked":"Undo","floor":10},{"not_picked":["Auto Shields","Stack"],"picked":"Leap","floor":13},{"not_picked":["Self Repair","Compile Driver"],"picked":"Ball Lightning","floor":14},{"not_picked":["Thunder Strike","Amplify"],"picked":"Reboot","floor":16},{"not_picked":["Go for the Eyes","Compile Driver"],"picked":"Conserve Battery+1","floor":18},{"not_picked":["Auto Shields","Steam"],"picked":"Cold Snap","floor":21},{"not_picked":["Force Field","Auto Shields"],"picked":"Sweeping Beam","floor":24},{"not_picked":["Reboot","Cold Snap"],"picked":"Chill","floor":27},{"not_picked":["Coolheaded","FTL"],"picked":"Seek","floor":28},{"not_picked":["Reinforced Body+1","Sweeping Beam","Stack"],"picked":"SKIP","floor":30},{"not_picked":["Genetic Algorithm","Compile Driver"],"picked":"Sunder+1","floor":31},{"not_picked":["Seek","Buffer"],"picked":"Electrodynamics","floor":33},{"not_picked":["Steam Power+1","Redo"],"picked":"Chaos","floor":34},{"not_picked":["Compile Driver","Cold Snap+1"],"picked":"Chaos+1","floor":35},{"not_picked":["Purity","Forethought"],"picked":"Blind","floor":36},{"not_picked":["Cold Snap+1","White Noise","Hello World+1"],"picked":"SKIP","floor":38},{"not_picked":["Rebound","Steam"],"picked":"Capacitor","floor":42},{"not_picked":["Beam Cell","Machine Learning"],"picked":"Glacier+1","floor":46},{"not_picked":["Steam+1","Go for the Eyes"],"picked":"Ball Lightning+1","floor":47},{"not_picked":["Conserve Battery+1","White Noise"],"picked":"Loop","floor":48}],"player_experience":235925,"relics_obtained":[{"floor":7,"key":"Dead Branch"},{"floor":9,"key":"Potion Belt"},{"floor":10,"key":"Odd Mushroom"},{"floor":13,"key":"Vajra"},{"floor":17,"key":"Sundial"},{"floor":17,"key":"Incense Burner"},{"floor":17,"key":"War Paint"},{"floor":24,"key":"Bronze Scales"},{"floor":26,"key":"Ancient Tea Set"},{"floor":28,"key":"Juzu Bracelet"},{"floor":29,"key":"Necronomicon"},{"floor":42,"key":"Bag of Preparation"},{"floor":46,"key":"Regal Pillow"}],"event_choices":[{"damage_healed":0,"gold_gain":0,"player_choice":"Success","damage_taken":18,"relics_obtained":["Ice Cream"],"max_hp_gain":0,"max_hp_loss":0,"event_name":"Scrap Ooze","floor":4,"gold_loss":0},{"damage_healed":0,"gold_gain":0,"player_choice":"Fought Mushrooms","damage_taken":0,"max_hp_gain":0,"max_hp_loss":0,"event_name":"Mushrooms","floor":10,"gold_loss":0},{"cards_removed":["Dualcast"],"damage_healed":0,"gold_gain":0,"player_choice":"Card Removal","damage_taken":0,"max_hp_gain":0,"max_hp_loss":0,"event_name":"The Cleric","floor":12,"gold_loss":50},{"damage_healed":0,"gold_gain":0,"player_choice":"Fight","damage_taken":0,"max_hp_gain":0,"max_hp_loss":0,"event_name":"Colosseum","floor":19,"gold_loss":0},{"damage_healed":0,"gold_gain":0,"player_choice":"Fled From Nobs","damage_taken":0,"max_hp_gain":0,"max_hp_loss":0,"event_name":"Colosseum","floor":19,"gold_loss":0},{"damage_healed":0,"gold_gain":0,"player_choice":"Obtained Book","damage_taken":16,"max_hp_gain":0,"max_hp_loss":0,"event_name":"Cursed Tome","floor":29,"gold_loss":0},{"damage_healed":0,"gold_gain":0,"player_choice":"Memory 1","damage_taken":0,"max_hp_gain":0,"max_hp_loss":0,"event_name":"SensoryStone","floor":36,"gold_loss":0},{"damage_healed":0,"gold_gain":0,"player_choice":"Max HP","damage_taken":0,"max_hp_gain":0,"max_hp_loss":4,"event_name":"Winding Halls","floor":39,"gold_loss":0},{"cards_removed":["Defend_B"],"damage_healed":0,"gold_gain":0,"player_choice":"Removed Skill","damage_taken":0,"max_hp_gain":0,"max_hp_loss":0,"event_name":"Falling","floor":41,"gold_loss":0},{"damage_healed":0,"gold_gain":100,"player_choice":"Pray","damage_taken":0,"max_hp_gain":0,"max_hp_loss":0,"event_name":"Golden Shrine","floor":45,"gold_loss":0}],"is_beta":false,"boss_relics":[{"not_picked":["Lizard Tail","Philosopher\u0027s Stone"],"picked":"Calling Bell"},{"not_picked":["Coffee Dripper","Inserter"],"picked":"Tiny House"}],"items_purged_floors":[2,20,22,37],"is_endless":false,"potions_floor_spawned":[1,7,10,13,19,24,27,33,38,47,48],"ascension_level":1}