{"gold_per_floor":[114,129,144,159,174,174,189,111,136,136,151,166,181,211,211,311,311,326,15,30,45,23,23,38,53,53,68,83,98,98,113,113,213,213,228,243,76,176,176],"floor_reached":39,"playtime":3679,"items_purged":[],"score":495,"play_id":"d2be86b6-d76c-4eb7-b46e-06bcd0469cdd","local_time":"20181106195823","daily_mods":["Specialized","Flight","Night Terrors"],"is_ascension_mode":false,"campfire_choices":[{"data":"Havoc","floor":6,"key":"SMITH"},{"floor":15,"key":"REST"},{"floor":23,"key":"REST"},{"floor":30,"key":"REST"},{"data":"Dark Embrace","floor":32,"key":"SMITH"}],"neow_cost":"","seed_source_timestamp":0,"circlet_count":0,"master_deck":["Strike_R","Strike_R","Strike_R","Strike_R","Strike_R","Defend_R","Defend_R","Defend_R","Defend_R","Bash","Havoc","Havoc","Havoc","Havoc","Havoc+1","Twin Strike+1","Headbutt","Warcry","Warcry","Blood for Blood+1","Bloodletting","Headbutt","Warcry","Warcry","Shrug It Off","Carnage","Dark Embrace+1","Exhume","Sentinel","Havoc","Feed","Armaments+1","Armaments+1","Havoc","Havoc","Bludgeon","Pommel Strike","Havoc+1","Juggernaut","Uppercut+1","Havoc","Flash of Steel","Seeing Red","Intimidate+1"],"special_seed":17841,"relics":["Burning Blood","Whetstone","Juzu Bracelet","Mark of Pain","Lantern","Paper Frog","Lizard Tail","Magic Flower"],"potions_floor_usage":[16,16,18,20,21,33,33,36],"damage_taken":[{"damage":11,"enemies":"2 Louse","floor":1,"turns":3},{"damage":4,"enemies":"Small Slimes","floor":2,"turns":3},{"damage":6,"enemies":"Jaw Worm","floor":3,"turns":3},{"damage":22,"enemies":"3 Louse","floor":4,"turns":4},{"damage":12,"enemies":"Exordium Wildlife","floor":5,"turns":4},{"damage":10,"enemies":"Looter","floor":7,"turns":3},{"damage":0,"enemies":"2 Fungi Beasts","floor":11,"turns":2},{"damage":14,"enemies":"Large Slime","floor":12,"turns":5},{"damage":13,"enemies":"Lots of Slimes","floor":13,"turns":4},{"damage":44,"enemies":"Lagavulin","floor":14,"turns":6},{"damage":69,"enemies":"The Guardian","floor":16,"turns":10},{"damage":18,"enemies":"3 Byrds","floor":18,"turns":4},{"damage":28,"enemies":"2 Thieves","floor":20,"turns":5},{"damage":37,"enemies":"Shelled Parasite and Fungi","floor":21,"turns":6},{"damage":21,"enemies":"Snake Plant","floor":24,"turns":2},{"damage":21,"enemies":"Centurion and Healer","floor":25,"turns":4},{"damage":13,"enemies":"Chosen and Byrds","floor":27,"turns":4},{"damage":10,"enemies":"Sentry and Sphere","floor":28,"turns":3},{"damage":3,"enemies":"Centurion and Healer","floor":29,"turns":5},{"damage":17,"enemies":"Chosen and Byrds","floor":31,"turns":8},{"damage":62,"enemies":"Collector","floor":33,"turns":11},{"damage":2,"enemies":"Orb Walker","floor":35,"turns":2},{"damage":42,"enemies":"3 Darklings","floor":36,"turns":7},{"damage":35,"enemies":"Mind Bloom Boss Battle","floor":38,"turns":5},{"damage":89,"enemies":"2 Orb Walkers","floor":39,"turns":4}],"seed_played":"-1781606062419763823","potions_obtained":[{"floor":1,"key":"Swift Potion"},{"floor":2,"key":"SpeedPotion"},{"floor":7,"key":"Explosive Potion"},{"floor":13,"key":"Dexterity Potion"},{"floor":14,"key":"Weak Potion"},{"floor":16,"key":"FearPotion"},{"floor":18,"key":"Block Potion"},{"floor":20,"key":"Dexterity Potion"},{"floor":25,"key":"BloodPotion"},{"floor":33,"key":"Fruit Juice"}],"is_trial":false,"path_per_floor":["M","M","M","M","M","R","M","$","T","?","M","M","M","E","R","B",null,"M","$","M","M","$","R","M","M","T","M","M","M","R","M","R","B",null,"M","M","$","?","?"],"character_chosen":"IRONCLAD","items_purchased":["Headbutt","Warcry","Havoc","Lantern","Feed","Havoc","Flash of Steel","Seeing Red"],"campfire_rested":3,"item_purchase_floors":[8,8,19,19,19,22,37,37],"current_hp_per_floor":[75,77,77,61,55,55,51,51,51,77,80,72,65,27,75,12,75,63,63,44,13,13,73,58,47,47,40,36,39,72,61,61,12,72,72,41,41,12,0],"gold":176,"neow_bonus":"","is_prod":false,"is_daily":true,"chose_seed":false,"campfire_upgraded":2,"win_rate":0,"timestamp":1541552303,"path_taken":["M","M","M","M","M","R","M","$","T","?","M","M","M","E","R","BOSS","M","$","M","M","$","R","M","M","T","M","M","M","R","M","R","BOSS","M","M","$","?","?"],"build_version":"2018-11-01","purchased_purges":0,"victory":false,"max_hp_per_floor":[80,80,80,80,80,80,80,80,80,80,80,80,80,80,75,75,75,75,75,78,78,78,73,73,77,77,77,77,77,72,72,72,72,72,72,77,77,77,77],"card_choices":[{"not_picked":["Second Wind","Body Slam"],"picked":"Twin Strike","floor":1},{"not_picked":["Intimidate","Combust"],"picked":"Headbutt","floor":2},{"not_picked":["True Grit","Evolve"],"picked":"Warcry","floor":3},{"not_picked":["Power Through","Wild Strike"],"picked":"Warcry","floor":4},{"not_picked":["Clash","Havoc"],"picked":"Blood for Blood","floor":5},{"not_picked":["Second Wind","Sword Boomerang"],"picked":"Bloodletting","floor":7},{"not_picked":["Anger","Havoc"],"picked":"Warcry","floor":11},{"not_picked":["Thunderclap","Body Slam"],"picked":"Shrug It Off","floor":12},{"not_picked":["Combust","Thunderclap"],"picked":"Carnage","floor":13},{"not_picked":["Thunderclap","Cleave"],"picked":"Dark Embrace","floor":14},{"not_picked":["Immolate","Impervious"],"picked":"Exhume","floor":16},{"not_picked":["Intimidate","Wild Strike"],"picked":"Sentinel","floor":18},{"not_picked":["Perfected Strike+1","Clothesline"],"picked":"Armaments+1","floor":20},{"not_picked":["Shrug It Off","Whirlwind+1"],"picked":"Armaments+1","floor":21},{"not_picked":["Iron Wave","Anger"],"picked":"Havoc","floor":24},{"not_picked":["Wild Strike","Heavy Blade"],"picked":"Bludgeon","floor":25},{"not_picked":["Intimidate","True Grit"],"picked":"Pommel Strike","floor":27},{"not_picked":["Shrug It Off","Hemokinesis","Anger"],"picked":"SKIP","floor":28},{"not_picked":["Wild Strike","Immolate","Clothesline"],"picked":"SKIP","floor":29},{"not_picked":["Shrug It Off","Second Wind"],"picked":"Havoc+1","floor":31},{"not_picked":["Immolate","Fiend Fire"],"picked":"Juggernaut","floor":33},{"not_picked":["Warcry","Clothesline"],"picked":"Uppercut+1","floor":35},{"not_picked":["Entrench+1","Cleave"],"picked":"Havoc","floor":36},{"not_picked":["Body Slam+1","Battle Trance"],"picked":"Intimidate+1","floor":38}],"player_experience":32574,"relics_obtained":[{"floor":9,"key":"Whetstone"},{"floor":14,"key":"Juzu Bracelet"},{"floor":26,"key":"Paper Frog"},{"floor":38,"key":"Magic Flower"}],"event_choices":[{"damage_healed":26,"gold_gain":0,"player_choice":"Banana","damage_taken":0,"max_hp_gain":0,"max_hp_loss":0,"event_name":"Big Fish","floor":10,"gold_loss":0},{"damage_healed":0,"gold_gain":0,"player_choice":"Fight","damage_taken":0,"max_hp_gain":0,"max_hp_loss":0,"event_name":"MindBloom","floor":38,"gold_loss":0},{"damage_healed":0,"gold_gain":0,"player_choice":"Fight","damage_taken":0,"max_hp_gain":0,"max_hp_loss":0,"event_name":"Mysterious Sphere","floor":39,"gold_loss":0}],"is_beta":false,"boss_relics":[{"not_picked":["Busted Crown","Empty Cage"],"picked":"Mark of Pain"},{"not_picked":["Astrolabe","Black Star"],"picked":"Lizard Tail"}],"items_purged_floors":[],"is_endless":false,"potions_floor_spawned":[1,2,7,13,14,16,18,20,25,33],"killed_by":"2 Orb Walkers","ascension_level":0}