{"gold_per_floor":[117,117,131,21,39,39,73,73,73,73,90,90,116,129,129,129],"floor_reached":16,"playtime":822,"items_purged":["Injury"],"score":154,"play_id":"b97ea27f-05b8-4cde-b467-006a6c45ec4c","local_time":"20181005164838","is_ascension_mode":true,"campfire_choices":[{"data":"Whirlwind","floor":6,"key":"SMITH"},{"data":"Havoc","floor":8,"key":"SMITH"},{"data":"Clothesline","floor":10,"key":"SMITH"},{"data":"Feed","floor":12,"key":"SMITH"},{"floor":15,"key":"REST"}],"neow_cost":"CURSE","seed_source_timestamp":160463785159199,"circlet_count":0,"master_deck":["Strike_R","Strike_R","Strike_R","Strike_R","Strike_R","Defend_R","Defend_R","Defend_R","Defend_R","Bash","Havoc+1","Whirlwind+1","Metallicize","Feel No Pain","Clothesline+1","Feed+1","Armaments"],"relics":["Burning Blood","Magic Flower","Peace Pipe","Pear","The Courier"],"potions_floor_usage":[14,16],"damage_taken":[{"damage":2,"enemies":"Jaw Worm","floor":1,"turns":3},{"damage":6,"enemies":"Cultist","floor":3,"turns":3},{"damage":3,"enemies":"Small Slimes","floor":5,"turns":4},{"damage":45,"enemies":"Lagavulin","floor":7,"turns":9},{"damage":0,"enemies":"2 Fungi Beasts","floor":11,"turns":2},{"damage":28,"enemies":"Gremlin Nob","floor":13,"turns":5},{"damage":24,"enemies":"Exordium Thugs","floor":14,"turns":5},{"damage":59,"enemies":"Hexaghost","floor":16,"turns":11}],"seed_played":"-3817864197488251892","potions_obtained":[{"floor":3,"key":"Energy Potion"},{"floor":13,"key":"AttackPotion"}],"is_trial":false,"path_per_floor":["M","?","M","$","M","R","E","R","T","R","M","R","E","M","R"],"character_chosen":"IRONCLAD","items_purchased":["Metallicize"],"campfire_rested":1,"item_purchase_floors":[4],"current_hp_per_floor":[79,79,80,80,80,80,44,44,54,54,63,63,44,29,56,0],"gold":129,"neow_bonus":"ONE_RARE_RELIC","is_prod":false,"is_daily":false,"chose_seed":false,"campfire_upgraded":4,"win_rate":0,"timestamp":1538772518,"path_taken":["M","?","M","$","M","R","E","R","T","R","M","R","E","?","R","BOSS"],"build_version":"2018-10-04","purchased_purges":1,"victory":false,"max_hp_per_floor":[80,80,80,80,80,80,80,80,90,90,90,90,90,90,90,90],"card_choices":[{"not_picked":["Anger","Sword Boomerang"],"picked":"Havoc","floor":1},{"not_picked":["Wild Strike","Body Slam"],"picked":"Whirlwind","floor":3},{"not_picked":["Power Through","True Grit"],"picked":"Feel No Pain","floor":5},{"not_picked":["Twin Strike","Rupture"],"picked":"Clothesline","floor":7},{"not_picked":["Headbutt","Bloodletting"],"picked":"Feed","floor":11},{"not_picked":["Clash","Thunderclap","Dropkick"],"picked":"SKIP","floor":13},{"not_picked":["Anger","Sentinel"],"picked":"Armaments","floor":14}],"player_experience":563829,"relics_obtained":[{"floor":7,"key":"Peace Pipe"},{"floor":9,"key":"Pear"},{"floor":13,"key":"The Courier"}],"event_choices":[{"event_name":"The Woman in Blue","player_choice":"Bought 0 Potions","floor":2,"damage_taken":0}],"is_beta":false,"boss_relics":[],"items_purged_floors":[4],"is_endless":false,"potions_floor_spawned":[3,13],"killed_by":"Hexaghost","ascension_level":8}