{"gold_per_floor":[115,126,144,144,144,184,184,218,218,294,310,310,310,331,331,462,462,480,496,496,411,431,431,444,444,444,484,133,152,54,72,72,202,202,216,341,65,0,13,13],"floor_reached":40,"playtime":2024,"items_purged":["Injury"],"score":463,"play_id":"94a6d9f4-183d-4e91-817e-bc506daac3ba","local_time":"20190209200302","is_ascension_mode":true,"campfire_choices":[{"floor":7,"key":"REST"},{"floor":12,"key":"REST"},{"floor":15,"key":"REST"},{"floor":23,"key":"REST"},{"floor":25,"key":"REST"},{"floor":32,"key":"REST"}],"neow_cost":"TEN_PERCENT_HP_LOSS","seed_source_timestamp":373261243427229,"circlet_count":0,"master_deck":["Defend_B","Defend_B","Defend_B","Defend_B","Zap+1","Dualcast","Multi-Cast+1","Rip and Tear","Heatsinks","Tempest","Turbo","Fusion","Electrodynamics","Capacitor","Rebound","Amplify","Redo","Defragment","Sweeping Beam","Self Repair+1","Static Discharge","Hello World","Hello World","Finesse","Thunder Strike","Reboot","Aggregate+1","Ball Lightning","Storm","Secret Weapon"],"relics":["Cracked Core","Golden Idol","Anchor","Incense Burner","Ornamental Fan","Mercury Hourglass","Torii","Empty Cage","DataDisk","Turnip","Omamori","Pen Nib","Symbiotic Virus","Sozu","FossilizedHelix","Red Mask"],"potions_floor_usage":[16,19,22,33],"damage_taken":[{"damage":6,"enemies":"Cultist","floor":1,"turns":3},{"damage":0,"enemies":"Small Slimes","floor":2,"turns":3},{"damage":5,"enemies":"2 Louse","floor":3,"turns":2},{"damage":18,"enemies":"Gremlin Nob","floor":6,"turns":3},{"damage":31,"enemies":"Lagavulin","floor":8,"turns":6},{"damage":0,"enemies":"Blue Slaver","floor":11,"turns":2},{"damage":0,"enemies":"Looter","floor":14,"turns":2},{"damage":14,"enemies":"Hexaghost","floor":16,"turns":8},{"damage":36,"enemies":"Shell Parasite","floor":18,"turns":6},{"damage":7,"enemies":"Chosen","floor":19,"turns":6},{"damage":6,"enemies":"Snake Plant","floor":22,"turns":2},{"damage":6,"enemies":"Cultist and Chosen","floor":24,"turns":3},{"damage":0,"enemies":"Slavers","floor":27,"turns":2},{"damage":18,"enemies":"3 Cultists","floor":29,"turns":3},{"damage":6,"enemies":"Snake Plant","floor":31,"turns":3},{"damage":62,"enemies":"Automaton","floor":33,"turns":8},{"damage":1,"enemies":"Orb Walker","floor":35,"turns":2},{"damage":9,"enemies":"Mind Bloom Boss Battle","floor":36,"turns":6},{"damage":28,"enemies":"3 Darklings","floor":39,"turns":3},{"damage":89,"enemies":"Nemesis","floor":40,"turns":5}],"seed_played":"6772924518296296780","potions_obtained":[{"floor":2,"key":"Energy Potion"},{"floor":3,"key":"Dexterity Potion"},{"floor":8,"key":"Energy Potion"},{"floor":11,"key":"PowerPotion"},{"floor":18,"key":"EssenceOfSteel"},{"floor":22,"key":"SteroidPotion"},{"floor":31,"key":"Block Potion"}],"is_trial":false,"path_per_floor":["M","M","M","?","?","E","R","E","T","T","M","R","?","M","R","B",null,"M","M","?","?","M","R","M","R","T","E","$","M","$","M","R","B",null,"M","?","$","?","M","E"],"character_chosen":"DEFECT","items_purchased":["Symbiotic Virus","Hello World","Finesse","Storm","Secret Weapon"],"campfire_rested":6,"item_purchase_floors":[28,28,30,37,37],"current_hp_per_floor":[62,62,57,43,43,25,45,14,14,14,14,34,31,31,51,37,68,32,25,25,25,19,39,33,53,53,53,53,45,45,49,68,6,68,67,68,68,68,50,0],"gold":13,"neow_bonus":"TRANSFORM_TWO_CARDS","is_prod":false,"is_daily":false,"chose_seed":false,"campfire_upgraded":0,"win_rate":0,"timestamp":1549760582,"path_taken":["M","M","?","?","?","E","R","E","T","?","M","R","?","M","R","BOSS","M","M","?","?","M","R","M","R","T","E","?","M","$","M","R","BOSS","M","?","$","?","M","E"],"build_version":"2019-01-23","purchased_purges":1,"victory":false,"max_hp_per_floor":[68,68,68,68,68,68,68,68,68,68,68,68,68,68,68,68,68,68,68,68,68,68,68,68,68,68,68,68,68,68,68,68,68,68,68,68,68,68,68,68],"card_choices":[{"not_picked":["Beam Cell","Steam"],"picked":"Heatsinks","floor":1},{"not_picked":["Rebound","Reinforced Body"],"picked":"Tempest","floor":2},{"not_picked":["Barrage","Sweeping Beam"],"picked":"Turbo","floor":3},{"not_picked":["Stack","Barrage"],"picked":"Fusion","floor":6},{"not_picked":["Glacier","Barrage"],"picked":"Electrodynamics","floor":8},{"not_picked":["Turbo","Stack"],"picked":"Capacitor","floor":11},{"not_picked":["Go for the Eyes","Streamline"],"picked":"Rebound","floor":14},{"not_picked":["Core Surge","Meteor Strike"],"picked":"Amplify","floor":16},{"not_picked":["Skim","Reinforced Body"],"picked":"Redo","floor":18},{"not_picked":["Blizzard","Darkness"],"picked":"Defragment","floor":19},{"not_picked":["Compile Driver","Rip and Tear"],"picked":"Sweeping Beam","floor":22},{"not_picked":["Gash","Reprogram"],"picked":"Self Repair+1","floor":24},{"not_picked":["Gash","Conserve Battery"],"picked":"Static Discharge","floor":27},{"not_picked":["Gash","Rebound"],"picked":"Hello World","floor":29},{"not_picked":["Redo","Steam+1"],"picked":"Thunder Strike","floor":31},{"not_picked":["Multi-Cast","Thunder Strike"],"picked":"Reboot","floor":33},{"not_picked":["Rebound","Tempest"],"picked":"Aggregate+1","floor":35},{"not_picked":["Beam Cell","Rebound+1"],"picked":"Ball Lightning","floor":36},{"not_picked":["Coolheaded+1","Stack+1","Chill+1"],"picked":"SKIP","floor":39}],"player_experience":118880,"relics_obtained":[{"floor":6,"key":"Anchor"},{"floor":8,"key":"Incense Burner"},{"floor":9,"key":"Ornamental Fan"},{"floor":10,"key":"Mercury Hourglass"},{"floor":26,"key":"Omamori"},{"floor":27,"key":"Pen Nib"},{"floor":36,"key":"FossilizedHelix"}],"event_choices":[{"damage_healed":0,"gold_gain":0,"player_choice":"Entered Light","damage_taken":14,"max_hp_gain":0,"max_hp_loss":0,"event_name":"Shining Light","floor":4,"gold_loss":0,"cards_upgraded":["Multi-Cast","Zap"]},{"damage_healed":0,"gold_gain":0,"player_choice":"Take Wound","damage_taken":0,"relics_obtained":["Golden Idol"],"max_hp_gain":0,"max_hp_loss":0,"event_name":"Golden Idol","floor":5,"gold_loss":0,"cards_obtained":["Injury"]},{"damage_healed":0,"gold_gain":0,"player_choice":"Success","damage_taken":3,"relics_obtained":["Torii"],"max_hp_gain":0,"max_hp_loss":0,"event_name":"Scrap Ooze","floor":13,"gold_loss":0},{"damage_healed":0,"gold_gain":0,"player_choice":"Opened","damage_taken":0,"relics_obtained":["DataDisk"],"max_hp_gain":0,"max_hp_loss":0,"event_name":"The Mausoleum","floor":20,"gold_loss":0},{"damage_healed":0,"gold_gain":0,"player_choice":"Obtained Relic","damage_taken":0,"relics_obtained":["Turnip"],"max_hp_gain":0,"max_hp_loss":0,"event_name":"Addict","floor":21,"gold_loss":85},{"damage_healed":0,"gold_gain":0,"player_choice":"Fight","damage_taken":0,"max_hp_gain":0,"max_hp_loss":0,"event_name":"MindBloom","floor":36,"gold_loss":0},{"damage_healed":0,"gold_gain":0,"player_choice":"Paid","damage_taken":0,"relics_obtained":["Red Mask"],"max_hp_gain":0,"max_hp_loss":0,"event_name":"Tomb of Lord Red Mask","floor":38,"gold_loss":65}],"is_beta":false,"boss_relics":[{"not_picked":["FrozenCore","Astrolabe"],"picked":"Empty Cage"},{"not_picked":["Pandora\u0027s Box","Coffee Dripper"],"picked":"Sozu"}],"items_purged_floors":[28],"is_endless":false,"potions_floor_spawned":[2,3,8,11,18,22,31,36],"killed_by":"Nemesis","ascension_level":1}