{"gold_per_floor":[111,129,145,165,14,47,47,222,302,302,302,89,106,120,120,224,224,234,269,194,205,218,218,248,265,265,284,383,383,383,393,393,489,489,509,311,311,321,335,360,360,360,386,386,402,402],"floor_reached":46,"playtime":5988,"items_purged":["Strike_B","Doubt"],"score":522,"play_id":"181fb8be-5cd8-4055-bffe-2359459e13f3","local_time":"20190110014538","is_ascension_mode":false,"campfire_choices":[{"data":"Defragment","floor":7.0,"key":"SMITH"},{"data":"Coolheaded","floor":11.0,"key":"SMITH"},{"data":"Zap","floor":15.0,"key":"SMITH"},{"floor":23.0,"key":"REST"},{"floor":29.0,"key":"REST"},{"floor":32.0,"key":"REST"},{"data":"Go for the Eyes","floor":41,"key":"SMITH"},{"data":"Fusion","floor":44,"key":"SMITH"}],"neow_cost":"NONE","seed_source_timestamp":0,"circlet_count":0,"master_deck":["Strike_B+1","Defend_B+1","Defend_B+1","Defend_B+1","Defend_B+1","Zap+1","Dualcast+1","Coolheaded+1","Defragment+1","Conserve Battery","Beam Cell","Scrape","Go for the Eyes+1","Static Discharge","BootSequence","Loop","Beam Cell","Echo Form","Conserve Battery+1","Fusion+1","Hologram","Redo+1","Cold Snap","Ball Lightning+1","Beam Cell","Electrodynamics","Seek","Doom and Gloom+1","Sweeping Beam+1","Defragment+1","Blizzard+1","Gash","Multi-Cast","Capacitor+1","Glacier"],"special_seed":0,"relics":["Cracked Core","StoneCalendar","Mercury Hourglass","Lizard Tail","Red Mask","Centennial Puzzle","Pear","Orrery","Boot","Vajra","Art of War"],"potions_floor_usage":[],"damage_taken":[{"damage":1.0,"enemies":"Cultist","floor":1.0,"turns":3.0},{"damage":0.0,"enemies":"2 Louse","floor":2.0,"turns":2.0},{"damage":1.0,"enemies":"Jaw Worm","floor":3.0,"turns":4.0},{"damage":6.0,"enemies":"Looter","floor":4.0,"turns":3.0},{"damage":5.0,"enemies":"Lagavulin","floor":6.0,"turns":7.0},{"damage":1.0,"enemies":"3 Louse","floor":13.0,"turns":3.0},{"damage":5.0,"enemies":"Exordium Thugs","floor":14.0,"turns":3.0},{"damage":30.0,"enemies":"Hexaghost","floor":16.0,"turns":7.0},{"damage":7.0,"enemies":"3 Byrds","floor":18.0,"turns":4.0},{"damage":18.0,"enemies":"Masked Bandits","floor":19.0,"turns":4.0},{"damage":16.0,"enemies":"Spheric Guardian","floor":21.0,"turns":5.0},{"damage":31.0,"enemies":"Cultist and Chosen","floor":22.0,"turns":5.0},{"damage":13.0,"enemies":"Book of Stabbing","floor":24.0,"turns":6.0},{"damage":9.0,"enemies":"Snecko","floor":25.0,"turns":6.0},{"damage":7.0,"enemies":"Centurion and Healer","floor":27.0,"turns":7.0},{"damage":0.0,"enemies":"Snake Plant","floor":31.0,"turns":3.0},{"damage":44.0,"enemies":"Champ","floor":33.0,"turns":12.0},{"damage":4.0,"enemies":"3 Shapes","floor":35.0,"turns":2.0},{"damage":17.0,"enemies":"3 Darklings","floor":38.0,"turns":4.0},{"damage":16.0,"enemies":"Jaw Worm Horde","floor":39.0,"turns":4.0},{"damage":59.0,"enemies":"Nemesis","floor":40.0,"turns":7.0},{"damage":34,"enemies":"Maw","floor":45,"turns":7},{"damage":8,"enemies":"Reptomancer","floor":46,"turns":2}],"seed_played":"-4893405570214931105","potions_obtained":[{"floor":1.0,"key":"Dexterity Potion"},{"floor":2.0,"key":"Fire Potion"},{"floor":4.0,"key":"Poison Potion"},{"floor":14.0,"key":"GamblersBrew"},{"floor":21.0,"key":"PowerPotion"},{"floor":24.0,"key":"Fire Potion"},{"floor":27.0,"key":"GamblersBrew"},{"floor":31.0,"key":"Swift Potion"},{"floor":33.0,"key":"Poison Potion"}],"is_trial":false,"path_per_floor":["M","M","M","M","$","E","R","?","T","?","R","$","M","M","R","B",null,"M","?","?","M","M","R","E","M","T","M","?","R","?","M","R","B",null,"M","$","?","M","M","E","R","?","T","R","M","E"],"character_chosen":"DEFECT","items_purchased":["Scrape","Static Discharge","BootSequence","Boot","Gash"],"campfire_rested":3,"item_purchase_floors":[5,12,12,36,36],"current_hp_per_floor":[74,74,73,67,67,62,62,62,62,62,62,62,61,56,56,26,75,68,50,50,34,3,25,12,3,13,6,6,31,31,31,56,12,85,81,81,81,64,48,42,42,42,42,42,8,0],"gold":402,"neow_bonus":"UPGRADE_CARD","is_prod":false,"is_daily":false,"chose_seed":false,"campfire_upgraded":5,"win_rate":0.0,"timestamp":1547081138,"path_taken":["M","M","M","M","$","E","R","?","T","?","R","$","M","?","R","BOSS","M","?","?","M","M","R","E","M","T","M","?","R","?","M","R","BOSS","M","$","?","?","M","E","R","?","T","R","M","E"],"build_version":"2019-01-03v4","purchased_purges":2,"victory":false,"max_hp_per_floor":[75,75,75,75,75,75,75,75,75,75,75,75,75,75,75,75,75,75,75,75,75,75,75,75,75,85,85,85,85,85,85,85,85,85,85,85,85,85,85,85,85,85,85,85,85,85],"card_choices":[{"not_picked":["Ball Lightning","Leap"],"picked":"Coolheaded","floor":1.0},{"not_picked":["Cold Snap","Force Field"],"picked":"Defragment","floor":2.0},{"not_picked":["Force Field","Barrage"],"picked":"Conserve Battery","floor":3.0},{"not_picked":["Turbo","Barrage"],"picked":"Beam Cell","floor":4.0},{"not_picked":["Blizzard","Cold Snap"],"picked":"Go for the Eyes","floor":6.0},{"not_picked":["Meteor Strike","Chill"],"picked":"Loop","floor":13.0},{"not_picked":["Defragment","Rebound"],"picked":"Beam Cell","floor":14.0},{"not_picked":["Fission","Amplify"],"picked":"Echo Form","floor":16.0},{"not_picked":["Coolheaded","Stack"],"picked":"Conserve Battery+1","floor":18.0},{"not_picked":["Steam","Force Field"],"picked":"Fusion","floor":19.0},{"not_picked":["Scrape","Barrage+1"],"picked":"Hologram","floor":21.0},{"not_picked":["Compile Driver","Doom and Gloom+1"],"picked":"Redo+1","floor":22.0},{"not_picked":["Leap","Go for the Eyes"],"picked":"Cold Snap","floor":24.0},{"not_picked":["Thunder Strike","Aggregate","Turbo"],"picked":"SKIP","floor":25.0},{"not_picked":["Redo","Reinforced Body"],"picked":"Ball Lightning+1","floor":27.0},{"not_picked":["Creative AI","White Noise"],"picked":"Beam Cell","floor":31.0},{"not_picked":["Amplify","Fission"],"picked":"Electrodynamics","floor":33.0},{"not_picked":["Rebound+1","BootSequence+1"],"picked":"Seek","floor":34.0},{"not_picked":["Rebound+1","Redo+1"],"picked":"Doom and Gloom+1","floor":34.0},{"not_picked":["Turbo","Melter"],"picked":"Sweeping Beam+1","floor":34.0},{"not_picked":["Ball Lightning","BootSequence"],"picked":"Defragment+1","floor":34.0},{"not_picked":["Heatsinks","Steam+1"],"picked":"Blizzard+1","floor":35.0},{"not_picked":["Lockon","Redo"],"picked":"Capacitor+1","floor":38.0},{"not_picked":["Turbo","Streamline","Blizzard"],"picked":"SKIP","floor":39.0},{"not_picked":["Biased Cognition","Scrape","BootSequence"],"picked":"SKIP","floor":40.0},{"not_picked":["Reinforced Body+1","Conserve Battery"],"picked":"Glacier","floor":45}],"player_experience":216292,"relics_obtained":[{"floor":6.0,"key":"StoneCalendar"},{"floor":9.0,"key":"Mercury Hourglass"},{"floor":19.0,"key":"Red Mask"},{"floor":24.0,"key":"Centennial Puzzle"},{"floor":26.0,"key":"Pear"},{"floor":40.0,"key":"Vajra"},{"floor":43,"key":"Art of War"}],"event_choices":[{"damage_healed":0.0,"max_hp_gain":0.0,"max_hp_loss":0.0,"gold_gain":175.0,"event_name":"Liars Game","player_choice":"AGREE","floor":8.0,"gold_loss":0.0,"damage_taken":0.0,"cards_obtained":["Doubt"]},{"cards_removed":["Strike_B"],"damage_healed":0.0,"max_hp_gain":0.0,"max_hp_loss":0.0,"gold_gain":0.0,"event_name":"Bonfire Elementals","player_choice":"Offered Basic","floor":10.0,"gold_loss":0.0,"damage_taken":0.0},{"damage_healed":0.0,"max_hp_gain":0.0,"max_hp_loss":0.0,"gold_gain":0.0,"event_name":"Masked Bandits","player_choice":"Fought Bandits","floor":19.0,"gold_loss":0.0,"damage_taken":0.0},{"cards_removed":["Strike_B"],"damage_healed":0.0,"max_hp_gain":0.0,"max_hp_loss":0.0,"gold_gain":0.0,"event_name":"Beggar","player_choice":"Gave Gold","floor":20.0,"gold_loss":75.0,"damage_taken":0.0},{"damage_healed":0.0,"max_hp_gain":0.0,"max_hp_loss":0.0,"gold_gain":99.0,"event_name":"Nest","player_choice":"Stole From Cult","floor":28.0,"gold_loss":0.0,"damage_taken":0.0},{"damage_healed":0.0,"max_hp_gain":0.0,"max_hp_loss":0.0,"gold_gain":0.0,"event_name":"Back to Basics","player_choice":"Simplicity","floor":30.0,"gold_loss":0.0,"damage_taken":0.0,"cards_upgraded":["Strike_B","Defend_B","Defend_B","Defend_B","Defend_B"]},{"damage_healed":0.0,"max_hp_gain":0.0,"max_hp_loss":0.0,"gold_gain":0.0,"event_name":"Match and Keep!","player_choice":"1 cards matched","floor":37.0,"gold_loss":0.0,"damage_taken":0.0,"cards_obtained":["Multi-Cast"]},{"damage_healed":0,"gold_gain":0,"player_choice":"Ignored","damage_taken":0,"max_hp_gain":0,"max_hp_loss":0,"event_name":"SecretPortal","floor":42,"gold_loss":0}],"is_beta":false,"boss_relics":[{"not_picked":["Cursed Key","Runic Dome"],"picked":"Lizard Tail"},{"not_picked":["Snecko Eye","Eternal Feather"],"picked":"Orrery"}],"items_purged_floors":[5,12],"is_endless":false,"potions_floor_spawned":[1,2,4,14,21,24,27,31,33,38,39],"killed_by":"Reptomancer","ascension_level":0}