{"gold_per_floor":[116,39,39,39,52,52,87,87,87,115,146,146,163,338,338,412,412,424,436,64,81,81],"floor_reached":22,"playtime":2039,"items_purged":["Strike_G"],"score":317,"play_id":"625af64f-dc84-4df7-b516-f4fb7113f357","local_time":"20181116231710","is_ascension_mode":true,"campfire_choices":[{"data":"Neutralize","floor":6,"key":"SMITH"},{"floor":8,"key":"REST"},{"floor":15,"key":"REST"}],"neow_cost":"NONE","seed_source_timestamp":174953063076751,"circlet_count":0,"master_deck":["AscendersBane","Defend_G","Defend_G","Defend_G","Defend_G","Defend_G","Strike_G","Strike_G","Strike_G","Survivor","Neutralize+1","Corpse Explosion","Terror","Cloak And Dagger","PiercingWail","Endless Agony","Doubt","A Thousand Cuts","Dodge and Roll","Cloak And Dagger","Caltrops","Well Laid Plans"],"relics":["Ring of the Snake","Singing Bowl","Torii","Potion Belt","Odd Mushroom","The Specimen","Coffee Dripper","OrangePellets"],"potions_floor_usage":[7,16,16,21,22,22],"damage_taken":[{"damage":1,"enemies":"2 Louse","floor":1,"turns":2},{"damage":5,"enemies":"Cultist","floor":5,"turns":4},{"damage":20,"enemies":"Gremlin Nob","floor":7,"turns":4},{"damage":14,"enemies":"The Mushroom Lair","floor":10,"turns":3},{"damage":24,"enemies":"Lagavulin","floor":11,"turns":9},{"damage":1,"enemies":"Jaw Worm","floor":13,"turns":5},{"damage":45,"enemies":"The Guardian","floor":16,"turns":18},{"damage":5,"enemies":"Shell Parasite","floor":18,"turns":8},{"damage":42,"enemies":"Spheric Guardian","floor":19,"turns":9},{"damage":0,"enemies":"3 Cultists","floor":21,"turns":3},{"damage":12,"enemies":"Snake Plant","floor":22,"turns":2}],"seed_played":"3667554588115236358","potions_obtained":[{"floor":5,"key":"SteroidPotion"},{"floor":7,"key":"GhostInAJar"},{"floor":10,"key":"SteroidPotion"},{"floor":11,"key":"Strength Potion"},{"floor":19,"key":"LiquidBronze"},{"floor":21,"key":"Strength Potion"}],"is_trial":false,"path_per_floor":["M","?","$","?","M","R","E","R","T","?","E","?","M","?","R","B",null,"M","M","$","M","M"],"character_chosen":"THE_SILENT","items_purchased":["OrangePellets","Cloak And Dagger","Caltrops"],"campfire_rested":2,"item_purchase_floors":[20,20,20],"current_hp_per_floor":[62,62,62,62,59,59,41,63,63,49,25,25,24,24,46,1,56,51,11,11,11,0],"gold":81,"neow_bonus":"ONE_RANDOM_RARE_CARD","is_prod":false,"is_daily":false,"chose_seed":false,"campfire_upgraded":1,"win_rate":0,"timestamp":1542428230,"path_taken":["M","?","?","?","?","R","E","R","T","?","E","?","M","?","R","BOSS","M","M","$","M","M"],"build_version":"2018-11-15","purchased_purges":1,"victory":false,"max_hp_per_floor":[70,70,70,70,72,72,74,74,74,74,74,74,74,74,74,74,74,74,76,76,76,76],"card_choices":[{"not_picked":["Quick Slash","Dodge and Roll"],"picked":"Terror","floor":1},{"not_picked":["Reflex","Endless Agony","Flying Knee"],"picked":"Singing Bowl","floor":5},{"not_picked":["Heel Hook","Quick Slash","Prepared"],"picked":"Singing Bowl","floor":7},{"not_picked":["Riddle With Holes","Bouncing Flask"],"picked":"Cloak And Dagger","floor":10},{"not_picked":["Calculated Gamble","Underhanded Strike"],"picked":"PiercingWail","floor":11},{"not_picked":["Distraction","Flying Knee"],"picked":"Endless Agony","floor":13},{"not_picked":["Night Terror","Wraith Form v2"],"picked":"A Thousand Cuts","floor":16},{"not_picked":["Masterful Stab","Catalyst"],"picked":"Dodge and Roll","floor":18},{"not_picked":["Outmaneuver","Prepared+1","Bane+1"],"picked":"Singing Bowl","floor":19},{"not_picked":["Bane+1","Finisher+1"],"picked":"Well Laid Plans","floor":21}],"player_experience":768168,"relics_obtained":[{"floor":7,"key":"Torii"},{"floor":9,"key":"Potion Belt"},{"floor":10,"key":"Odd Mushroom"},{"floor":11,"key":"The Specimen"}],"event_choices":[{"damage_healed":0,"gold_gain":0,"player_choice":"Paid Gold","damage_taken":0,"relics_obtained":["Singing Bowl"],"max_hp_gain":0,"max_hp_loss":0,"event_name":"WeMeetAgain","floor":2,"gold_loss":77},{"cards_removed":["Strike_G"],"damage_healed":0,"gold_gain":0,"player_choice":"Forget","damage_taken":0,"max_hp_gain":0,"max_hp_loss":0,"event_name":"Living Wall","floor":4,"gold_loss":0},{"damage_healed":0,"gold_gain":0,"player_choice":"Fought Mushrooms","damage_taken":0,"max_hp_gain":0,"max_hp_loss":0,"event_name":"Mushrooms","floor":10,"gold_loss":0},{"damage_healed":0,"gold_gain":0,"player_choice":"Ignored","damage_taken":0,"max_hp_gain":0,"max_hp_loss":0,"event_name":"Shining Light","floor":12,"gold_loss":0},{"damage_healed":0,"gold_gain":175,"player_choice":"AGREE","damage_taken":0,"max_hp_gain":0,"max_hp_loss":0,"event_name":"Liars Game","floor":14,"gold_loss":0,"cards_obtained":["Doubt"]}],"is_beta":false,"boss_relics":[{"not_picked":["Astrolabe","White Beast Statue"],"picked":"Coffee Dripper"}],"items_purged_floors":[20],"is_endless":false,"potions_floor_spawned":[5,7,10,11,19,21],"killed_by":"Snake Plant","ascension_level":13}