{"gold_per_floor":[116,116,129,148,164,164,194,194,194,226,226,240,240,275,275,347,347,358,371,389,20,32,58,58,86,86,100,118,130,187,187,187,259,259,269,39,52,52,0,0,31,81,135,161,176,176,207,227,227,227,227,227,227,19,54,54],"floor_reached":56,"playtime":6995,"items_purged":["Strike_B","Strike_B+1"],"score":2059,"play_id":"5ed8be17-2f8c-412e-b69f-dda2e3472f7c","local_time":"20190202155842","is_ascension_mode":true,"campfire_choices":[{"data":"Barrage","floor":6,"key":"SMITH"},{"data":"Zap","floor":8,"key":"SMITH"},{"data":"Hologram","floor":15,"key":"SMITH"},{"floor":24,"key":"REST"},{"floor":32,"key":"REST"},{"floor":40,"key":"RECALL"},{"floor":46,"key":"REST"},{"floor":49,"key":"REST"},{"floor":53,"key":"REST"}],"neow_cost":"NONE","seed_source_timestamp":1354419799889346,"circlet_count":0,"master_deck":["AscendersBane","Defend_B","Defend_B","Defend_B","Defend_B","Zap+1","Dualcast","Glacier","Go for the Eyes+1","Doom and Gloom+1","Barrage+1","Core Surge","Hologram+1","Genetic Algorithm","Coolheaded","Darkness+1","Biased Cognition","Loop","Redo+1","Undo+1","Creative AI+1","Capacitor+1","Seek"],"relics":["Cracked Core","Singing Bowl","The Courier","Letter Opener","Art of War","Fusion Hammer","Centennial Puzzle","Mercury Hourglass","Regal Pillow","Bottled Flame","Matryoshka","Tiny Chest","Sozu","OrangePellets","Bottled Lightning","Frozen Egg 2","Red Mask","Happy Flower","Oddly Smooth Stone","Ancient Tea Set","Whetstone","Symbiotic Virus"],"potions_floor_usage":[10,16,23,25,30,33,55],"damage_taken":[{"damage":0,"enemies":"Small Slimes","floor":1,"turns":4},{"damage":0,"enemies":"Cultist","floor":3,"turns":3},{"damage":1,"enemies":"Jaw Worm","floor":4,"turns":5},{"damage":7,"enemies":"Gremlin Gang","floor":5,"turns":3},{"damage":4,"enemies":"Lagavulin","floor":7,"turns":6},{"damage":8,"enemies":"Gremlin Nob","floor":10,"turns":3},{"damage":5,"enemies":"Lots of Slimes","floor":12,"turns":4},{"damage":6,"enemies":"Lagavulin","floor":14,"turns":6},{"damage":20,"enemies":"Hexaghost","floor":16,"turns":9},{"damage":0,"enemies":"Chosen","floor":18,"turns":3},{"damage":0,"enemies":"3 Byrds","floor":19,"turns":4},{"damage":7,"enemies":"3 Cultists","floor":20,"turns":4},{"damage":6,"enemies":"Snake Plant","floor":22,"turns":5},{"damage":11,"enemies":"Slavers","floor":23,"turns":6},{"damage":40,"enemies":"Gremlin Leader","floor":25,"turns":8},{"damage":5,"enemies":"Shelled Parasite and Fungi","floor":27,"turns":5},{"damage":3,"enemies":"Snecko","floor":28,"turns":6},{"damage":4,"enemies":"Cultist and Chosen","floor":29,"turns":5},{"damage":14,"enemies":"Slavers","floor":30,"turns":4},{"damage":49,"enemies":"Champ","floor":33,"turns":12},{"damage":14,"enemies":"3 Darklings","floor":35,"turns":4},{"damage":1,"enemies":"Orb Walker","floor":37,"turns":3},{"damage":12,"enemies":"Reptomancer","floor":41,"turns":6},{"damage":9,"enemies":"Nemesis","floor":44,"turns":5},{"damage":0,"enemies":"Transient","floor":45,"turns":6},{"damage":0,"enemies":"Reptomancer","floor":47,"turns":7},{"damage":1,"enemies":"Writhing Mass","floor":48,"turns":6},{"damage":10,"enemies":"Donu and Deca","floor":50,"turns":12},{"damage":26,"enemies":"Awakened One","floor":51,"turns":17},{"damage":29,"enemies":"Shield and Spear","floor":55,"turns":8},{"damage":77,"enemies":"The Heart","floor":56,"turns":9}],"seed_played":"3261966493393600662","potions_obtained":[{"floor":5,"key":"GamblersBrew"},{"floor":7,"key":"SkillPotion"},{"floor":10,"key":"Strength Potion"},{"floor":12,"key":"Dexterity Potion"},{"floor":20,"key":"Explosive Potion"},{"floor":22,"key":"Block Potion"},{"floor":23,"key":"Fire Potion"},{"floor":25,"key":"LiquidBronze"},{"floor":27,"key":"Dexterity Potion"},{"floor":33,"key":"Fire Potion"}],"is_trial":false,"path_per_floor":["M","?","M","M","M","R","E","R","T","E","?","M","?","E","R","B",null,"M","M","M","$","M","E","R","E","T","M","M","M","E","?","R","B",null,"M","$","M","T","?","R","E","?","T","E","M","R","E","M","R","B","B",null,"R","$","E","B"],"character_chosen":"DEFECT","items_purchased":["Coolheaded","Centennial Puzzle","Mercury Hourglass","OrangePellets","Capacitor+1","Seek"],"campfire_rested":5,"item_purchase_floors":[21,21,21,36,54,54],"current_hp_per_floor":[64,64,64,63,56,56,54,54,54,46,46,43,43,37,37,19,63,65,67,62,62,58,49,87,49,49,46,45,43,29,29,72,23,77,63,63,62,62,62,62,52,52,52,45,45,89,89,90,101,91,65,92,101,101,74,0],"gold":54,"neow_bonus":"THREE_CARDS","is_prod":false,"is_daily":false,"chose_seed":false,"campfire_upgraded":3,"win_rate":0,"timestamp":1549151922,"path_taken":["M","?","M","M","?","R","E","R","T","E","?","?","?","E","R","BOSS","M","?","M","$","M","E","R","E","T","?","M","?","E","?","R","BOSS","M","?","M","?","?","R","E","?","T","E","M","R","E","M","R","BOSS","BOSS","R","$","E","BOSS"],"build_version":"2019-01-23","purchased_purges":2,"victory":false,"max_hp_per_floor":[71,71,71,71,71,71,73,73,73,73,73,75,75,75,75,77,77,79,81,83,83,85,87,87,89,89,91,93,95,95,95,95,95,95,95,95,95,95,95,95,97,97,97,99,99,99,99,101,101,101,101,101,101,101,103,103],"card_choices":[{"not_picked":["Consume","Skim"],"picked":"Glacier","floor":0},{"not_picked":["Redo","Turbo"],"picked":"Go for the Eyes","floor":1},{"not_picked":["Melter","Steam Power"],"picked":"Barrage","floor":3},{"not_picked":["Barrage","Go for the Eyes"],"picked":"Core Surge","floor":4},{"not_picked":["Turbo","Reprogram","Sunder"],"picked":"SKIP","floor":5},{"not_picked":["Self Repair","Coolheaded","Blizzard"],"picked":"Singing Bowl","floor":7},{"not_picked":["Redo","Stack"],"picked":"Hologram","floor":10},{"not_picked":["Cold Snap","Rebound","Steam"],"picked":"Singing Bowl","floor":12},{"not_picked":["Ball Lightning","Consume"],"picked":"Genetic Algorithm","floor":14},{"not_picked":["Hyperbeam","Core Surge","Amplify"],"picked":"Singing Bowl","floor":16},{"not_picked":["Melter","Stack","Steam"],"picked":"Singing Bowl","floor":18},{"not_picked":["Beam Cell","Doom and Gloom","Streamline"],"picked":"Singing Bowl","floor":19},{"not_picked":["Sweeping Beam","Chaos","Barrage"],"picked":"Singing Bowl","floor":20},{"not_picked":["Cold Snap","Steam","Go for the Eyes"],"picked":"Singing Bowl","floor":22},{"not_picked":["Conserve Battery","Gash+1","Scrape+1"],"picked":"Singing Bowl","floor":23},{"not_picked":["Beam Cell","Streamline","Aggregate+1"],"picked":"Singing Bowl","floor":25},{"not_picked":["Rebound+1","Gash","Sweeping Beam"],"picked":"Singing Bowl","floor":27},{"not_picked":["Reprogram","Thunder Strike","Blizzard"],"picked":"Singing Bowl","floor":28},{"not_picked":["Reinforced Body","Reprogram+1","Doom and Gloom"],"picked":"Singing Bowl","floor":29},{"not_picked":["Hologram","Ball Lightning"],"picked":"Darkness","floor":30},{"not_picked":["Buffer","Core Surge"],"picked":"Biased Cognition","floor":33},{"not_picked":["Cold Snap","Rip and Tear+1"],"picked":"Loop","floor":35},{"not_picked":["Gash","Lockon"],"picked":"Redo+1","floor":37},{"not_picked":["Sweeping Beam","Consume+1","Rebound"],"picked":"Singing Bowl","floor":41},{"not_picked":["Conserve Battery","Sweeping Beam","Stack"],"picked":"Singing Bowl","floor":44},{"not_picked":["Barrage","Recycle"],"picked":"Undo+1","floor":45},{"not_picked":["Recycle","Barrage"],"picked":"Creative AI+1","floor":47},{"not_picked":["Cold Snap+1","Barrage","Beam Cell"],"picked":"Singing Bowl","floor":48},{"not_picked":["FTL","Meteor Strike","Barrage+1"],"picked":"Singing Bowl","floor":55}],"player_experience":785749,"relics_obtained":[{"floor":7,"key":"Singing Bowl"},{"floor":9,"key":"The Courier"},{"floor":10,"key":"Letter Opener"},{"floor":14,"key":"Art of War"},{"floor":23,"key":"Regal Pillow"},{"floor":25,"key":"Bottled Flame"},{"floor":26,"key":"Matryoshka"},{"floor":30,"key":"Tiny Chest"},{"floor":38,"key":"Bottled Lightning"},{"floor":38,"key":"Frozen Egg 2"},{"floor":41,"key":"Happy Flower"},{"floor":43,"key":"Oddly Smooth Stone"},{"floor":44,"key":"Ancient Tea Set"},{"floor":47,"key":"Whetstone"},{"floor":55,"key":"Symbiotic Virus"}],"event_choices":[{"damage_healed":0,"gold_gain":0,"cards_transformed":["Strike_B"],"player_choice":"Transformed","damage_taken":0,"max_hp_gain":0,"max_hp_loss":0,"event_name":"Transmorgrifier","floor":2,"gold_loss":0,"cards_obtained":["Doom and Gloom"]},{"damage_healed":0,"gold_gain":0,"player_choice":"Forge","damage_taken":0,"max_hp_gain":0,"max_hp_loss":0,"event_name":"Accursed Blacksmith","floor":11,"gold_loss":0,"cards_upgraded":["Go for the Eyes"]},{"cards_removed":["Strike_B"],"damage_healed":0,"gold_gain":0,"player_choice":"Purged","damage_taken":0,"max_hp_gain":0,"max_hp_loss":0,"event_name":"Purifier","floor":13,"gold_loss":0},{"damage_healed":0,"gold_gain":0,"player_choice":"Upgraded","damage_taken":0,"max_hp_gain":0,"max_hp_loss":0,"event_name":"Upgrade Shrine","floor":31,"gold_loss":0,"cards_upgraded":["Darkness"]},{"damage_healed":0,"gold_gain":0,"player_choice":"Paid","damage_taken":0,"relics_obtained":["Red Mask"],"max_hp_gain":0,"max_hp_loss":0,"event_name":"Tomb of Lord Red Mask","floor":39,"gold_loss":52},{"damage_healed":0,"gold_gain":50,"player_choice":"Pray","damage_taken":0,"max_hp_gain":0,"max_hp_loss":0,"event_name":"Golden Shrine","floor":42,"gold_loss":0}],"is_beta":false,"boss_relics":[{"not_picked":["Snecko Eye","FrozenCore"],"picked":"Fusion Hammer"},{"not_picked":["Lizard Tail","Cursed Key"],"picked":"Sozu"}],"items_purged_floors":[36,54],"is_endless":false,"potions_floor_spawned":[5,7,10,12,20,22,23,25,27,33,37,41,47],"killed_by":"The Heart","ascension_level":20}