{"gold_per_floor":[112,3,15,15,34,61,61,78,78,108,108,1,32,32,32,108,108,118,168,187,187,201,201,217,217,217,217],"floor_reached":27,"playtime":1186,"items_purged":[],"score":450,"play_id":"d6faf961-dfce-4d35-9c88-bbb91751e084","local_time":"20190211133833","is_ascension_mode":true,"campfire_choices":[{"data":"Beam Cell","floor":7,"key":"SMITH"},{"floor":11,"key":"REST"},{"data":"Defragment","floor":15,"key":"SMITH"},{"floor":23,"key":"REST"},{"data":"Defragment","floor":25,"key":"SMITH"}],"neow_cost":"NONE","seed_source_timestamp":247205759258100,"circlet_count":0,"master_deck":["AscendersBane","Strike_B","Strike_B","Strike_B","Strike_B","Defend_B","Defend_B","Defend_B","Defend_B","Zap+1","Dualcast","Gash","Cold Snap","Scrape","Ball Lightning","Leap","Beam Cell+1","Defragment+1","Gash","Defragment+1","Cold Snap","Steam","Echo Form","Go for the Eyes","Undo","Darkness+1"],"special_seed":0,"relics":["Cracked Core","Blood Vial","The Courier","Anchor","Oddly Smooth Stone","Inserter","Unceasing Top","Letter Opener"],"potions_floor_usage":[6,13,16,16,18,24],"damage_taken":[{"damage":0.0,"enemies":"Cultist","floor":1.0,"turns":4.0},{"damage":0,"enemies":"2 Louse","floor":3,"turns":3},{"damage":0,"enemies":"Small Slimes","floor":5,"turns":2},{"damage":25,"enemies":"Gremlin Nob","floor":6,"turns":4},{"damage":13,"enemies":"3 Louse","floor":8,"turns":2},{"damage":16,"enemies":"Lagavulin","floor":10,"turns":6},{"damage":10,"enemies":"3 Sentries","floor":13,"turns":6},{"damage":12,"enemies":"The Guardian","floor":16,"turns":11},{"damage":3,"enemies":"2 Thieves","floor":18,"turns":4},{"damage":19,"enemies":"Spheric Guardian","floor":20,"turns":4},{"damage":18,"enemies":"Centurion and Healer","floor":22,"turns":9},{"damage":0,"enemies":"Snecko","floor":24,"turns":9},{"damage":53,"enemies":"Book of Stabbing","floor":27,"turns":5}],"seed_played":"3305334556989705056","potions_obtained":[{"floor":5,"key":"EssenceOfSteel"},{"floor":10,"key":"EntropicBrew"},{"floor":16,"key":"Fire Potion"},{"floor":20,"key":"Strength Potion"},{"floor":22,"key":"GamblersBrew"}],"is_trial":false,"path_per_floor":["M","$","M","?","M","E","R","M","T","E","R","$","E","?","R","B",null,"M","?","M","?","M","R","M","R","T","E"],"character_chosen":"DEFECT","items_purchased":["Cold Snap","Scrape","Defragment","Cold Snap"],"campfire_rested":2,"item_purchase_floors":[2,2,12,12],"current_hp_per_floor":[66,66,68,68,70,46,46,35,35,21,42,42,34,34,34,24,59,58,58,41,41,25,46,48,48,48,0],"gold":217,"neow_bonus":"RANDOM_COMMON_RELIC","is_prod":false,"is_daily":false,"chose_seed":false,"campfire_upgraded":3,"win_rate":0,"timestamp":1549910313,"path_taken":["M","?","M","?","M","E","R","M","T","E","R","$","E","?","R","BOSS","M","?","?","?","?","R","M","R","T","E"],"build_version":"2019-01-23","purchased_purges":0,"victory":false,"max_hp_per_floor":[71,71,71,71,71,71,71,71,71,71,71,71,71,71,71,71,71,71,71,71,71,71,71,71,71,71,71],"card_choices":[{"not_picked":["Compile Driver","Capacitor"],"picked":"Gash","floor":1.0},{"not_picked":["Streamline","Hologram"],"picked":"Ball Lightning","floor":3},{"not_picked":["Rebound","Barrage"],"picked":"Leap","floor":5},{"not_picked":["Steam","Tempest"],"picked":"Beam Cell","floor":6},{"not_picked":["Undo","Stack"],"picked":"Defragment","floor":8},{"not_picked":["Cold Snap","Fission"],"picked":"Gash","floor":10},{"not_picked":["Blizzard","Auto Shields"],"picked":"Steam","floor":13},{"not_picked":["Fission","Amplify"],"picked":"Echo Form","floor":16},{"not_picked":["Gash+1","Ball Lightning"],"picked":"Go for the Eyes","floor":18},{"not_picked":["Sweeping Beam","Go for the Eyes"],"picked":"Undo","floor":20},{"not_picked":["Coolheaded","Sweeping Beam","Leap+1"],"picked":"SKIP","floor":22},{"not_picked":["Cold Snap","FTL"],"picked":"Darkness+1","floor":24}],"player_experience":1199611,"relics_obtained":[{"floor":6,"key":"The Courier"},{"floor":10,"key":"Anchor"},{"floor":13,"key":"Oddly Smooth Stone"},{"floor":26,"key":"Letter Opener"}],"event_choices":[{"damage_healed":0,"gold_gain":0,"player_choice":"Grow","damage_taken":0,"max_hp_gain":0,"max_hp_loss":0,"event_name":"Living Wall","floor":4,"gold_loss":0,"cards_upgraded":["Zap"]},{"damage_healed":0,"gold_gain":0,"player_choice":"Fled","damage_taken":0,"max_hp_gain":0,"max_hp_loss":0,"event_name":"Scrap Ooze","floor":14,"gold_loss":0},{"damage_healed":0,"gold_gain":50,"player_choice":"Pray","damage_taken":0,"max_hp_gain":0,"max_hp_loss":0,"event_name":"Golden Shrine","floor":19,"gold_loss":0},{"damage_healed":0,"gold_gain":0,"player_choice":"Gave Potion","damage_taken":0,"relics_obtained":["Unceasing Top"],"max_hp_gain":0,"max_hp_loss":0,"event_name":"WeMeetAgain","floor":21,"gold_loss":0}],"is_beta":false,"boss_relics":[{"not_picked":["Astrolabe","Eternal Feather"],"picked":"Inserter"}],"items_purged_floors":[],"is_endless":false,"potions_floor_spawned":[5,10,16,20,22],"killed_by":"Book of Stabbing","ascension_level":19}