{"gold_per_floor":[14,14,14,14,39,39,52,52,75,75,90,90,103,139,139,263,263,276,195,215,165,188,188,228,228,228,228,228],"floor_reached":28,"playtime":850,"items_purged":[],"score":378,"play_id":"f30de9c6-0cff-44e6-bc89-5971e32d60a7","local_time":"20190124020409","is_ascension_mode":true,"campfire_choices":[{"data":"Perfected Strike","floor":6,"key":"SMITH"},{"data":"True Grit","floor":8,"key":"SMITH"},{"data":"Wild Strike","floor":10,"key":"SMITH"},{"data":"Iron Wave","floor":12,"key":"SMITH"},{"floor":15,"key":"REST"},{"floor":23,"key":"REST"}],"neow_cost":"NO_GOLD","seed_source_timestamp":434049197099993,"circlet_count":0,"master_deck":["AscendersBane","Strike_R","Strike_R","Strike_R","Strike_R","Defend_R","Defend_R","Defend_R","Bash","Battle Trance","Pummel","Wild Strike+1","Perfected Strike+1","True Grit+1","Iron Wave+1","Wild Strike","Limit Break","Demon Form","Heavy Blade","Forethought","Wild Strike","Feel No Pain","True Grit"],"relics":["Burning Blood","Bloody Idol","Lantern","Darkstone Periapt","Eternal Feather","Peace Pipe","Kunai"],"potions_floor_usage":[16,24,24],"damage_taken":[{"damage":4,"enemies":"2 Louse","floor":1,"turns":3},{"damage":12,"enemies":"Jaw Worm","floor":5,"turns":3},{"damage":0,"enemies":"Cultist","floor":7,"turns":2},{"damage":13,"enemies":"Large Slime","floor":11,"turns":4},{"damage":9,"enemies":"Red Slaver","floor":13,"turns":2},{"damage":40,"enemies":"Lagavulin","floor":14,"turns":6},{"damage":37,"enemies":"Slime Boss","floor":16,"turns":12},{"damage":17,"enemies":"3 Byrds","floor":18,"turns":5},{"damage":25,"enemies":"Spheric Guardian","floor":20,"turns":4},{"damage":27,"enemies":"Snecko","floor":22,"turns":4},{"damage":47,"enemies":"Slavers","floor":24,"turns":6},{"damage":45,"enemies":"Shelled Parasite and Fungi","floor":28,"turns":3}],"seed_played":"-443170254752843829","potions_obtained":[{"floor":5,"key":"SneckoOil"},{"floor":7,"key":"SteroidPotion"},{"floor":18,"key":"SkillPotion"}],"is_trial":false,"path_per_floor":["M","?","?","$","M","R","M","R","T","R","M","R","M","E","R","B",null,"M","$","M","?","M","R","E","?","T","?","M"],"character_chosen":"IRONCLAD","items_purchased":["Forethought"],"campfire_rested":2,"item_purchase_floors":[19],"current_hp_per_floor":[74,54,59,59,53,53,59,59,59,59,52,52,49,15,40,9,66,55,55,36,36,15,52,11,11,11,39,0],"gold":228,"neow_bonus":"TRANSFORM_TWO_CARDS","is_prod":false,"is_daily":false,"chose_seed":false,"campfire_upgraded":4,"win_rate":0,"timestamp":1548313449,"path_taken":["M","?","?","?","M","R","M","R","T","R","M","R","?","E","R","BOSS","M","$","M","?","?","R","E","?","T","?","M"],"build_version":"2019-01-23","purchased_purges":0,"victory":false,"max_hp_per_floor":[80,80,85,85,85,85,85,85,85,85,85,85,85,85,85,85,85,85,85,85,85,85,85,85,85,85,85,85],"card_choices":[{"not_picked":["Warcry","True Grit"],"picked":"Wild Strike","floor":1},{"not_picked":["Wild Strike","Iron Wave"],"picked":"Perfected Strike","floor":5},{"not_picked":["Anger","Sword Boomerang"],"picked":"True Grit","floor":7},{"not_picked":["Hemokinesis","Blood for Blood"],"picked":"Iron Wave","floor":11},{"not_picked":["Pommel Strike","Disarm"],"picked":"Wild Strike","floor":13},{"not_picked":["Iron Wave","Corruption"],"picked":"Limit Break","floor":14},{"not_picked":["Dark Embrace","Juggernaut"],"picked":"Demon Form","floor":16},{"not_picked":["Clash","Second Wind"],"picked":"Heavy Blade","floor":18},{"not_picked":["Flex","Burning Pact"],"picked":"Wild Strike","floor":20},{"not_picked":["Perfected Strike","Iron Wave"],"picked":"Feel No Pain","floor":22},{"not_picked":["Seeing Red","Warcry+1"],"picked":"True Grit","floor":24}],"player_experience":558515,"relics_obtained":[{"floor":9,"key":"Lantern"},{"floor":14,"key":"Darkstone Periapt"},{"floor":24,"key":"Peace Pipe"},{"floor":26,"key":"Kunai"}],"event_choices":[{"damage_healed":0,"gold_gain":0,"player_choice":"Take Damage","damage_taken":20,"relics_obtained":["Golden Idol"],"max_hp_gain":0,"max_hp_loss":0,"event_name":"Golden Idol","floor":2,"gold_loss":0},{"damage_healed":0,"gold_gain":0,"player_choice":"Donut","damage_taken":0,"max_hp_gain":5,"max_hp_loss":0,"event_name":"Big Fish","floor":3,"gold_loss":0},{"damage_healed":0,"gold_gain":0,"player_choice":"Bet on Murderer","damage_taken":0,"max_hp_gain":0,"max_hp_loss":0,"event_name":"The Joust","floor":21,"gold_loss":50},{"damage_healed":0,"gold_gain":0,"player_choice":"Gave Idol","damage_taken":0,"relics_obtained":["Bloody Idol"],"max_hp_gain":0,"max_hp_loss":0,"event_name":"Forgotten Altar","floor":25,"relics_lost":["Golden Idol"],"gold_loss":0},{"damage_healed":28,"gold_gain":0,"player_choice":"Heal","damage_taken":0,"max_hp_gain":0,"max_hp_loss":0,"event_name":"The Library","floor":27,"gold_loss":0}],"is_beta":true,"boss_relics":[{"not_picked":["Runic Dome","Orrery"],"picked":"Eternal Feather"}],"items_purged_floors":[],"is_endless":false,"potions_floor_spawned":[5,7,11,14,18,22],"killed_by":"Shelled Parasite and Fungi","ascension_level":12}