{"gold_per_floor":[109,35,53,228,73,108,108,136,188,206,206,206,218,234,234,329,329,340,351,32,32,45,45,144,144,144,175,90,107,107,118,118,219,219,232,332,111,124,124,124,142,142,212,222,253,253,253,267,267,267],"floor_reached":51,"playtime":2388,"items_purged":["Doubt"],"score":1193,"play_id":"f564fd19-e1a2-4de7-b6f9-937d7d49a632","local_time":"20190212000604","is_ascension_mode":true,"campfire_choices":[{"data":"Footwork","floor":7.0,"key":"SMITH"},{"floor":15.0,"key":"REST"},{"floor":23.0,"key":"REST"},{"floor":30.0,"key":"REST"},{"floor":32.0,"key":"REST"},{"floor":40.0,"key":"REST"},{"floor":49.0,"key":"REST"}],"neow_cost":"NONE","seed_source_timestamp":590888269180888,"circlet_count":0,"master_deck":["AscendersBane","Survivor","Neutralize","Poisoned Stab","Masterful Stab","Well Laid Plans","Footwork+1","Escape Plan","Acrobatics","Predator","Noxious Fumes","All Out Attack","After Image","Predator","Catalyst","All Out Attack","Backstab","Masterful Stab","Bullet Time","Reflex","Riddle With Holes","Dash","Deflect+1","Corpse Explosion","Apotheosis","Glass Knife","Caltrops","Prepared+1","Wraith Form v2","Calculated Gamble+1","Envenom","Blur+1","Deadly Poison+1","Sadistic Nature","Leg Sweep","Noxious Fumes+1","Finesse","Escape Plan+1","Dash+1"],"special_seed":0,"relics":["Ring of the Snake","NeowsBlessing","Bag of Preparation","Question Card","Anchor","Orichalcum","Pandora\u0027s Box","Ornamental Fan","Bag of Marbles","Happy Flower","Busted Crown","Peace Pipe","Pantograph","Paper Crane"],"potions_floor_usage":[50,50],"damage_taken":[{"damage":0.0,"enemies":"Small Slimes","floor":1.0,"turns":1.0},{"damage":0.0,"enemies":"Jaw Worm","floor":3.0,"turns":1.0},{"damage":0.0,"enemies":"3 Sentries","floor":6.0,"turns":1.0},{"damage":21.0,"enemies":"Gremlin Nob","floor":8.0,"turns":4.0},{"damage":0.0,"enemies":"2 Louse","floor":10.0,"turns":3.0},{"damage":0.0,"enemies":"Exordium Wildlife","floor":13.0,"turns":5.0},{"damage":0.0,"enemies":"Blue Slaver","floor":14.0,"turns":3.0},{"damage":39.0,"enemies":"Slime Boss","floor":16.0,"turns":12.0},{"damage":0.0,"enemies":"Chosen","floor":18.0,"turns":4.0},{"damage":10.0,"enemies":"3 Byrds","floor":19.0,"turns":5.0},{"damage":14.0,"enemies":"Snake Plant","floor":22.0,"turns":4.0},{"damage":19.0,"enemies":"Slavers","floor":27.0,"turns":5.0},{"damage":28.0,"enemies":"Shelled Parasite and Fungi","floor":29.0,"turns":5.0},{"damage":0.0,"enemies":"Snecko","floor":31.0,"turns":3.0},{"damage":29.0,"enemies":"Automaton","floor":33.0,"turns":7.0},{"damage":2.0,"enemies":"3 Shapes","floor":35.0,"turns":3.0},{"damage":0.0,"enemies":"Mind Bloom Boss Battle","floor":36.0,"turns":4.0},{"damage":0.0,"enemies":"Orb Walker","floor":38.0,"turns":2.0},{"damage":7.0,"enemies":"Sphere and 2 Shapes","floor":41.0,"turns":4.0},{"damage":34.0,"enemies":"Spire Growth","floor":44.0,"turns":5.0},{"damage":20.0,"enemies":"Nemesis","floor":45.0,"turns":5.0},{"damage":26.0,"enemies":"Transient","floor":48.0,"turns":5.0},{"damage":48,"enemies":"Time Eater","floor":50,"turns":12}],"seed_played":"-2565591047029467197","potions_obtained":[{"floor":3.0,"key":"EssenceOfSteel"},{"floor":8.0,"key":"SkillPotion"},{"floor":16.0,"key":"Ancient Potion"},{"floor":22.0,"key":"PowerPotion"},{"floor":35.0,"key":"EssenceOfSteel"},{"floor":48.0,"key":"GhostInAJar"}],"is_trial":false,"path_per_floor":["M","$","M","?","$","E","R","E","T","M","?","?","M","M","R","B",null,"M","M","$","?","M","R","?","?","T","E","?","M","R","M","R","B",null,"M","?","$","M","?","R","M","?","T","M","E","?","?","M","R","B",null],"character_chosen":"THE_SILENT","items_purchased":["Masterful Stab","Footwork","Corpse Explosion","Apotheosis","Sadistic Nature","Leg Sweep"],"campfire_rested":6,"item_purchase_floors":[2,5,20,20,37,37],"current_hp_per_floor":[63,63,63,63,63,63,63,42,42,42,35,21,21,21,42,3,53,53,43,43,43,29,50,50,50,50,31,31,3,24,24,45,16,57,55,55,55,55,55,70,63,63,63,29,9,61,61,35,53,13],"gold":267,"neow_bonus":"THREE_ENEMY_KILL","is_prod":false,"is_daily":false,"chose_seed":false,"campfire_upgraded":1,"win_rate":0,"timestamp":1549947964,"path_taken":["M","$","M","?","$","E","R","E","T","M","?","?","M","M","R","BOSS","M","M","$","?","M","R","?","?","T","E","?","M","R","M","R","BOSS","M","?","$","M","?","R","M","?","T","M","E","?","?","M","R","BOSS"],"build_version":"2019-02-06","purchased_purges":1,"victory":true,"max_hp_per_floor":[70,70,70,70,70,70,70,70,70,70,70,70,70,70,70,70,70,70,70,70,70,70,70,70,70,70,70,70,70,70,70,70,70,70,70,70,70,70,70,70,70,70,70,70,70,61,61,61,61,61],"card_choices":[{"not_picked":["Sucker Punch","Backflip"],"picked":"Poisoned Stab","floor":1.0},{"not_picked":["Outmaneuver","Sucker Punch"],"picked":"Well Laid Plans","floor":3.0},{"not_picked":["Eviscerate","Underhanded Strike"],"picked":"Escape Plan","floor":6.0},{"not_picked":["Accuracy","Reflex"],"picked":"Acrobatics","floor":8.0},{"not_picked":["Dagger Throw","Backflip","Deflect"],"picked":"Predator","floor":10.0},{"not_picked":["Wraith Form v2","Slice","Underhanded Strike"],"picked":"Noxious Fumes","floor":13.0},{"not_picked":["Bane","PiercingWail","Dodge and Roll"],"picked":"All Out Attack","floor":14.0},{"not_picked":["Die Die Die","Adrenaline","Malaise"],"picked":"After Image","floor":16.0},{"not_picked":["Acrobatics","Cloak And Dagger","Heel Hook+1"],"picked":"Dash","floor":18.0},{"not_picked":["Slice","Cloak And Dagger","Outmaneuver"],"picked":"Deflect+1","floor":19.0},{"not_picked":["Catalyst","All Out Attack","Bane"],"picked":"Glass Knife","floor":22.0},{"not_picked":["Deflect","Acrobatics","Outmaneuver"],"picked":"Prepared+1","floor":27.0},{"not_picked":["Backflip","Prepared","Deadly Poison"],"picked":"Wraith Form v2","floor":29.0},{"not_picked":["Acrobatics","Blade Dance","Slice"],"picked":"Calculated Gamble+1","floor":31.0},{"not_picked":["Bullet Time","Unload","A Thousand Cuts"],"picked":"Envenom","floor":33.0},{"not_picked":["Bouncing Flask"],"picked":"Blur+1","floor":35.0},{"not_picked":["PiercingWail"],"picked":"Deadly Poison+1","floor":36.0},{"not_picked":["Slice"],"picked":"Noxious Fumes+1","floor":38.0},{"not_picked":["HandOfGreed"],"picked":"Finesse","floor":39.0},{"not_picked":["Slice"],"picked":"Escape Plan+1","floor":41.0},{"not_picked":["Prepared","Flying Knee"],"picked":"SKIP","floor":44.0},{"not_picked":["Well Laid Plans+1","Storm of Steel"],"picked":"SKIP","floor":45.0},{"not_picked":["Escape Plan"],"picked":"Dash+1","floor":48.0}],"player_experience":590674,"relics_obtained":[{"floor":6.0,"key":"Bag of Preparation"},{"floor":8.0,"key":"Question Card"},{"floor":9.0,"key":"Anchor"},{"floor":26.0,"key":"Ornamental Fan"},{"floor":27.0,"key":"Bag of Marbles"},{"floor":36.0,"key":"Peace Pipe"},{"floor":43.0,"key":"Pantograph"},{"floor":45.0,"key":"Paper Crane"}],"event_choices":[{"damage_healed":0.0,"max_hp_gain":0.0,"max_hp_loss":0.0,"gold_gain":175.0,"event_name":"Liars Game","player_choice":"AGREE","floor":4.0,"gold_loss":0.0,"damage_taken":0.0,"cards_obtained":["Doubt"]},{"damage_healed":0.0,"max_hp_gain":0.0,"max_hp_loss":0.0,"gold_gain":0.0,"event_name":"Scrap Ooze","player_choice":"Success","floor":11.0,"gold_loss":0.0,"damage_taken":7.0,"relics_obtained":["Orichalcum"]},{"damage_healed":0.0,"max_hp_gain":0.0,"max_hp_loss":0.0,"gold_gain":0.0,"event_name":"Shining Light","player_choice":"Entered Light","floor":12.0,"gold_loss":0.0,"damage_taken":14.0,"cards_upgraded":["Strike_G","Defend_G"]},{"cards_removed":["Expertise"],"damage_healed":0.0,"max_hp_gain":0.0,"max_hp_loss":0.0,"gold_gain":0.0,"event_name":"Back to Basics","player_choice":"Elegance","floor":21.0,"gold_loss":0.0,"damage_taken":0.0},{"damage_healed":0.0,"max_hp_gain":0.0,"max_hp_loss":0.0,"gold_gain":99.0,"event_name":"Nest","player_choice":"Stole From Cult","floor":24.0,"gold_loss":0.0,"damage_taken":0.0},{"damage_healed":0.0,"max_hp_gain":0.0,"max_hp_loss":0.0,"gold_gain":0.0,"event_name":"The Library","player_choice":"Read","floor":25.0,"gold_loss":0.0,"damage_taken":0.0,"cards_obtained":["Caltrops"]},{"damage_healed":0.0,"max_hp_gain":0.0,"max_hp_loss":0.0,"gold_gain":0.0,"event_name":"Addict","player_choice":"Obtained Relic","floor":28.0,"gold_loss":85.0,"damage_taken":0.0,"relics_obtained":["Happy Flower"]},{"damage_healed":0.0,"max_hp_gain":0.0,"max_hp_loss":0.0,"gold_gain":0.0,"event_name":"MindBloom","player_choice":"Fight","floor":36.0,"gold_loss":0.0,"damage_taken":0.0},{"damage_healed":0.0,"max_hp_gain":0.0,"max_hp_loss":0.0,"gold_gain":0.0,"event_name":"SensoryStone","player_choice":"Memory 1","floor":39.0,"gold_loss":0.0,"damage_taken":0.0},{"damage_healed":0.0,"max_hp_gain":0.0,"max_hp_loss":0.0,"gold_gain":0.0,"event_name":"Tomb of Lord Red Mask","player_choice":"Ignored","floor":42.0,"gold_loss":0.0,"damage_taken":0.0},{"damage_healed":61.0,"max_hp_gain":0.0,"max_hp_loss":9.0,"gold_gain":0.0,"event_name":"The Moai Head","player_choice":"Heal","floor":46.0,"gold_loss":0.0,"damage_taken":0.0},{"cards_removed":["Expertise"],"damage_healed":0.0,"max_hp_gain":0.0,"max_hp_loss":0.0,"gold_gain":0.0,"event_name":"Falling","player_choice":"Removed Skill","floor":47.0,"gold_loss":0.0,"damage_taken":0.0}],"is_beta":true,"boss_relics":[{"not_picked":["Fusion Hammer","Tiny House"],"picked":"Pandora\u0027s Box"},{"not_picked":["Sozu","Runic Dome"],"picked":"Busted Crown"}],"items_purged_floors":[5],"is_endless":false,"potions_floor_spawned":[3,8,13,14,16,22,29,35,44,48],"ascension_level":11}