{"gold_per_floor":[116,116,135,135,150,183,183,214,260,272,286,300,300,313,313,409,409,422,433,433,453,453,473,473,473,546,85,110,25,41,41,41,144,144,164,22,38,57,73,73,100,100,153,181,198,252,252,0,0,0],"floor_reached":51,"playtime":6459,"items_purged":["Writhe"],"score":918,"play_id":"b5f9e70e-46e5-40f1-a4c9-5c0b478f9f66","local_time":"20180911140536","is_ascension_mode":true,"campfire_choices":[{"floor":7.0,"key":"REST"},{"floor":13.0,"key":"REST"},{"floor":15.0,"key":"REST"},{"floor":24.0,"key":"REST"},{"floor":32.0,"key":"REST"},{"floor":40.0,"key":"REST"},{"floor":42.0,"key":"REST"},{"floor":49,"key":"REST"}],"neow_cost":"TEN_PERCENT_HP_LOSS","seed_source_timestamp":0,"circlet_count":0,"master_deck":["Strike_B+1","Strike_B+1","Defend_B+1","Defend_B+1","Defend_B+1","Zap","Dualcast","Echo Form+1","Capacitor","Ball Lightning","Cold Snap","Amplify","Beam Cell","Steam","Consume","Storm","Buffer","Core Surge","Conserve Battery","Hologram","Tempest","Tempest","Echo Form","Seek","Defragment","Darkness+1","Meteor Strike","Hello World+1","Storm","Stack+1","Hologram+1","Leap+1","Coolheaded","Recycle+1","Rip and Tear+1","Fusion+1","Beam Cell+1","Heatsinks"],"special_seed":0,"relics":["Cracked Core","Mummified Hand","Juzu Bracelet","Bag of Preparation","Sozu","Regal Pillow","Mercury Hourglass","Membership Card","Dream Catcher","Bronze Scales","Anchor","Fusion Hammer","Strange Spoon","Bag of Marbles","Tiny Chest","PreservedInsect","Thread and Needle","Red Mask"],"potions_floor_usage":[],"damage_taken":[{"damage":4.0,"enemies":"Small Slimes","floor":1.0,"turns":3.0},{"damage":1.0,"enemies":"Cultist","floor":3.0,"turns":3.0},{"damage":1.0,"enemies":"2 Louse","floor":5.0,"turns":3.0},{"damage":15.0,"enemies":"3 Sentries","floor":6.0,"turns":7.0},{"damage":17.0,"enemies":"Lagavulin","floor":8.0,"turns":6.0},{"damage":0.0,"enemies":"Large Slime","floor":10.0,"turns":3.0},{"damage":6.0,"enemies":"Red Slaver","floor":11.0,"turns":3.0},{"damage":1.0,"enemies":"Exordium Thugs","floor":12.0,"turns":2.0},{"damage":8.0,"enemies":"Lots of Slimes","floor":14.0,"turns":2.0},{"damage":0.0,"enemies":"Slime Boss","floor":16.0,"turns":5.0},{"damage":17.0,"enemies":"2 Thieves","floor":18.0,"turns":3.0},{"damage":0.0,"enemies":"Chosen","floor":19.0,"turns":4.0},{"damage":13.0,"enemies":"Snake Plant","floor":21.0,"turns":4.0},{"damage":3.0,"enemies":"Centurion and Healer","floor":23.0,"turns":6.0},{"damage":11.0,"enemies":"Sentry and Sphere","floor":30.0,"turns":4.0},{"damage":14.0,"enemies":"Champ","floor":33.0,"turns":7.0},{"damage":10.0,"enemies":"3 Darklings","floor":35.0,"turns":3.0},{"damage":0.0,"enemies":"Orb Walker","floor":37.0,"turns":2.0},{"damage":17.0,"enemies":"4 Shapes","floor":38.0,"turns":4.0},{"damage":0.0,"enemies":"Maw","floor":39.0,"turns":6.0},{"damage":4.0,"enemies":"Giant Head","floor":41.0,"turns":7.0},{"damage":0.0,"enemies":"Nemesis","floor":44.0,"turns":5.0},{"damage":23.0,"enemies":"3 Darklings","floor":45.0,"turns":3.0},{"damage":16,"enemies":"Mysterious Sphere","floor":46,"turns":3},{"damage":50,"enemies":"Time Eater","floor":50,"turns":11}],"seed_played":"8494819062480475181","potions_obtained":[{"floor":8.0,"key":"SteroidPotion"},{"floor":10.0,"key":"SkillPotion"},{"floor":12.0,"key":"PowerPotion"},{"floor":14.0,"key":"SkillPotion"},{"floor":16.0,"key":"Fire Potion"}],"is_trial":false,"path_per_floor":["M","?","M","?","M","E","R","E","T","M","M","M","R","M","R","B",null,"M","M","?","M","?","M","R","?","T","$","T","?","M","?","R","B",null,"M","$","M","M","M","R","E","R","T","E","M","?","?","?","R","B"],"character_chosen":"DEFECT","items_purchased":["Membership Card","Echo Form","Seek","Dream Catcher","Rebound","Storm","Strange Spoon"],"campfire_rested":8,"item_purchase_floors":[27,27,27,27,27,36,36],"current_hp_per_floor":[64,64,63,56,55,40,60,43,43,43,37,36,56,48,68,68,68,51,51,51,38,38,35,55,55,55,55,55,55,44,49,68,54,68,58,58,58,41,41,68,64,68,68,68,45,29,29,29,64,14],"gold":0,"neow_bonus":"TRANSFORM_TWO_CARDS","is_prod":false,"is_daily":false,"chose_seed":false,"campfire_upgraded":0,"win_rate":0,"timestamp":1536689136,"path_taken":["M","?","M","?","M","E","R","E","T","M","M","M","R","M","R","BOSS","M","M","?","M","?","M","R","?","T","$","?","?","M","?","R","BOSS","M","?","M","M","M","R","E","R","T","E","M","?","?","?","R","BOSS"],"build_version":"2018-09-06","purchased_purges":1,"victory":true,"max_hp_per_floor":[68,68,68,68,68,68,68,68,68,68,68,68,68,68,68,68,68,68,68,68,68,68,68,68,68,68,68,68,68,68,68,68,68,68,68,68,68,68,68,68,68,68,68,68,68,68,68,68,68,68],"card_choices":[{"not_picked":["Sweeping Beam","Redo"],"picked":"Ball Lightning","floor":1.0},{"not_picked":["Leap","Melter"],"picked":"Cold Snap","floor":3.0},{"not_picked":["Leap","Skim"],"picked":"Amplify","floor":5.0},{"not_picked":["Scrape","Reboot"],"picked":"Beam Cell","floor":6.0},{"not_picked":["Stack","Rebound"],"picked":"Steam","floor":8.0},{"not_picked":["Turbo","Stack"],"picked":"Consume","floor":10.0},{"not_picked":["Reinforced Body","Ball Lightning"],"picked":"Storm","floor":11.0},{"not_picked":["Cold Snap","Skim"],"picked":"Buffer","floor":12.0},{"not_picked":["Beam Cell","Blizzard"],"picked":"Turbo","floor":14.0},{"not_picked":["Seek","Rainbow"],"picked":"Core Surge","floor":16.0},{"not_picked":["Static Discharge","Hologram"],"picked":"Conserve Battery","floor":18.0},{"not_picked":["Beam Cell+1","BootSequence"],"picked":"Hologram","floor":19.0},{"not_picked":["Streamline+1","Double Energy"],"picked":"Tempest","floor":21.0},{"not_picked":["Reprogram","Beam Cell"],"picked":"Tempest","floor":23.0},{"not_picked":["Redo","Rip and Tear"],"picked":"Defragment","floor":30.0},{"not_picked":["Redo+1","Leap+1"],"picked":"Darkness+1","floor":32.0},{"not_picked":["Buffer","Biased Cognition"],"picked":"Meteor Strike","floor":33.0},{"not_picked":["Stack","Streamline+1"],"picked":"Hello World+1","floor":35.0},{"not_picked":["Capacitor","Aggregate"],"picked":"Stack+1","floor":37.0},{"not_picked":["Gash+1","Hologram","Cold Snap"],"picked":"SKIP","floor":38.0},{"not_picked":["Turbo+1","Rebound"],"picked":"Hologram+1","floor":39.0},{"not_picked":["Compile Driver","Redo+1"],"picked":"Leap+1","floor":40.0},{"not_picked":["Genetic Algorithm+1","Loop+1"],"picked":"Coolheaded","floor":41.0},{"not_picked":["Beam Cell+1","Redo"],"picked":"Recycle+1","floor":42.0},{"not_picked":["Biased Cognition","Scrape+1"],"picked":"Rip and Tear+1","floor":44.0},{"not_picked":["Beam Cell+1","Ball Lightning+1"],"picked":"Fusion+1","floor":45.0},{"not_picked":["Rebound+1","Go for the Eyes"],"picked":"Beam Cell+1","floor":46},{"not_picked":["Hello World","Steam+1"],"picked":"Heatsinks","floor":49}],"player_experience":339185,"relics_obtained":[{"floor":6.0,"key":"Mummified Hand"},{"floor":8.0,"key":"Juzu Bracelet"},{"floor":9.0,"key":"Bag of Preparation"},{"floor":26.0,"key":"Mercury Hourglass"},{"floor":28.0,"key":"Bronze Scales"},{"floor":41.0,"key":"Bag of Marbles"},{"floor":43.0,"key":"Tiny Chest"},{"floor":44.0,"key":"PreservedInsect"},{"floor":46,"key":"Thread and Needle"}],"event_choices":[{"event_name":"Upgrade Shrine","player_choice":"Upgraded","floor":2.0,"damage_taken":0.0},{"event_name":"Golden Wing","player_choice":"Card Removal","floor":4.0,"damage_taken":0.0},{"event_name":"Back to Basics","player_choice":"Simplicity","floor":20.0,"damage_taken":0.0},{"event_name":"Vampires","player_choice":"Ignored","floor":22.0,"damage_taken":0.0},{"event_name":"The Mausoleum","player_choice":"Yes","floor":25.0,"damage_taken":0.0},{"event_name":"Addict","player_choice":"Obtained Relic","floor":29.0,"damage_taken":0.0},{"event_name":"Bonfire Elementals","player_choice":"COMMON","floor":31.0,"damage_taken":0.0},{"event_name":"Mysterious Sphere","player_choice":"Fight","floor":46,"damage_taken":0},{"event_name":"Purifier","player_choice":"One Purge","floor":47,"damage_taken":0},{"event_name":"Tomb of Lord Red Mask","player_choice":"Paid","floor":48,"damage_taken":0}],"is_beta":false,"boss_relics":[{"not_picked":["Black Star","Calling Bell"],"picked":"Sozu"},{"not_picked":["Busted Crown","Snecko Eye"],"picked":"Fusion Hammer"}],"items_purged_floors":[27],"is_endless":false,"potions_floor_spawned":[8,10,12,14,16,18,19,33,39,44,45],"ascension_level":4}