{"gold_per_floor":[19,19,29,45,145,175,175,175],"floor_reached":8,"playtime":494,"items_purged":[],"score":112,"play_id":"eb15d5c0-3c58-4f3d-994d-c1ae29ee37ba","local_time":"20190202214351","is_ascension_mode":true,"campfire_choices":[{"data":"Self Repair","floor":7,"key":"SMITH"}],"neow_cost":"NO_GOLD","seed_source_timestamp":1381619914373627,"circlet_count":0,"master_deck":["AscendersBane","Strike_B","Strike_B","Strike_B","Strike_B","Defend_B","Defend_B","Defend_B","Defend_B","Zap","Dualcast","Cold Snap","Cold Snap","Compile Driver","Reinforced Body","Genetic Algorithm","Self Repair+1","Sweeping Beam"],"relics":["Cracked Core","Prayer Wheel","Dodecahedron"],"potions_floor_usage":[6],"damage_taken":[{"damage":10,"enemies":"2 Louse","floor":1,"turns":4},{"damage":0,"enemies":"Small Slimes","floor":3,"turns":3},{"damage":6,"enemies":"Cultist","floor":4,"turns":3},{"damage":15,"enemies":"3 Sentries","floor":6,"turns":8},{"damage":54,"enemies":"Lagavulin","floor":8,"turns":8}],"seed_played":"-3415919562724006620","potions_obtained":[{"floor":3,"key":"Explosive Potion"}],"is_trial":false,"path_per_floor":["M","?","M","M","?","E","R","E"],"character_chosen":"DEFECT","items_purchased":[],"campfire_rested":0,"item_purchase_floors":[],"current_hp_per_floor":[54,54,54,48,48,40,40,0],"gold":175,"neow_bonus":"ONE_RARE_RELIC","is_prod":false,"is_daily":false,"chose_seed":false,"campfire_upgraded":1,"win_rate":0,"timestamp":1549172631,"path_taken":["M","?","M","M","?","E","R","E"],"build_version":"2019-01-23","purchased_purges":0,"victory":false,"max_hp_per_floor":[71,71,71,71,71,71,71,71],"card_choices":[{"not_picked":["Rebound","Go for the Eyes"],"picked":"Cold Snap","floor":1},{"not_picked":["Beam Cell","Doom and Gloom"],"picked":"Cold Snap","floor":1},{"not_picked":["Heatsinks","Sunder"],"picked":"Compile Driver","floor":3},{"not_picked":["Coolheaded","Chill"],"picked":"Reinforced Body","floor":3},{"not_picked":["Doom and Gloom","Barrage"],"picked":"Genetic Algorithm","floor":4},{"not_picked":["Thunder Strike","Turbo"],"picked":"Self Repair","floor":4},{"not_picked":["BootSequence","Hello World"],"picked":"Sweeping Beam","floor":6}],"player_experience":811069,"relics_obtained":[{"floor":6,"key":"Dodecahedron"}],"event_choices":[{"damage_healed":0,"gold_gain":0,"player_choice":"Leave","damage_taken":0,"max_hp_gain":0,"max_hp_loss":0,"event_name":"The Cleric","floor":2,"gold_loss":0},{"damage_healed":0,"gold_gain":100,"player_choice":"Gold","damage_taken":0,"max_hp_gain":0,"max_hp_loss":0,"event_name":"Wheel of Change","floor":5,"gold_loss":0}],"is_beta":false,"boss_relics":[],"items_purged_floors":[],"is_endless":false,"potions_floor_spawned":[3],"killed_by":"Lagavulin","ascension_level":20}