{"gold_per_floor":[20,20,20,95,20,55,55,55,55,66,82,82,92,119,119,119],"floor_reached":16,"playtime":607,"items_purged":["Regret"],"score":147,"play_id":"a5fca1cd-993f-4ca5-a09b-ab8b338347e3","local_time":"20190124153935","is_ascension_mode":true,"campfire_choices":[{"floor":7.0,"key":"REST"},{"data":"Accuracy","floor":12.0,"key":"SMITH"},{"floor":15.0,"key":"REST"}],"neow_cost":"NO_GOLD","seed_source_timestamp":482966609896022,"circlet_count":0,"master_deck":["AscendersBane","Defend_G","Defend_G","Defend_G","Defend_G","Strike_G","Strike_G","Strike_G","Strike_G","Survivor","Neutralize","Backflip","Accuracy+1","Cloak And Dagger","Blade Dance","Cloak And Dagger","Dagger Spray","Blur"],"special_seed":0,"relics":["Ring of the Snake","Art of War","Omamori","Regal Pillow","Bottled Flame","Frozen Egg 2","Ancient Tea Set"],"potions_floor_usage":[],"damage_taken":[{"damage":2.0,"enemies":"2 Louse","floor":1.0,"turns":3.0},{"damage":35.0,"enemies":"3 Sentries","floor":6.0,"turns":13.0},{"damage":0.0,"enemies":"Small Slimes","floor":10.0,"turns":4.0},{"damage":1.0,"enemies":"Jaw Worm","floor":11.0,"turns":4.0},{"damage":17.0,"enemies":"Exordium Wildlife","floor":13.0,"turns":7.0},{"damage":72,"enemies":"Slime Boss","floor":16,"turns":11}],"seed_played":"2080463436353262148","potions_obtained":[{"floor":10.0,"key":"LiquidBronze"},{"floor":11.0,"key":"SpeedPotion"}],"is_trial":false,"path_per_floor":["M","?","?","?","$","E","R","T","T","M","M","R","M","T","R","B"],"character_chosen":"THE_SILENT","items_purchased":[],"campfire_rested":2,"item_purchase_floors":[],"current_hp_per_floor":[61,61,54,43,43,8,44,44,44,44,43,43,26,26,62,0],"gold":119,"neow_bonus":"TRANSFORM_TWO_CARDS","is_prod":false,"is_daily":false,"chose_seed":false,"campfire_upgraded":1,"win_rate":0,"timestamp":1548362375,"path_taken":["M","?","?","?","$","E","R","?","T","?","M","R","M","?","R","BOSS"],"build_version":"2019-01-23","purchased_purges":1,"victory":false,"max_hp_per_floor":[70,70,70,70,70,70,70,70,70,70,70,70,70,70,70,70],"card_choices":[{"not_picked":["Quick Slash","Underhanded Strike"],"picked":"Cloak And Dagger","floor":1.0},{"not_picked":["PiercingWail","Terror"],"picked":"Blade Dance","floor":6.0},{"not_picked":["Accuracy+1","Poisoned Stab"],"picked":"Cloak And Dagger","floor":10.0},{"not_picked":["Expertise","Dodge and Roll"],"picked":"Dagger Spray","floor":11.0},{"not_picked":["Expertise","Prepared"],"picked":"Blur","floor":13.0}],"player_experience":559365,"relics_obtained":[{"floor":6.0,"key":"Regal Pillow"},{"floor":8.0,"key":"Bottled Flame"},{"floor":9.0,"key":"Frozen Egg 2"},{"floor":14.0,"key":"Ancient Tea Set"}],"event_choices":[{"damage_healed":0.0,"max_hp_gain":0.0,"max_hp_loss":0.0,"gold_gain":0.0,"event_name":"Big Fish","player_choice":"Box","floor":2.0,"gold_loss":0.0,"damage_taken":0.0,"relics_obtained":["Art of War"],"cards_obtained":["Regret"]},{"damage_healed":0.0,"max_hp_gain":0.0,"max_hp_loss":0.0,"gold_gain":0.0,"event_name":"Scrap Ooze","player_choice":"Success","floor":3.0,"gold_loss":0.0,"damage_taken":7.0,"relics_obtained":["Omamori"]},{"damage_healed":0.0,"max_hp_gain":0.0,"max_hp_loss":0.0,"gold_gain":75.0,"event_name":"World of Goop","player_choice":"Gather Gold","floor":4.0,"gold_loss":0.0,"damage_taken":11.0}],"is_beta":true,"boss_relics":[],"items_purged_floors":[5],"is_endless":false,"potions_floor_spawned":[10,11],"killed_by":"Slime Boss","ascension_level":10}