{"gold_per_floor":[113,131,146,146,31,31,65,14,60,60,135,149,169,169,169,169],"floor_reached":16,"playtime":1091,"items_purged":["Strike_G"],"score":190,"play_id":"07bd33f4-a256-4993-bcae-8b8b762b3eb0","local_time":"20190211221635","is_ascension_mode":true,"campfire_choices":[{"data":"Tools of the Trade","floor":6,"key":"SMITH"},{"floor":10,"key":"REST"},{"floor":15,"key":"REST"}],"neow_cost":"NONE","seed_source_timestamp":204262431148620,"circlet_count":0,"master_deck":["AscendersBane","Defend_G","Defend_G","Defend_G","Defend_G","Defend_G","Strike_G","Strike_G","Strike_G","Strike_G","Survivor","Neutralize","Cloak And Dagger","Dagger Spray","Deadly Poison","Tools of the Trade+1","Infinite Blades","Neutralize","Accuracy","Infinite Blades","Cloak And Dagger","Acrobatics","Underhanded Strike","Skewer","Footwork"],"special_seed":0,"relics":["White Beast Statue","Dream Catcher","Happy Flower"],"potions_floor_usage":[7,7,16],"damage_taken":[{"damage":3.0,"enemies":"Small Slimes","floor":1.0,"turns":4.0},{"damage":13.0,"enemies":"Cultist","floor":2.0,"turns":6.0},{"damage":3.0,"enemies":"Jaw Worm","floor":3.0,"turns":3.0},{"damage":18,"enemies":"Gremlin Nob","floor":7,"turns":6},{"damage":12,"enemies":"Exordium Wildlife","floor":12,"turns":5},{"damage":7,"enemies":"Lots of Slimes","floor":13,"turns":4},{"damage":37,"enemies":"The Guardian","floor":16,"turns":10}],"seed_played":"-4204318888374133068","potions_obtained":[{"floor":1.0,"key":"GhostInAJar"},{"floor":2.0,"key":"FearPotion"},{"floor":3.0,"key":"EssenceOfSteel"},{"floor":7,"key":"SpeedPotion"},{"floor":12,"key":"Poison Potion"}],"is_trial":false,"path_per_floor":["M","M","M","?","$","R","E","$","T","R","?","M","M","?","R","B"],"character_chosen":"THE_SILENT","items_purchased":["Accuracy","Cloak And Dagger"],"campfire_rested":2,"item_purchase_floors":[5,8],"current_hp_per_floor":[56,43,40,40,40,40,22,22,22,41,30,18,11,11,30,0],"gold":169,"neow_bonus":"BOSS_RELIC","is_prod":false,"is_daily":false,"chose_seed":false,"campfire_upgraded":1,"win_rate":0,"timestamp":1549941395,"path_taken":["M","M","M","?","$","R","E","?","T","R","?","M","?","?","R","BOSS"],"build_version":"2019-01-23","purchased_purges":1,"victory":false,"max_hp_per_floor":[66,66,66,66,66,66,66,66,66,66,66,66,66,66,66,66],"card_choices":[{"not_picked":["Slice","Acrobatics"],"picked":"Cloak And Dagger","floor":1.0},{"not_picked":["Underhanded Strike","Quick Slash"],"picked":"Dagger Spray","floor":2.0},{"not_picked":["Dagger Spray","Bane"],"picked":"Deadly Poison","floor":3.0},{"not_picked":["Phantasmal Killer","Quick Slash"],"picked":"Infinite Blades","floor":7},{"not_picked":["Catalyst","Underhanded Strike"],"picked":"Acrobatics","floor":10},{"not_picked":["Acrobatics","Eviscerate"],"picked":"Underhanded Strike","floor":12},{"not_picked":["Prepared","Bane"],"picked":"Skewer","floor":13},{"not_picked":["Skewer","Predator"],"picked":"Footwork","floor":15}],"player_experience":1052610,"relics_obtained":[{"floor":7,"key":"Dream Catcher"},{"floor":9,"key":"Happy Flower"}],"event_choices":[{"damage_healed":0,"gold_gain":0,"player_choice":"3 cards matched","damage_taken":0,"max_hp_gain":0,"max_hp_loss":0,"event_name":"Match and Keep!","floor":4,"gold_loss":0,"cards_obtained":["Tools of the Trade","Infinite Blades","Neutralize"]},{"damage_healed":0,"gold_gain":75,"player_choice":"Gather Gold","damage_taken":11,"max_hp_gain":0,"max_hp_loss":0,"event_name":"World of Goop","floor":11,"gold_loss":0},{"damage_healed":0,"gold_gain":0,"player_choice":"Ignored","damage_taken":0,"max_hp_gain":0,"max_hp_loss":0,"event_name":"Liars Game","floor":14,"gold_loss":0}],"is_beta":false,"boss_relics":[],"items_purged_floors":[5],"is_endless":false,"potions_floor_spawned":[1,2,3,7,12,13],"killed_by":"The Guardian","ascension_level":18}