{"gold_per_floor":[118,136,153,164,239,268,268,268,291,323,341,17,17,48,48,143,143,160,170,190,17,17],"floor_reached":22,"playtime":2288,"items_purged":["Strike_G","Strike_G"],"score":335,"play_id":"0c1d9b16-0973-4c2d-bd85-3c1cab80a2bc","local_time":"20181017164958","is_ascension_mode":true,"campfire_choices":[{"floor":7.0,"key":"REST"},{"floor":15.0,"key":"REST"}],"neow_cost":"TEN_PERCENT_HP_LOSS","seed_source_timestamp":0,"circlet_count":0,"master_deck":["Defend_G","Defend_G","Defend_G","Defend_G","Defend_G","Strike_G","Strike_G","Strike_G","Survivor","Neutralize","PiercingWail","Footwork","Concentrate","Predator","Backflip","Bullet Time","Well Laid Plans","Venomology+1","Adrenaline+1","Infinite Blades","Infinite Blades","Dagger Throw","Accuracy","Crippling Poison+1","Tactician+1","Accuracy","Terror+1","Noxious Fumes"],"special_seed":0,"relics":["Ring of the Snake","Ice Cream","Potion Belt","Omamori","Centennial Puzzle","Blue Candle","Toxic Egg 2","Orrery"],"potions_floor_usage":[20,20,22],"damage_taken":[{"damage":0.0,"enemies":"2 Louse","floor":1.0,"turns":4.0},{"damage":0.0,"enemies":"Small Slimes","floor":2.0,"turns":3.0},{"damage":3.0,"enemies":"Cultist","floor":3.0,"turns":5.0},{"damage":2.0,"enemies":"3 Louse","floor":4.0,"turns":8.0},{"damage":12.0,"enemies":"Lagavulin","floor":6.0,"turns":9.0},{"damage":34.0,"enemies":"Gremlin Nob","floor":10.0,"turns":5.0},{"damage":0.0,"enemies":"2 Fungi Beasts","floor":11.0,"turns":4.0},{"damage":0.0,"enemies":"Lagavulin","floor":14.0,"turns":10.0},{"damage":28.0,"enemies":"Hexaghost","floor":16.0,"turns":23.0},{"damage":10,"enemies":"3 Byrds","floor":18,"turns":5},{"damage":18,"enemies":"Spheric Guardian","floor":19,"turns":4},{"damage":6,"enemies":"Shelled Parasite and Fungi","floor":20,"turns":5},{"damage":18,"enemies":"Snake Plant","floor":22,"turns":1}],"seed_played":"80923201625506436","potions_obtained":[{"floor":3.0,"key":"SneckoOil"},{"floor":4.0,"key":"AttackPotion"},{"floor":10.0,"key":"SpeedPotion"},{"floor":13.0,"key":"Explosive Potion"},{"floor":13.0,"key":"SteroidPotion"},{"floor":13.0,"key":"FearPotion"},{"floor":14.0,"key":"PowerPotion"}],"is_trial":false,"path_per_floor":["M","M","M","M","?","E","R","?","T","E","M","$","?","E","R","B",null,"M","M","M","$"],"character_chosen":"THE_SILENT","items_purchased":["Blue Candle","Noxious Fumes"],"campfire_rested":2,"item_purchase_floors":[12,21],"current_hp_per_floor":[63,63,60,58,47,35,53,63,63,29,29,29,29,29,47,19,52,42,24,18,18,0],"gold":17,"neow_bonus":"ONE_RARE_RELIC","is_prod":false,"is_daily":false,"chose_seed":false,"campfire_upgraded":0,"win_rate":0,"timestamp":1539809398,"path_taken":["M","M","M","M","?","E","R","?","T","E","M","$","?","E","R","BOSS","M","M","M","$","M"],"build_version":"2018-10-11","purchased_purges":2,"victory":false,"max_hp_per_floor":[63,63,63,63,63,63,63,63,63,63,63,63,63,63,63,63,63,63,63,63,63,63],"card_choices":[{"not_picked":["Dodge and Roll","Sucker Punch"],"picked":"PiercingWail","floor":1.0},{"not_picked":["Cloak And Dagger","Sucker Punch"],"picked":"Footwork","floor":2.0},{"not_picked":["Slice","Prepared"],"picked":"Concentrate","floor":3.0},{"not_picked":["Deflect","Quick Slash"],"picked":"Predator","floor":4.0},{"not_picked":["Poisoned Stab","Dagger Spray"],"picked":"Backflip","floor":6.0},{"not_picked":["Prepared","Poisoned Stab"],"picked":"Bullet Time","floor":10.0},{"not_picked":["Underhanded Strike","Deflect"],"picked":"Well Laid Plans","floor":11.0},{"not_picked":["Dodge and Roll","Setup"],"picked":"Venomology","floor":14.0},{"not_picked":["Bullet Time+1","After Image"],"picked":"Adrenaline+1","floor":16.0},{"not_picked":["Outmaneuver+1","Choke"],"picked":"Infinite Blades","floor":17.0},{"not_picked":["Noxious Fumes","Blur+1"],"picked":"Infinite Blades","floor":17.0},{"not_picked":["Underhanded Strike","Acrobatics+1"],"picked":"Dagger Throw","floor":17.0},{"not_picked":["Eviscerate","Flying Knee"],"picked":"Accuracy","floor":17.0},{"not_picked":["Escape Plan+1","Concentrate+1"],"picked":"Crippling Poison+1","floor":17.0},{"not_picked":["Skewer","Poisoned Stab"],"picked":"Tactician+1","floor":18},{"not_picked":["Underhanded Strike","Blade Dance+1"],"picked":"Accuracy","floor":19},{"not_picked":["Burst+1","Finisher"],"picked":"Terror+1","floor":20}],"player_experience":609949,"relics_obtained":[{"floor":6.0,"key":"Potion Belt"},{"floor":9.0,"key":"Omamori"},{"floor":10.0,"key":"Centennial Puzzle"},{"floor":14.0,"key":"Toxic Egg 2"}],"event_choices":[{"event_name":"World of Goop","player_choice":"Gather Gold","floor":5.0,"damage_taken":0.0},{"event_name":"Wheel of Change","player_choice":"Full Heal","floor":8.0,"damage_taken":0.0},{"event_name":"The Lab","player_choice":"Got Potions","floor":13.0,"damage_taken":0.0}],"is_beta":false,"boss_relics":[{"not_picked":["Lizard Tail","Snecko Eye"],"picked":"Orrery"}],"items_purged_floors":[12,21],"is_endless":false,"potions_floor_spawned":[3,4,10,14,18],"killed_by":"Snake Plant","ascension_level":9}