{"gold_per_floor":[110,110,124,134,134,134,168,168,168,133,156,156,174,120,120,241,241,255,205,221,72,87,87,112,112,112,112],"floor_reached":27,"playtime":1023,"items_purged":[],"score":309,"play_id":"650a818d-4676-437b-bd14-515e3f40f0d2","local_time":"20190112140953","is_ascension_mode":true,"campfire_choices":[{"floor":6,"key":"REST"},{"floor":8,"key":"REST"},{"data":"Cloak And Dagger","floor":12,"key":"SMITH"},{"data":"Catalyst","floor":15,"key":"SMITH"},{"data":"Envenom","floor":23,"key":"SMITH"},{"data":"Dodge and Roll","floor":25,"key":"SMITH"}],"neow_cost":"NONE","seed_source_timestamp":221951132361601,"circlet_count":0,"master_deck":["Defend_G","Defend_G","Defend_G","Defend_G","Defend_G","Strike_G","Strike_G","Strike_G","Strike_G","Strike_G","Survivor","Neutralize+1","Catalyst+1","Dodge and Roll+1","Bane","Cloak And Dagger+1","Poisoned Stab","Deflect+1","Slice","Envenom+1","Deadly Poison+1","Bouncing Flask+1","Bane+1"],"relics":["Ring of the Snake","NeowsBlessing","Golden Idol","Kunai","Toxic Egg 2","Coffee Dripper","Juzu Bracelet","Ginger"],"potions_floor_usage":[16,24],"damage_taken":[{"damage":0,"enemies":"Small Slimes","floor":1,"turns":1},{"damage":0,"enemies":"Cultist","floor":3,"turns":1},{"damage":0,"enemies":"2 Louse","floor":4,"turns":1},{"damage":51,"enemies":"Gremlin Nob","floor":7,"turns":7},{"damage":2,"enemies":"Looter","floor":11,"turns":4},{"damage":9,"enemies":"3 Louse","floor":13,"turns":4},{"damage":38,"enemies":"Hexaghost","floor":16,"turns":21},{"damage":17,"enemies":"2 Thieves","floor":18,"turns":5},{"damage":3,"enemies":"Shell Parasite","floor":20,"turns":3},{"damage":0,"enemies":"Snecko","floor":22,"turns":3},{"damage":20,"enemies":"Sentry and Sphere","floor":24,"turns":6},{"damage":16,"enemies":"Shelled Parasite and Fungi","floor":27,"turns":4}],"seed_played":"-8742693927454772786","potions_obtained":[{"floor":1,"key":"LiquidBronze"},{"floor":11,"key":"Weak Potion"},{"floor":18,"key":"Swift Potion"},{"floor":24,"key":"Swift Potion"}],"is_trial":false,"path_per_floor":["M","?","M","M","?","R","E","R","T","?","M","R","M","$","R","B",null,"M","?","M","$","M","R","M","R","T","M"],"character_chosen":"THE_SILENT","items_purchased":["Slice","Juzu Bracelet"],"campfire_rested":2,"item_purchase_floors":[14,21],"current_hp_per_floor":[63,63,63,63,46,67,16,37,37,54,52,52,43,43,43,5,54,37,37,34,34,34,34,14,14,14,0],"gold":112,"neow_bonus":"THREE_ENEMY_KILL","is_prod":false,"is_daily":false,"chose_seed":false,"campfire_upgraded":4,"win_rate":0,"timestamp":1547320193,"path_taken":["M","?","?","M","?","R","E","R","T","?","M","R","M","$","R","BOSS","M","?","?","$","M","R","M","R","T","M"],"build_version":"2019-01-10","purchased_purges":0,"victory":false,"max_hp_per_floor":[70,70,70,70,70,70,70,70,70,70,70,70,70,70,70,70,70,70,70,70,70,70,70,70,70,70,70],"card_choices":[{"not_picked":["Expertise","Dagger Throw"],"picked":"Catalyst","floor":1},{"not_picked":["Blade Dance","Flying Knee"],"picked":"Dodge and Roll","floor":3},{"not_picked":["Dodge and Roll","Backstab"],"picked":"Bane","floor":4},{"not_picked":["Acrobatics","Crippling Poison"],"picked":"Cloak And Dagger","floor":7},{"not_picked":["Terror+1","Riddle With Holes"],"picked":"Poisoned Stab","floor":11},{"not_picked":["Backflip+1","Tools of the Trade"],"picked":"Deflect+1","floor":13},{"not_picked":["Venomology+1","Tools of the Trade"],"picked":"Envenom","floor":16},{"not_picked":["Masterful Stab","Slice"],"picked":"Deadly Poison+1","floor":18},{"not_picked":["Backstab","Deadly Poison+1"],"picked":"Bouncing Flask+1","floor":20},{"not_picked":["PiercingWail+1","Sucker Punch"],"picked":"Bane+1","floor":22},{"not_picked":["Choke","Concentrate+1","Finisher"],"picked":"SKIP","floor":24}],"player_experience":534005,"relics_obtained":[{"floor":7,"key":"Kunai"},{"floor":9,"key":"Toxic Egg 2"},{"floor":26,"key":"Ginger"}],"event_choices":[{"damage_healed":0,"gold_gain":0,"player_choice":"Forge","damage_taken":0,"max_hp_gain":0,"max_hp_loss":0,"event_name":"Accursed Blacksmith","floor":2,"gold_loss":0,"cards_upgraded":["Neutralize"]},{"damage_healed":0,"gold_gain":0,"player_choice":"Take Damage","damage_taken":17,"relics_obtained":["Golden Idol"],"max_hp_gain":0,"max_hp_loss":0,"event_name":"Golden Idol","floor":5,"gold_loss":0},{"damage_healed":17,"gold_gain":0,"player_choice":"Healed","damage_taken":0,"max_hp_gain":0,"max_hp_loss":0,"event_name":"The Cleric","floor":10,"gold_loss":35},{"damage_healed":0,"gold_gain":0,"player_choice":"Bet on Murderer","damage_taken":0,"max_hp_gain":0,"max_hp_loss":0,"event_name":"The Joust","floor":19,"gold_loss":50}],"is_beta":true,"boss_relics":[{"not_picked":["Runic Dome","HoveringKite"],"picked":"Coffee Dripper"}],"items_purged_floors":[],"is_endless":false,"potions_floor_spawned":[1,11,18,24],"killed_by":"Shelled Parasite and Fungi","ascension_level":9}