{"gold_per_floor":[216,232,244,24,34,34,69,32,56,56],"floor_reached":10,"playtime":263,"items_purged":[],"score":68,"play_id":"a9bdb352-b950-4bf6-9584-7f4c25946be1","local_time":"20190120174215","is_ascension_mode":false,"campfire_choices":[],"neow_cost":"NONE","seed_source_timestamp":254635294005056,"circlet_count":0,"master_deck":["Strike_B","Strike_B","Strike_B","Strike_B","Defend_B","Defend_B","Defend_B","Defend_B","Zap","Dualcast","Go for the Eyes","Capacitor","Sunder","Seek","Glacier","Melter"],"relics":["Cracked Core","Happy Flower","Golden Idol","Bronze Scales","Centennial Puzzle"],"potions_floor_usage":[10],"damage_taken":[{"damage":1,"enemies":"Cultist","floor":1,"turns":3},{"damage":0,"enemies":"2 Louse","floor":2,"turns":2},{"damage":1,"enemies":"Jaw Worm","floor":3,"turns":3},{"damage":12,"enemies":"2 Fungi Beasts","floor":5,"turns":3},{"damage":40,"enemies":"Gremlin Nob","floor":7,"turns":5},{"damage":7,"enemies":"3 Sentries","floor":10,"turns":2}],"seed_played":"-3619361679029423467","potions_obtained":[{"floor":1,"key":"Dexterity Potion"}],"is_trial":false,"path_per_floor":["M","M","M","$","M","?","E","$","T","E"],"character_chosen":"DEFECT","items_purchased":["Sunder","Happy Flower","Melter"],"campfire_rested":0,"item_purchase_floors":[4,4,8],"current_hp_per_floor":[74,74,73,73,61,43,3,3,3,0],"gold":56,"neow_bonus":"HUNDRED_GOLD","is_prod":false,"is_daily":false,"chose_seed":false,"campfire_upgraded":0,"win_rate":0,"timestamp":1548034935,"path_taken":["M","?","M","$","?","?","E","?","T","E"],"build_version":"2019-01-17v2","purchased_purges":0,"victory":false,"max_hp_per_floor":[75,75,75,75,75,75,75,75,75,75],"card_choices":[{"not_picked":["Fusion","Barrage"],"picked":"Go for the Eyes","floor":1},{"not_picked":["Recycle","Tempest","Leap"],"picked":"SKIP","floor":2},{"not_picked":["Compile Driver","Stack"],"picked":"Capacitor","floor":3},{"not_picked":["Reinforced Body","Coolheaded"],"picked":"Seek","floor":5},{"not_picked":["Sunder","BootSequence"],"picked":"Glacier","floor":7}],"player_experience":232418,"relics_obtained":[{"floor":7,"key":"Bronze Scales"},{"floor":9,"key":"Centennial Puzzle"}],"event_choices":[{"damage_healed":0,"gold_gain":0,"player_choice":"Take Damage","damage_taken":18,"relics_obtained":["Golden Idol"],"max_hp_gain":0,"max_hp_loss":0,"event_name":"Golden Idol","floor":6,"gold_loss":0}],"is_beta":false,"boss_relics":[],"items_purged_floors":[],"is_endless":false,"potions_floor_spawned":[1],"killed_by":"3 Sentries","ascension_level":0}