{"gold_per_floor":[112,173,186,186,210,210,210,246,320,345,370,370,410,431,431,560,560,584,584,74,74,88,120,120,120,120,120,134,58,58,77,77,174,174,190,190,203,203,7,7,7,33,33,33,60,70,0,0,0,0],"floor_reached":51,"playtime":2268,"items_purged":["Strike_B"],"score":1071,"play_id":"29f3e923-0e40-4c7e-93ed-b733b9498915","local_time":"20190203234549","is_ascension_mode":true,"campfire_choices":[{"data":"Streamline","floor":6,"key":"SMITH"},{"floor":12,"key":"REST"},{"data":"Zap","floor":15,"key":"SMITH"},{"floor":24,"key":"REST"},{"data":"Capacitor","floor":27,"key":"SMITH"},{"data":"Defragment","floor":30,"key":"SMITH"},{"floor":32,"key":"REST"},{"data":"Machine Learning","floor":40,"key":"SMITH"},{"data":"Biased Cognition","floor":44,"key":"SMITH"},{"data":"Coolheaded","floor":49,"key":"SMITH"}],"neow_cost":"NONE","seed_source_timestamp":1484144509867742,"circlet_count":0,"master_deck":["Defend_B","Defend_B","Defend_B","Zap+1","Dualcast","Streamline+1","Conserve Battery","Coolheaded+1","Conserve Battery","Defragment+1","Barrage+1","Machine Learning+1","Capacitor+1","Biased Cognition+1","Ball Lightning+1","Consume+1","Master of Strategy+1","Coolheaded+1","Loop+1","Hologram+1","Glacier+1","Go for the Eyes+1","Seek+1","Ball Lightning+1","Go for the Eyes+1","Compile Driver+1"],"relics":["Cracked Core","Strawberry","Bloody Idol","Art of War","Molten Egg 2","WingedGreaves","Sozu","Toxic Egg 2","Anchor","Dream Catcher","Empty Cage","Runic Capacitor","Thread and Needle","PreservedInsect","DataDisk","Red Mask"],"potions_floor_usage":[8,10,11,50],"damage_taken":[{"damage":7,"enemies":"Small Slimes","floor":1,"turns":3},{"damage":2,"enemies":"Jaw Worm","floor":3,"turns":3},{"damage":2,"enemies":"2 Louse","floor":5,"turns":3},{"damage":34,"enemies":"Gremlin Nob","floor":8,"turns":4},{"damage":0,"enemies":"Gremlin Gang","floor":10,"turns":6},{"damage":0,"enemies":"2 Fungi Beasts","floor":11,"turns":3},{"damage":12,"enemies":"3 Sentries","floor":13,"turns":7},{"damage":8,"enemies":"Exordium Wildlife","floor":14,"turns":4},{"damage":15,"enemies":"Hexaghost","floor":16,"turns":9},{"damage":6,"enemies":"Spheric Guardian","floor":18,"turns":4},{"damage":36,"enemies":"2 Thieves","floor":22,"turns":5},{"damage":26,"enemies":"Gremlin Leader","floor":23,"turns":6},{"damage":8,"enemies":"Snecko","floor":28,"turns":7},{"damage":0,"enemies":"Snake Plant","floor":31,"turns":4},{"damage":1,"enemies":"Champ","floor":33,"turns":10},{"damage":17,"enemies":"3 Darklings","floor":35,"turns":7},{"damage":0,"enemies":"Orb Walker","floor":37,"turns":5},{"damage":20,"enemies":"Nemesis","floor":42,"turns":5},{"damage":0,"enemies":"Giant Head","floor":45,"turns":5},{"damage":7,"enemies":"Writhing Mass","floor":46,"turns":4},{"damage":0,"enemies":"Donu and Deca","floor":50,"turns":8}],"seed_played":"-2076363892920393835","potions_obtained":[{"floor":1,"key":"Dexterity Potion"},{"floor":8,"key":"Fruit Juice"},{"floor":10,"key":"AttackPotion"},{"floor":13,"key":"Ancient Potion"}],"is_trial":false,"path_per_floor":["M","?","M","?","M","R","?","E","T","M","M","R","E","M","R","B",null,"M","?","$","?","M","E","R","?","T","R","M","$","R","M","R","B",null,"M","?","M","?","$","R","?","E","T","R","E","M","?","$","R","B",null],"character_chosen":"DEFECT","items_purchased":["Toxic Egg 2","Master of Strategy+1","Glacier+1","Runic Capacitor"],"campfire_rested":3,"item_purchase_floors":[20,20,29,39],"current_hp_per_floor":[68,68,66,46,44,44,44,15,15,15,15,41,29,21,21,6,67,61,61,61,61,35,14,40,40,40,40,37,37,37,42,68,72,83,71,71,76,76,76,76,76,61,61,61,66,64,64,64,64,64],"gold":0,"neow_bonus":"RANDOM_COMMON_RELIC","is_prod":false,"is_daily":false,"chose_seed":false,"campfire_upgraded":7,"win_rate":0,"timestamp":1549266349,"path_taken":["M","?","M","?","M","R","?","E","T","M","M","R","E","?","R","BOSS","M","?","$","?","M","E","R","?","T","R","M","?","R","M","R","BOSS","M","?","M","?","$","R","?","E","T","R","E","?","?","$","R","BOSS"],"build_version":"2019-01-23","purchased_purges":1,"victory":true,"max_hp_per_floor":[82,82,82,82,82,82,82,87,87,87,87,87,87,87,87,87,87,87,87,87,87,87,87,87,87,87,87,87,87,87,87,87,87,87,87,87,87,87,87,87,87,87,87,87,87,87,87,87,87,87],"card_choices":[{"not_picked":["White Noise","Redo"],"picked":"Streamline","floor":1},{"not_picked":["Double Energy","Recycle"],"picked":"Conserve Battery","floor":3},{"not_picked":["FTL","Stack"],"picked":"Coolheaded","floor":5},{"not_picked":["Turbo","Fusion"],"picked":"Conserve Battery","floor":8},{"not_picked":["Coolheaded","Chill"],"picked":"Defragment","floor":10},{"not_picked":["Fusion","Melter+1"],"picked":"Barrage+1","floor":11},{"not_picked":["Leap","Lockon+1"],"picked":"Machine Learning","floor":13},{"not_picked":["Streamline+1","Steam"],"picked":"Capacitor","floor":14},{"not_picked":["Multi-Cast","Hyperbeam+1"],"picked":"Biased Cognition","floor":16},{"not_picked":["Loop+1","Beam Cell+1"],"picked":"Ball Lightning+1","floor":18},{"not_picked":["Conserve Battery+1","Barrage+1"],"picked":"Coolheaded+1","floor":22},{"not_picked":["Barrage+1","Redo+1"],"picked":"Loop+1","floor":23},{"not_picked":["Steam+1","Gash+1"],"picked":"Hologram+1","floor":28},{"not_picked":["Stack+1","Turbo+1","Chill+1"],"picked":"SKIP","floor":31},{"not_picked":["Cold Snap+1","Genetic Algorithm+1"],"picked":"Go for the Eyes+1","floor":32},{"not_picked":["Rainbow+1","All For One+1"],"picked":"Seek+1","floor":33},{"not_picked":["Streamline+1","Steam+1"],"picked":"Ball Lightning+1","floor":35},{"not_picked":["Redo+1","Rebound+1"],"picked":"Go for the Eyes+1","floor":37},{"not_picked":["Sweeping Beam+1","Coolheaded+1","Fusion+1"],"picked":"SKIP","floor":42},{"not_picked":["Recycle+1","Chaos+1","Redo+1"],"picked":"SKIP","floor":45},{"not_picked":["Rebound+1","Rip and Tear+1"],"picked":"Compile Driver+1","floor":46}],"player_experience":318356,"relics_obtained":[{"floor":8,"key":"Art of War"},{"floor":9,"key":"Molten Egg 2"},{"floor":13,"key":"WingedGreaves"},{"floor":23,"key":"Anchor"},{"floor":26,"key":"Dream Catcher"},{"floor":42,"key":"Thread and Needle"},{"floor":43,"key":"PreservedInsect"},{"floor":45,"key":"DataDisk"}],"event_choices":[{"damage_healed":0,"gold_gain":61,"player_choice":"Gained Gold","damage_taken":0,"max_hp_gain":0,"max_hp_loss":0,"event_name":"Golden Wing","floor":2,"gold_loss":0},{"damage_healed":0,"gold_gain":0,"player_choice":"Take Damage","damage_taken":20,"relics_obtained":["Golden Idol"],"max_hp_gain":0,"max_hp_loss":0,"event_name":"Golden Idol","floor":4,"gold_loss":0},{"cards_removed":["Strike_B"],"damage_healed":0,"gold_gain":0,"player_choice":"Offered Basic","damage_taken":0,"max_hp_gain":0,"max_hp_loss":0,"event_name":"Bonfire Elementals","floor":7,"gold_loss":0},{"damage_healed":0,"gold_gain":0,"player_choice":"Read","damage_taken":0,"max_hp_gain":0,"max_hp_loss":0,"event_name":"The Library","floor":19,"gold_loss":0,"cards_obtained":["Consume"]},{"damage_healed":0,"gold_gain":0,"player_choice":"Gave Idol","damage_taken":0,"relics_obtained":["Bloody Idol"],"max_hp_gain":0,"max_hp_loss":0,"event_name":"Forgotten Altar","floor":21,"relics_lost":["Golden Idol"],"gold_loss":0},{"damage_healed":0,"gold_gain":0,"player_choice":"Ignored","damage_taken":0,"max_hp_gain":0,"max_hp_loss":0,"event_name":"Vampires","floor":25,"gold_loss":0},{"cards_removed":["Defend_B"],"damage_healed":0,"gold_gain":0,"player_choice":"Removed Skill","damage_taken":0,"max_hp_gain":0,"max_hp_loss":0,"event_name":"Falling","floor":36,"gold_loss":0},{"damage_healed":0,"gold_gain":0,"player_choice":"Memory 1","damage_taken":0,"max_hp_gain":0,"max_hp_loss":0,"event_name":"SensoryStone","floor":38,"gold_loss":0},{"damage_healed":0,"gold_gain":0,"player_choice":"Forge","damage_taken":0,"max_hp_gain":0,"max_hp_loss":0,"event_name":"Accursed Blacksmith","floor":41,"gold_loss":0,"cards_upgraded":["Consume"]},{"damage_healed":0,"gold_gain":0,"player_choice":"Paid","damage_taken":0,"relics_obtained":["Red Mask"],"max_hp_gain":0,"max_hp_loss":0,"event_name":"Tomb of Lord Red Mask","floor":47,"gold_loss":70}],"is_beta":false,"boss_relics":[{"not_picked":["Velvet Choker","Runic Pyramid"],"picked":"Sozu"},{"not_picked":["Lizard Tail","Runic Dome"],"picked":"Empty Cage"}],"items_purged_floors":[20],"is_endless":false,"potions_floor_spawned":[1,8,10,13,18,23,33,35,42,45,46],"ascension_level":7}