{"gold_per_floor":[112,112,124,134,209,219,247,258,285,297,16,30,30,46,46,147,147,166,183,183,57,70,70,100,100,123,158,158,184,184,199,199,300,300,311,311,330,330],"floor_reached":38,"playtime":3632,"items_purged":[],"score":478,"play_id":"14e255fb-0ab2-46ba-b171-39eff64b2440","local_time":"20180914142256","is_ascension_mode":true,"campfire_choices":[{"floor":13,"key":"REST"},{"floor":15,"key":"REST"},{"floor":23,"key":"REST"},{"data":"Spot Weakness","floor":25,"key":"SMITH"},{"floor":28,"key":"REST"},{"data":"Heavy Blade","floor":32,"key":"SMITH"}],"neow_cost":"NONE","seed_source_timestamp":0,"circlet_count":0,"master_deck":["Strike_R","Strike_R","Strike_R","Strike_R","Strike_R","Defend_R+1","Defend_R+1","Defend_R","Defend_R","Bash","Exhume","Rampage","Shrug It Off","Spot Weakness","Perfected Strike","Heavy Blade+1","Heavy Blade+1","Spot Weakness+1","Shrug It Off","Metallicize","Juggernaut","Shrug It Off","Iron Wave+1","Inflame","Armaments","Iron Wave","Uppercut+1","Heavy Blade","Flame Barrier","Barricade","Second Wind","Discovery","Trip"],"special_seed":0,"relics":["Burning Blood","War Paint","Bag of Preparation","MawBank","Sling","Busted Crown","Ancient Tea Set","Bottled Lightning","Bag of Marbles","Ice Cream","Regal Pillow","Runic Dome"],"potions_floor_usage":[12,16,16,19,24,33,33],"damage_taken":[{"damage":0.0,"enemies":"Small Slimes","floor":1.0,"turns":3.0},{"damage":1.0,"enemies":"2 Louse","floor":3.0,"turns":3.0},{"damage":0.0,"enemies":"Cultist","floor":4.0,"turns":3.0},{"damage":7,"enemies":"2 Fungi Beasts","floor":6,"turns":4},{"damage":52,"enemies":"Lagavulin","floor":7,"turns":8},{"damage":5,"enemies":"Blue Slaver","floor":8,"turns":4},{"damage":2,"enemies":"Large Slime","floor":12,"turns":5},{"damage":22,"enemies":"Gremlin Gang","floor":14,"turns":4},{"damage":30,"enemies":"Hexaghost","floor":16,"turns":8},{"damage":26,"enemies":"3 Byrds","floor":18,"turns":5},{"damage":11,"enemies":"Chosen","floor":19,"turns":5},{"damage":32,"enemies":"Snake Plant","floor":22,"turns":5},{"damage":18,"enemies":"Gremlin Leader","floor":24,"turns":7},{"damage":25,"enemies":"Slavers","floor":27,"turns":4},{"damage":1,"enemies":"Shelled Parasite and Fungi","floor":31,"turns":3},{"damage":59,"enemies":"Collector","floor":33,"turns":11},{"damage":15,"enemies":"3 Shapes","floor":35,"turns":5},{"damage":46,"enemies":"3 Darklings","floor":37,"turns":5},{"damage":24,"enemies":"Transient","floor":38,"turns":4}],"seed_played":"6085486514250540132","potions_obtained":[{"floor":3.0,"key":"FearPotion"},{"floor":4.0,"key":"Strength Potion"},{"floor":6,"key":"FearPotion"},{"floor":12,"key":"Strength Potion"},{"floor":16,"key":"Regen Potion"},{"floor":18,"key":"SkillPotion"},{"floor":31,"key":"SkillPotion"}],"is_trial":false,"path_per_floor":["M","?","M","M","?","M","E","M","T","?","$","M","R","M","R","B",null,"M","M","?","$","M","R","E","R","T","E","R","T","?","M","R","B",null,"M","?","M"],"character_chosen":"IRONCLAD","items_purchased":["Heavy Blade","Spot Weakness","Sling","Inflame","Armaments"],"campfire_rested":4,"item_purchase_floors":[11,11,11,21,21],"current_hp_per_floor":[80,73,78,80,69,68,22,23,23,23,23,27,51,35,59,35,80,60,55,55,55,29,53,55,55,55,36,60,60,60,65,65,12,80,71,61,21,0],"gold":330,"neow_bonus":"ONE_RANDOM_RARE_CARD","is_prod":false,"is_daily":false,"chose_seed":false,"campfire_upgraded":2,"win_rate":0,"timestamp":1536949376,"path_taken":["M","?","?","M","?","?","E","M","T","?","$","M","R","M","R","BOSS","M","M","?","$","M","R","E","R","T","E","R","?","?","M","R","BOSS","M","?","M","M"],"build_version":"2018-09-06","purchased_purges":0,"victory":false,"max_hp_per_floor":[80,80,80,80,80,80,80,80,80,80,80,80,80,80,80,80,80,80,80,80,80,80,80,80,80,80,80,80,80,80,80,80,80,80,80,80,80,80],"card_choices":[{"not_picked":["Anger","Warcry"],"picked":"Rampage","floor":1.0},{"not_picked":["Iron Wave","Havoc"],"picked":"Shrug It Off","floor":3.0},{"not_picked":["Second Wind","True Grit"],"picked":"Rupture","floor":4.0},{"not_picked":["Bludgeon","Warcry"],"picked":"Spot Weakness","floor":6},{"not_picked":["Second Wind","Seeing Red"],"picked":"Perfected Strike","floor":7},{"not_picked":["Entrench","Dual Wield"],"picked":"Heavy Blade","floor":8},{"not_picked":["Reckless Charge","Clash"],"picked":"Shrug It Off","floor":12},{"not_picked":["Seeing Red","Sever Soul"],"picked":"Metallicize","floor":14},{"not_picked":["Bludgeon","Reaper"],"picked":"Juggernaut","floor":16},{"not_picked":[],"picked":"Shrug It Off","floor":18},{"not_picked":[],"picked":"Iron Wave+1","floor":19},{"not_picked":[],"picked":"Iron Wave","floor":22},{"not_picked":[],"picked":"Uppercut+1","floor":24},{"not_picked":["Exhume"],"picked":"SKIP","floor":27},{"not_picked":[],"picked":"Flame Barrier","floor":31},{"not_picked":[],"picked":"Barricade","floor":33},{"not_picked":[],"picked":"Second Wind","floor":35},{"not_picked":[],"picked":"Discovery","floor":36},{"not_picked":[],"picked":"Trip","floor":36},{"not_picked":["Anger+1"],"picked":"SKIP","floor":37}],"player_experience":360252,"relics_obtained":[{"floor":7,"key":"Bag of Preparation"},{"floor":9,"key":"MawBank"},{"floor":24,"key":"Bottled Lightning"},{"floor":26,"key":"Bag of Marbles"},{"floor":27,"key":"Ice Cream"},{"floor":29,"key":"Regal Pillow"}],"event_choices":[{"event_name":"Scrap Ooze","player_choice":"success","floor":2.0,"damage_taken":7.0},{"event_name":"World of Goop","player_choice":"Gather Gold","floor":5,"damage_taken":0},{"event_name":"Living Wall","player_choice":"Grow","floor":10,"damage_taken":0},{"event_name":"WeMeetAgain","player_choice":"Card","floor":20,"damage_taken":0},{"event_name":"The Library","player_choice":"Read","floor":30,"damage_taken":0},{"event_name":"SensoryStone","player_choice":"Memory 3","floor":36,"damage_taken":0}],"is_beta":false,"boss_relics":[{"not_picked":["Black Star","Empty Cage"],"picked":"Busted Crown"},{"not_picked":["Black Blood","Calling Bell"],"picked":"Runic Dome"}],"items_purged_floors":[],"is_endless":false,"potions_floor_spawned":[3,4,6,12,16,18,31],"killed_by":"Transient","ascension_level":3}