{"gold_per_floor":[12,27,27,102,72,97,107,117,169,169,202,202],"floor_reached":12,"playtime":313,"items_purged":[],"score":201,"play_id":"32c5bb7e-2c08-49e2-8de3-6987044be068","local_time":"20190213035531","is_ascension_mode":true,"campfire_choices":[{"floor":10,"key":"REST"}],"neow_cost":"NO_GOLD","seed_source_timestamp":39507612149200,"circlet_count":0,"master_deck":["AscendersBane","Strike_R","Strike_R","Strike_R","Strike_R","Strike_R","Defend_R","Defend_R","Defend_R","Defend_R","Bash","Twin Strike","Shockwave","Inflame"],"special_seed":0,"relics":["Burning Blood","Singing Bowl","Smiling Mask","Centennial Puzzle"],"potions_floor_usage":[6,12,12],"damage_taken":[{"damage":26.0,"enemies":"Jaw Worm","floor":1.0,"turns":6.0},{"damage":3.0,"enemies":"Small Slimes","floor":2.0,"turns":4.0},{"damage":40,"enemies":"Lagavulin","floor":6,"turns":5},{"damage":8,"enemies":"Cultist","floor":7,"turns":4},{"damage":8,"enemies":"Blue Slaver","floor":8,"turns":5},{"damage":55,"enemies":"3 Sentries","floor":11,"turns":10},{"damage":22,"enemies":"Exordium Thugs","floor":12,"turns":1}],"seed_played":"4537150863529572880","potions_obtained":[{"floor":5.0,"key":"Fruit Juice"},{"floor":5.0,"key":"SkillPotion"},{"floor":6,"key":"PowerPotion"},{"floor":8,"key":"AttackPotion"}],"is_trial":false,"path_per_floor":["M","M","?","?","?","E","M","M","T","R","E","M"],"character_chosen":"IRONCLAD","items_purchased":[],"campfire_rested":1,"item_purchase_floors":[],"current_hp_per_floor":[62,65,70,59,64,30,28,28,28,58,11,0],"gold":202,"neow_bonus":"TWENTY_PERCENT_HP_BONUS","is_prod":false,"is_daily":false,"chose_seed":false,"campfire_upgraded":0,"win_rate":0,"timestamp":1550022931,"path_taken":["M","M","?","?","?","E","M","M","T","R","E","?"],"build_version":"2019-01-23","purchased_purges":0,"victory":false,"max_hp_per_floor":[89,89,94,94,99,99,99,101,101,101,103,103],"card_choices":[{"not_picked":["Armaments","Rupture"],"picked":"Twin Strike","floor":1.0},{"not_picked":["Bloodletting","Clash","Body Slam"],"picked":"SKIP","floor":2.0},{"not_picked":["Thunderclap","Intimidate"],"picked":"Shockwave","floor":6},{"not_picked":["Combust","Clothesline"],"picked":"Inflame","floor":7},{"not_picked":["Thunderclap","Dual Wield","Armaments"],"picked":"Singing Bowl","floor":8},{"not_picked":["Barricade","Shrug It Off","Wild Strike"],"picked":"Singing Bowl","floor":11}],"player_experience":736056,"relics_obtained":[{"floor":6,"key":"Singing Bowl"},{"floor":9,"key":"Smiling Mask"},{"floor":11,"key":"Centennial Puzzle"}],"event_choices":[{"damage_healed":0.0,"max_hp_gain":5.0,"max_hp_loss":0.0,"gold_gain":0.0,"event_name":"Big Fish","player_choice":"Donut","floor":3.0,"gold_loss":0.0,"damage_taken":0.0},{"damage_healed":0.0,"max_hp_gain":0.0,"max_hp_loss":0.0,"gold_gain":75.0,"event_name":"World of Goop","player_choice":"Gather Gold","floor":4.0,"gold_loss":0.0,"damage_taken":11.0},{"damage_healed":0.0,"max_hp_gain":0.0,"max_hp_loss":0.0,"gold_gain":0.0,"event_name":"The Woman in Blue","player_choice":"Bought 2 Potions","floor":5.0,"gold_loss":0.0,"damage_taken":0.0}],"is_beta":false,"boss_relics":[],"items_purged_floors":[],"is_endless":false,"potions_floor_spawned":[6,8,11],"killed_by":"Exordium Thugs","ascension_level":20}