{"gold_per_floor":[112,132,132,145,145,145,178,178,178,64,96,116,116,116,128,140],"floor_reached":16,"playtime":824,"items_purged":["Strike_G"],"score":198,"play_id":"aa7bf88c-786c-4a67-9c28-6c1befc5e385","local_time":"20181106171756","is_ascension_mode":true,"campfire_choices":[{"data":"Dash","floor":6,"key":"SMITH"},{"floor":8,"key":"REST"},{"floor":15,"key":"REST"}],"neow_cost":"NONE","seed_source_timestamp":69377769081131,"circlet_count":0,"master_deck":["AscendersBane","Defend_G","Defend_G+1","Defend_G","Defend_G","Defend_G","Strike_G","Strike_G","Strike_G","Strike_G","Survivor","Neutralize","Footwork","Footwork+1","Dash+1","Leg Sweep","Footwork"],"relics":["Ring of the Snake","Incense Burner","Singing Bowl","The Courier","MawBank"],"potions_floor_usage":[7,16],"damage_taken":[{"damage":0,"enemies":"Small Slimes","floor":1,"turns":4},{"damage":0,"enemies":"Cultist","floor":2,"turns":4},{"damage":6,"enemies":"2 Louse","floor":4,"turns":2},{"damage":22,"enemies":"Gremlin Nob","floor":7,"turns":6},{"damage":3,"enemies":"Lagavulin","floor":11,"turns":17},{"damage":4,"enemies":"2 Fungi Beasts","floor":12,"turns":6},{"damage":42,"enemies":"Hexaghost","floor":16,"turns":23}],"seed_played":"9016730411970322765","potions_obtained":[{"floor":1,"key":"Explosive Potion"},{"floor":3,"key":"Weak Potion"},{"floor":12,"key":"Strength Potion"}],"is_trial":false,"path_per_floor":["M","M","?","M","?","R","E","R","T","$","E","M","?","?","R","B"],"character_chosen":"THE_SILENT","items_purchased":["Footwork"],"campfire_rested":2,"item_purchase_floors":[10],"current_hp_per_floor":[70,70,70,64,69,69,47,71,71,71,70,68,51,26,51,9],"gold":140,"neow_bonus":"TEN_PERCENT_HP_BONUS","is_prod":false,"is_daily":false,"chose_seed":false,"campfire_upgraded":1,"win_rate":0,"timestamp":1541542676,"path_taken":["M","M","?","?","?","R","E","R","T","$","E","M","?","?","R","BOSS"],"build_version":"2018-11-01","purchased_purges":1,"victory":false,"max_hp_per_floor":[77,77,77,77,82,82,82,82,82,82,84,86,86,86,86,86],"card_choices":[{"not_picked":["Predator","Underhanded Strike"],"picked":"Footwork","floor":1},{"not_picked":["Deflect","Blur"],"picked":"Footwork","floor":2},{"not_picked":["Calculated Gamble","Bane"],"picked":"Dash","floor":4},{"not_picked":["Deflect","Bane"],"picked":"Leg Sweep","floor":7},{"not_picked":["Bouncing Flask","Prepared","Bane"],"picked":"Singing Bowl","floor":11},{"not_picked":["Quick Slash","Riddle With Holes","Poisoned Stab"],"picked":"Singing Bowl","floor":12}],"player_experience":708017,"relics_obtained":[{"floor":7,"key":"Incense Burner"},{"floor":9,"key":"Singing Bowl"},{"floor":11,"key":"The Courier"}],"event_choices":[{"damage_healed":0,"gold_gain":0,"player_choice":"Got Potions","damage_taken":0,"max_hp_gain":0,"max_hp_loss":0,"event_name":"Lab","floor":3,"gold_loss":0},{"damage_healed":0,"gold_gain":0,"player_choice":"Donut","damage_taken":0,"max_hp_gain":5,"max_hp_loss":0,"event_name":"Big Fish","floor":5,"gold_loss":0},{"damage_healed":0,"gold_gain":0,"player_choice":"Entered Light","damage_taken":17,"max_hp_gain":0,"max_hp_loss":0,"event_name":"Shining Light","floor":13,"gold_loss":0,"cards_upgraded":["Defend_G","Footwork"]},{"damage_healed":0,"gold_gain":0,"player_choice":"Success","damage_taken":25,"relics_obtained":["MawBank"],"max_hp_gain":0,"max_hp_loss":0,"event_name":"Scrap Ooze","floor":14,"gold_loss":0}],"is_beta":false,"boss_relics":[],"items_purged_floors":[10],"is_endless":false,"potions_floor_spawned":[1,12],"killed_by":"Hexaghost","ascension_level":12}