{"gold_per_floor":[116,131,131,131,151,192,211,211,211,225,246,31,106,106,106,106],"floor_reached":16,"playtime":497,"items_purged":["Strike_R"],"score":179,"play_id":"6e4a479f-19d7-4b50-bdab-ad9a6d8c56d0","local_time":"20190212230932","is_ascension_mode":true,"campfire_choices":[{"floor":8,"key":"REST"},{"floor":15,"key":"REST"}],"neow_cost":"TEN_PERCENT_HP_LOSS","seed_source_timestamp":22177052426500,"circlet_count":0,"master_deck":["AscendersBane","Strike_R","Strike_R","Strike_R","Defend_R","Defend_R","Defend_R","Defend_R","Bash","Twin Strike","Disarm","Anger","Armaments","Immolate"],"special_seed":0,"relics":["Burning Blood","Unceasing Top","Golden Idol","Pear","Mummified Hand"],"potions_floor_usage":[6,16,16],"damage_taken":[{"damage":1,"enemies":"Cultist","floor":1,"turns":4},{"damage":13,"enemies":"Small Slimes","floor":2,"turns":5},{"damage":7,"enemies":"Jaw Worm","floor":5,"turns":3},{"damage":33,"enemies":"3 Sentries","floor":6,"turns":13},{"damage":16,"enemies":"Red Slaver","floor":7,"turns":5},{"damage":30,"enemies":"Exordium Thugs","floor":10,"turns":5},{"damage":2,"enemies":"2 Fungi Beasts","floor":11,"turns":4},{"damage":49,"enemies":"The Guardian","floor":16,"turns":11}],"seed_played":"5115678678735505309","potions_obtained":[{"floor":2,"key":"PowerPotion"},{"floor":5,"key":"GamblersBrew"},{"floor":11,"key":"Weak Potion"}],"is_trial":false,"path_per_floor":["M","M","?","?","M","E","M","R","T","M","M","$","?","?","R","B"],"character_chosen":"IRONCLAD","items_purchased":["Immolate"],"campfire_rested":2,"item_purchase_floors":[12],"current_hp_per_floor":[68,61,38,38,37,20,10,33,33,9,13,13,2,2,25,0],"gold":106,"neow_bonus":"ONE_RARE_RELIC","is_prod":false,"is_daily":false,"chose_seed":false,"campfire_upgraded":0,"win_rate":0,"timestamp":1550005772,"path_taken":["M","M","?","?","?","E","M","R","T","M","M","?","?","?","R","BOSS"],"build_version":"2019-01-23","purchased_purges":1,"victory":false,"max_hp_per_floor":[68,68,68,68,68,78,78,78,78,78,78,78,78,78,78,78],"card_choices":[{"not_picked":["Thunderclap","Dropkick","Sever Soul"],"picked":"SKIP","floor":1},{"not_picked":["Pommel Strike","Blood for Blood"],"picked":"Twin Strike","floor":2},{"not_picked":["Rupture","Flex"],"picked":"Disarm","floor":5},{"not_picked":["Corruption","Wild Strike"],"picked":"Anger","floor":6},{"not_picked":["Cleave","Anger"],"picked":"Armaments","floor":7},{"not_picked":["Second Wind","Intimidate","Bloodletting"],"picked":"SKIP","floor":10},{"not_picked":["Second Wind","Combust","Clothesline"],"picked":"SKIP","floor":11}],"player_experience":720642,"relics_obtained":[{"floor":6,"key":"Pear"},{"floor":9,"key":"Mummified Hand"}],"event_choices":[{"damage_healed":0,"gold_gain":0,"player_choice":"Take Damage","damage_taken":23,"relics_obtained":["Golden Idol"],"max_hp_gain":0,"max_hp_loss":0,"event_name":"Golden Idol","floor":3,"gold_loss":0},{"cards_removed":["Strike_R"],"damage_healed":0,"gold_gain":0,"player_choice":"Offered Basic","damage_taken":0,"max_hp_gain":0,"max_hp_loss":0,"event_name":"Bonfire Elementals","floor":4,"gold_loss":0},{"damage_healed":0,"gold_gain":75,"player_choice":"Gather Gold","damage_taken":11,"max_hp_gain":0,"max_hp_loss":0,"event_name":"World of Goop","floor":13,"gold_loss":0},{"damage_healed":0,"gold_gain":0,"player_choice":"Searched \u00270\u0027 times","damage_taken":0,"max_hp_gain":0,"max_hp_loss":0,"event_name":"Dead Adventurer","floor":14,"gold_loss":0}],"is_beta":false,"boss_relics":[],"items_purged_floors":[12],"is_endless":false,"potions_floor_spawned":[2,5,11],"killed_by":"The Guardian","ascension_level":15}