{"gold_per_floor":[115,40,58,58,58,58,91,91,391,391,405,61,61,82,82,213,213,228,102,120,120,93,93,117,117],"floor_reached":25,"playtime":964,"items_purged":["Clumsy"],"score":308,"play_id":"a75a6e39-6bf8-4675-a06e-81cd33fdb685","local_time":"20181220120036","is_ascension_mode":true,"campfire_choices":[{"floor":6,"key":"REST"},{"floor":8,"key":"REST"},{"data":"Loop","floor":10,"key":"SMITH"},{"floor":15,"key":"REST"},{"floor":23,"key":"REST"}],"neow_cost":"CURSE","seed_source_timestamp":66866340445342,"circlet_count":0,"master_deck":["AscendersBane","Strike_B","Strike_B+1","Defend_B","Defend_B","Zap+1","Dualcast+1","Electrodynamics","Conserve Battery","Loop+1","Hologram","Streamline","Thunder Strike","Core Surge","Seek","Chill","Capacitor","Coolheaded+1","Ball Lightning","FTL","Leap","Defragment+1"],"relics":["Cracked Core","Golden Idol","Darkstone Periapt","Old Coin","Tiny Chest","PreservedInsect","Empty Cage"],"potions_floor_usage":[16,20,25],"damage_taken":[{"damage":3,"enemies":"Jaw Worm","floor":1,"turns":4},{"damage":3,"enemies":"Small Slimes","floor":3,"turns":4},{"damage":41,"enemies":"Gremlin Nob","floor":7,"turns":5},{"damage":2,"enemies":"2 Louse","floor":11,"turns":3},{"damage":21,"enemies":"Lots of Slimes","floor":14,"turns":3},{"damage":10,"enemies":"Slime Boss","floor":16,"turns":6},{"damage":16,"enemies":"Chosen","floor":18,"turns":5},{"damage":25,"enemies":"Shell Parasite","floor":20,"turns":5},{"damage":0,"enemies":"3 Cultists","floor":24,"turns":3},{"damage":46,"enemies":"Book of Stabbing","floor":25,"turns":4}],"seed_played":"-6657753798095855417","potions_obtained":[{"floor":1,"key":"FearPotion"},{"floor":3,"key":"LiquidBronze"},{"floor":20,"key":"FearPotion"},{"floor":24,"key":"FocusPotion"}],"is_trial":false,"path_per_floor":["M","$","M","?","?","R","E","R","T","R","M","$","?","M","R","B",null,"M","$","M","?","$","R","M","E"],"character_chosen":"DEFECT","items_purchased":["Thunder Strike","Tiny Chest","PreservedInsect","Capacitor","AttackPotion","Leap"],"campfire_rested":4,"item_purchase_floors":[12,12,12,19,19,22],"current_hp_per_floor":[65,65,62,44,29,51,10,32,32,32,30,30,30,9,31,21,62,46,46,21,21,21,43,43,0],"gold":117,"neow_bonus":"THREE_RARE_CARDS","is_prod":false,"is_daily":false,"chose_seed":false,"campfire_upgraded":1,"win_rate":0,"timestamp":1545325236,"path_taken":["M","$","M","?","?","R","E","R","T","R","M","$","?","M","R","BOSS","M","?","M","?","$","R","M","E"],"build_version":"2018-12-19","purchased_purges":1,"victory":false,"max_hp_per_floor":[75,75,75,75,75,75,75,75,75,75,75,75,75,75,75,75,75,75,75,75,75,75,75,75,75],"card_choices":[{"not_picked":["Echo Form","Creative AI"],"picked":"Electrodynamics","floor":0},{"not_picked":["Steam Power","Cold Snap"],"picked":"Conserve Battery","floor":1},{"not_picked":["White Noise","Lockon"],"picked":"Loop","floor":3},{"not_picked":["Steam","Stack"],"picked":"Hologram","floor":7},{"not_picked":["Force Field","Leap"],"picked":"Streamline","floor":11},{"not_picked":["Coolheaded","Aggregate"],"picked":"Core Surge","floor":14},{"not_picked":["Creative AI","Rainbow"],"picked":"Seek","floor":16},{"not_picked":["Streamline","Storm"],"picked":"Chill","floor":18},{"not_picked":["Darkness","Rebound"],"picked":"Coolheaded+1","floor":20},{"not_picked":["Barrage","Leap"],"picked":"Defragment+1","floor":24}],"player_experience":496432,"relics_obtained":[{"floor":7,"key":"Darkstone Periapt"},{"floor":9,"key":"Old Coin"}],"event_choices":[{"damage_healed":0,"gold_gain":0,"player_choice":"Take Damage","damage_taken":18,"relics_obtained":["Golden Idol"],"max_hp_gain":0,"max_hp_loss":0,"event_name":"Golden Idol","floor":4,"gold_loss":0},{"damage_healed":0,"gold_gain":0,"player_choice":"Entered Light","damage_taken":15,"max_hp_gain":0,"max_hp_loss":0,"event_name":"Shining Light","floor":5,"gold_loss":0,"cards_upgraded":["Dualcast","Strike_B"]},{"damage_healed":0,"gold_gain":0,"player_choice":"Upgraded","damage_taken":0,"max_hp_gain":0,"max_hp_loss":0,"event_name":"Upgrade Shrine","floor":13,"gold_loss":0,"cards_upgraded":["Zap"]},{"damage_healed":0,"gold_gain":0,"cards_transformed":["Strike_B","Defend_B"],"player_choice":"Became Test Subject","damage_taken":0,"max_hp_gain":0,"max_hp_loss":0,"event_name":"Drug Dealer","floor":21,"gold_loss":0,"cards_obtained":["Ball Lightning","FTL"]}],"is_beta":true,"boss_relics":[{"not_picked":["Fusion Hammer","Philosopher\u0027s Stone"],"picked":"Empty Cage"}],"items_purged_floors":[2],"is_endless":false,"potions_floor_spawned":[1,3,20,24],"killed_by":"Book of Stabbing","ascension_level":11}