{"gold_per_floor":[118,128,141,152,165,165,194,206,257,257,274,288,288,300,300,377,377,391,5,12,12,29,29,59,59,59,84,84,103,116,63,63,63],"floor_reached":33,"playtime":3431,"items_purged":["Strike_G"],"score":625,"play_id":"05b19a86-23a2-43f1-b8fd-0efadc1ca3c5","local_time":"20190112225643","is_ascension_mode":true,"campfire_choices":[{"data":"Footwork","floor":6.0,"key":"SMITH"},{"data":"Dash","floor":10,"key":"SMITH"},{"data":"Cloak And Dagger","floor":15,"key":"SMITH"},{"data":"Cloak And Dagger","floor":23,"key":"SMITH"},{"data":"After Image","floor":28,"key":"SMITH"},{"data":"Cloak And Dagger","floor":32,"key":"SMITH"}],"neow_cost":"NONE","seed_source_timestamp":0,"circlet_count":0,"master_deck":["AscendersBane","Defend_G","Defend_G","Defend_G","Defend_G","Defend_G","Strike_G","Strike_G","Strike_G","Strike_G","Survivor","Neutralize","Dagger Throw","Footwork+1","Cloak And Dagger+1","Cloak And Dagger+1","Footwork+1","Dash+1","Acrobatics","Bouncing Flask","Leg Sweep","Deadly Poison","Doppelganger","PiercingWail","Blade Dance","Decay","Backstab","Prepared","After Image+1","Deflect","Cloak And Dagger+1","Blade Dance"],"special_seed":0,"relics":["Coffee Dripper","Bag of Preparation","Oddly Smooth Stone","WristBlade","Mango","Potion Belt","Mercury Hourglass","Pantograph"],"potions_floor_usage":[11,16,22,22,27,33,33],"damage_taken":[{"damage":0.0,"enemies":"Cultist","floor":1.0,"turns":5.0},{"damage":7.0,"enemies":"Jaw Worm","floor":2.0,"turns":4.0},{"damage":7.0,"enemies":"Small Slimes","floor":3.0,"turns":4.0},{"damage":11.0,"enemies":"Exordium Wildlife","floor":4.0,"turns":8.0},{"damage":0.0,"enemies":"2 Fungi Beasts","floor":5.0,"turns":4.0},{"damage":19.0,"enemies":"Gremlin Nob","floor":7.0,"turns":6.0},{"damage":0,"enemies":"Large Slime","floor":8,"turns":7},{"damage":0,"enemies":"Lots of Slimes","floor":11,"turns":6},{"damage":0,"enemies":"2 Fungi Beasts","floor":12,"turns":3},{"damage":0,"enemies":"3 Louse","floor":14,"turns":5},{"damage":0,"enemies":"The Guardian","floor":16,"turns":10},{"damage":0,"enemies":"Chosen","floor":18,"turns":5},{"damage":22,"enemies":"2 Thieves","floor":20,"turns":4},{"damage":20,"enemies":"3 Cultists","floor":22,"turns":7},{"damage":7,"enemies":"Book of Stabbing","floor":24,"turns":6},{"damage":5,"enemies":"Gremlin Leader","floor":27,"turns":6},{"damage":4,"enemies":"Snake Plant","floor":29,"turns":5},{"damage":9,"enemies":"Sentry and Sphere","floor":30,"turns":6},{"damage":79,"enemies":"Champ","floor":33,"turns":22}],"seed_played":"1428319592516391660","potions_obtained":[{"floor":2.0,"key":"GamblersBrew"},{"floor":3.0,"key":"FearPotion"},{"floor":4.0,"key":"Explosive Potion"},{"floor":11,"key":"Fruit Juice"},{"floor":14,"key":"GhostInAJar"},{"floor":16,"key":"Regen Potion"},{"floor":20,"key":"FearPotion"},{"floor":22,"key":"Weak Potion"},{"floor":24,"key":"Strength Potion"},{"floor":27,"key":"Regen Potion"},{"floor":30,"key":"Weak Potion"}],"is_trial":false,"path_per_floor":["M","M","M","M","M","R","E","M","T","R","M","M","?","M","R","B",null,"M","$","M","?","M","R","E","?","T","E","R","M","M","$","R","B"],"character_chosen":"THE_SILENT","items_purchased":["Mango","Blade Dance"],"campfire_rested":0,"item_purchase_floors":[19,31],"current_hp_per_floor":[59,52,45,34,34,34,15,15,15,15,20,20,20,20,20,20,58,58,72,50,50,44,44,37,54,54,49,49,45,36,36,36,0],"gold":63,"neow_bonus":"BOSS_RELIC","is_prod":false,"is_daily":false,"chose_seed":false,"campfire_upgraded":6,"win_rate":0,"timestamp":1547351803,"path_taken":["M","M","M","M","M","R","E","M","T","R","M","M","?","?","R","BOSS","M","$","M","?","M","R","E","?","T","E","R","M","M","?","R","BOSS"],"build_version":"2019-01-10","purchased_purges":1,"victory":false,"max_hp_per_floor":[66,66,66,66,66,66,66,66,66,66,71,71,71,71,71,71,71,71,85,85,85,85,85,85,85,85,85,85,85,85,85,85,85],"card_choices":[{"not_picked":["Outmaneuver","Underhanded Strike"],"picked":"Dagger Throw","floor":1.0},{"not_picked":["Quick Slash","Bouncing Flask"],"picked":"Footwork","floor":2.0},{"not_picked":["Dagger Throw","Dagger Spray"],"picked":"Cloak And Dagger","floor":3.0},{"not_picked":["Dagger Throw","Quick Slash"],"picked":"Cloak And Dagger","floor":4.0},{"not_picked":["Cloak And Dagger","Distraction"],"picked":"Footwork","floor":5.0},{"not_picked":["Well Laid Plans","Underhanded Strike"],"picked":"Dash","floor":7.0},{"not_picked":["Masterful Stab","Quick Slash"],"picked":"Acrobatics","floor":8},{"not_picked":["Concentrate","Prepared"],"picked":"Bouncing Flask","floor":11},{"not_picked":["Flechettes","Flying Knee"],"picked":"Leg Sweep","floor":12},{"not_picked":["Poisoned Stab","Calculated Gamble"],"picked":"Deadly Poison","floor":14},{"not_picked":["Phantasmal Killer","Night Terror"],"picked":"Doppelganger","floor":16},{"not_picked":["Prepared","Bane"],"picked":"PiercingWail","floor":18},{"not_picked":["Bane","Tactician"],"picked":"Blade Dance","floor":20},{"not_picked":["Deadly Poison","Eviscerate"],"picked":"Backstab","floor":22},{"not_picked":["Poisoned Stab","Underhanded Strike"],"picked":"Prepared","floor":24},{"not_picked":["Bouncing Flask","Acrobatics"],"picked":"After Image","floor":27},{"not_picked":["Finisher+1","Prepared"],"picked":"Deflect","floor":29},{"not_picked":["Finisher","Deflect"],"picked":"Cloak And Dagger","floor":30}],"player_experience":849838,"relics_obtained":[{"floor":7.0,"key":"Bag of Preparation"},{"floor":9,"key":"Oddly Smooth Stone"},{"floor":24,"key":"Potion Belt"},{"floor":26,"key":"Mercury Hourglass"},{"floor":27,"key":"Pantograph"}],"event_choices":[{"damage_healed":0,"gold_gain":0,"player_choice":"Upgraded","damage_taken":0,"max_hp_gain":0,"max_hp_loss":0,"event_name":"Upgrade Shrine","floor":13,"gold_loss":0,"cards_upgraded":["Footwork"]},{"damage_healed":0,"gold_gain":0,"player_choice":"Smashed Altar","damage_taken":0,"max_hp_gain":0,"max_hp_loss":0,"event_name":"Forgotten Altar","floor":21,"gold_loss":0,"cards_obtained":["Decay"]},{"damage_healed":17,"gold_gain":0,"player_choice":"Heal","damage_taken":0,"max_hp_gain":0,"max_hp_loss":0,"event_name":"The Library","floor":25,"gold_loss":0}],"is_beta":false,"boss_relics":[{"not_picked":["Calling Bell","White Beast Statue"],"picked":"WristBlade"}],"items_purged_floors":[19],"is_endless":false,"potions_floor_spawned":[2,3,4,11,14,16,20,22,24,27,30],"killed_by":"Champ","ascension_level":15}