{"gold_per_floor":[118,118,118,136,45,76,76,86,86,86,99,99,139,169,169,169],"floor_reached":16,"playtime":609,"items_purged":[],"score":173,"play_id":"deec7f2e-81a9-44a7-8344-c5a36dff9397","local_time":"20190201005345","is_ascension_mode":true,"campfire_choices":[{"floor":7,"key":"REST"},{"data":"Body Slam","floor":10,"key":"SMITH"},{"floor":15,"key":"REST"}],"neow_cost":"CURSE","seed_source_timestamp":1121275510986024,"circlet_count":0,"master_deck":["AscendersBane","Strike_R","Strike_R","Strike_R","Strike_R","Strike_R","Defend_R","Defend_R","Defend_R","Defend_R","Bash","Jack Of All Trades","The Bomb","Armaments","Corruption","Jack Of All Trades","Body Slam+1","Feel No Pain","Flame Barrier","Armaments","Infernal Blade"],"relics":["Burning Blood","FaceOfCleric","Gremlin Horn","Pen Nib","Golden Idol","Bottled Flame","Odd Mushroom"],"potions_floor_usage":[11,16,16],"damage_taken":[{"damage":21,"enemies":"2 Louse","floor":1,"turns":4},{"damage":6,"enemies":"Jaw Worm","floor":4,"turns":4},{"damage":30,"enemies":"Lagavulin","floor":6,"turns":7},{"damage":6,"enemies":"Cultist","floor":8,"turns":4},{"damage":22,"enemies":"Gremlin Gang","floor":11,"turns":3},{"damage":22,"enemies":"3 Sentries","floor":13,"turns":4},{"damage":7,"enemies":"The Mushroom Lair","floor":14,"turns":3},{"damage":49,"enemies":"Hexaghost","floor":16,"turns":9}],"seed_played":"5693874237914571110","potions_obtained":[{"floor":4,"key":"Explosive Potion"},{"floor":8,"key":"AttackPotion"},{"floor":11,"key":"Weak Potion"}],"is_trial":false,"path_per_floor":["M","?","?","M","$","E","R","M","T","R","M","?","E","?","R","B"],"character_chosen":"IRONCLAD","items_purchased":["Jack Of All Trades"],"campfire_rested":2,"item_purchase_floors":[5],"current_hp_per_floor":[57,50,50,51,51,28,52,53,53,53,38,38,23,23,47,0],"gold":169,"neow_bonus":"RANDOM_COLORLESS_2","is_prod":false,"is_daily":false,"chose_seed":false,"campfire_upgraded":1,"win_rate":0,"timestamp":1549000425,"path_taken":["M","?","?","?","$","E","R","M","T","R","?","?","E","?","R","BOSS"],"build_version":"2019-01-23","purchased_purges":0,"victory":false,"max_hp_per_floor":[80,80,80,81,81,82,82,83,83,83,84,78,79,80,80,80],"card_choices":[{"not_picked":["Flex","Pommel Strike"],"picked":"Armaments","floor":1},{"not_picked":["Sentinel","Heavy Blade"],"picked":"Corruption","floor":4},{"not_picked":["Second Wind","Flex"],"picked":"Body Slam","floor":6},{"not_picked":["Dropkick","Brutality"],"picked":"Feel No Pain","floor":8},{"not_picked":["Sword Boomerang","Heavy Blade"],"picked":"Flame Barrier","floor":11},{"not_picked":["True Grit","Twin Strike"],"picked":"Armaments","floor":13},{"not_picked":["Havoc","Clothesline"],"picked":"Infernal Blade","floor":14}],"player_experience":571752,"relics_obtained":[{"floor":6,"key":"Gremlin Horn"},{"floor":9,"key":"Pen Nib"},{"floor":13,"key":"Bottled Flame"},{"floor":14,"key":"Odd Mushroom"}],"event_choices":[{"cards_removed":["Regret"],"damage_healed":0,"gold_gain":0,"player_choice":"Card Removal","damage_taken":7,"max_hp_gain":0,"max_hp_loss":0,"event_name":"Golden Wing","floor":2,"gold_loss":0},{"damage_healed":0,"gold_gain":0,"player_choice":"Trade","damage_taken":0,"relics_obtained":["FaceOfCleric"],"max_hp_gain":0,"max_hp_loss":0,"event_name":"FaceTrader","floor":3,"gold_loss":0},{"damage_healed":0,"gold_gain":0,"player_choice":"Lose Max HP","damage_taken":0,"relics_obtained":["Golden Idol"],"max_hp_gain":0,"max_hp_loss":6,"event_name":"Golden Idol","floor":12,"gold_loss":0},{"damage_healed":0,"gold_gain":0,"player_choice":"Fought Mushrooms","damage_taken":0,"max_hp_gain":0,"max_hp_loss":0,"event_name":"Mushrooms","floor":14,"gold_loss":0}],"is_beta":true,"boss_relics":[],"items_purged_floors":[],"is_endless":false,"potions_floor_spawned":[4,8,11,14],"killed_by":"Hexaghost","ascension_level":12}