{"gold_per_floor":[110,130,146,164,164,198,198,228,228,228,248,259,277,148,148,222,222,232,18,18,18,29,62,76,101,101,32,32,46,65,79,79,79],"floor_reached":33,"playtime":4701,"items_purged":["Strike_G","Strike_G"],"score":527,"play_id":"0fa10cf8-9730-4b89-876a-5c87afcdba75","local_time":"20190113230801","is_ascension_mode":true,"campfire_choices":[{"floor":7,"key":"REST"},{"floor":10,"key":"REST"},{"floor":15,"key":"REST"},{"floor":28,"key":"REST"},{"floor":32,"key":"REST"}],"neow_cost":"CURSE","seed_source_timestamp":85482584877021,"circlet_count":0,"master_deck":["AscendersBane","Defend_G","Defend_G","Defend_G","Defend_G","Defend_G","Strike_G","Strike_G","Strike_G","Survivor","Neutralize","Deflect","Skewer","Expertise","Well Laid Plans","Sucker Punch","Tools of the Trade","Acrobatics","Prepared","Dagger Throw","Cloak And Dagger","Tools of the Trade","Dodge and Roll","Riddle With Holes","Acrobatics","PiercingWail","Tactician","Dagger Throw","Crippling Poison+1","Dash","Blade Dance+1","Outmaneuver","Terror"],"relics":["Ring of the Snake","Tough Bandages","Bag of Marbles","Pantograph","Question Card","Velvet Choker","MutagenicStrength","CultistMask","Matryoshka","Blood Vial","Shuriken","Bottled Tornado"],"potions_floor_usage":[6,23,25],"damage_taken":[{"damage":5,"enemies":"Cultist","floor":1,"turns":5},{"damage":23,"enemies":"Jaw Worm","floor":2,"turns":7},{"damage":2,"enemies":"2 Louse","floor":3,"turns":3},{"damage":0,"enemies":"2 Fungi Beasts","floor":4,"turns":4},{"damage":7,"enemies":"3 Sentries","floor":6,"turns":11},{"damage":23,"enemies":"Gremlin Nob","floor":8,"turns":5},{"damage":9,"enemies":"Red Slaver","floor":11,"turns":4},{"damage":7,"enemies":"Exordium Thugs","floor":12,"turns":8},{"damage":0,"enemies":"Large Slime","floor":13,"turns":6},{"damage":46,"enemies":"Hexaghost","floor":16,"turns":19},{"damage":0,"enemies":"Chosen","floor":18,"turns":5},{"damage":4,"enemies":"3 Byrds","floor":22,"turns":7},{"damage":8,"enemies":"Book of Stabbing","floor":23,"turns":11},{"damage":7,"enemies":"Sentry and Sphere","floor":24,"turns":9},{"damage":25,"enemies":"Slavers","floor":25,"turns":9},{"damage":1,"enemies":"Chosen and Byrds","floor":29,"turns":6},{"damage":4,"enemies":"Centurion and Healer","floor":30,"turns":6},{"damage":14,"enemies":"Snecko","floor":31,"turns":5},{"damage":65,"enemies":"Champ","floor":33,"turns":17}],"seed_played":"-2581242824036072432","potions_obtained":[{"floor":2,"key":"Fire Potion"},{"floor":8,"key":"Ancient Potion"},{"floor":11,"key":"EssenceOfSteel"},{"floor":16,"key":"GhostInAJar"}],"is_trial":false,"path_per_floor":["M","M","M","M","?","E","R","E","T","R","M","M","M","$","R","B",null,"M","$","?","?","M","E","M","E","T","$","R","M","M","M","R","B"],"character_chosen":"THE_SILENT","items_purchased":["Cloak And Dagger","Riddle With Holes","Acrobatics","Dash"],"campfire_rested":5,"item_purchase_floors":[14,19,19,27],"current_hp_per_floor":[54,31,29,29,22,15,34,11,11,30,21,14,14,14,33,12,53,53,53,53,53,49,41,34,9,9,9,28,29,27,15,34,0],"gold":79,"neow_bonus":"ONE_RARE_RELIC","is_prod":false,"is_daily":false,"chose_seed":false,"campfire_upgraded":0,"win_rate":0,"timestamp":1547438881,"path_taken":["M","M","M","?","?","E","R","E","T","R","M","M","M","$","R","BOSS","M","$","?","?","M","E","?","E","T","$","R","M","M","M","R","BOSS"],"build_version":"2019-01-10","purchased_purges":2,"victory":false,"max_hp_per_floor":[66,66,66,66,66,66,66,66,66,66,66,66,66,66,66,66,66,66,66,66,66,66,66,66,66,66,66,66,66,66,66,66,66],"card_choices":[{"not_picked":["Deadly Poison","Slice"],"picked":"Deflect","floor":1},{"not_picked":["Deadly Poison","Dagger Spray"],"picked":"Skewer","floor":2},{"not_picked":["Endless Agony","Blade Dance"],"picked":"Expertise","floor":3},{"not_picked":["Terror","PiercingWail"],"picked":"Well Laid Plans","floor":4},{"not_picked":["Deadly Poison","Flying Knee"],"picked":"Sucker Punch","floor":6},{"not_picked":["Dodge and Roll","Sucker Punch"],"picked":"Tools of the Trade","floor":8},{"not_picked":["Finisher","Escape Plan","Dagger Spray"],"picked":"Acrobatics","floor":11},{"not_picked":["Underhanded Strike","Backflip","PiercingWail"],"picked":"Prepared","floor":12},{"not_picked":["Night Terror","Sucker Punch","Reflex"],"picked":"Dagger Throw","floor":13},{"not_picked":["Envenom","Phantasmal Killer","A Thousand Cuts"],"picked":"Tools of the Trade","floor":16},{"not_picked":["Acrobatics","Setup","Outmaneuver"],"picked":"Dodge and Roll","floor":18},{"not_picked":["Bane","Riddle With Holes","Predator"],"picked":"PiercingWail","floor":22},{"not_picked":["Terror","PiercingWail+1","Quick Slash"],"picked":"Tactician","floor":23},{"not_picked":["Well Laid Plans","All Out Attack","Malaise"],"picked":"Dagger Throw","floor":24},{"not_picked":["Flying Knee+1","Distraction","Riddle With Holes"],"picked":"Crippling Poison+1","floor":25},{"not_picked":["Acrobatics","Deadly Poison","Catalyst"],"picked":"Blade Dance+1","floor":29},{"not_picked":["Terror","Blade Dance","Slice"],"picked":"Outmaneuver","floor":30},{"not_picked":["Accuracy","Dodge and Roll","Acrobatics"],"picked":"Terror","floor":31}],"player_experience":853269,"relics_obtained":[{"floor":6,"key":"Bag of Marbles"},{"floor":8,"key":"Pantograph"},{"floor":9,"key":"Question Card"},{"floor":23,"key":"Matryoshka"},{"floor":25,"key":"Blood Vial"},{"floor":26,"key":"Shuriken"},{"floor":26,"key":"Bottled Tornado"}],"event_choices":[{"cards_removed":["Injury"],"damage_healed":0,"gold_gain":0,"player_choice":"Card Removal","damage_taken":7,"max_hp_gain":0,"max_hp_loss":0,"event_name":"Golden Wing","floor":5,"gold_loss":0},{"damage_healed":0,"gold_gain":0,"player_choice":"Inject Mutagens","damage_taken":0,"relics_obtained":["MutagenicStrength"],"max_hp_gain":0,"max_hp_loss":0,"event_name":"Drug Dealer","floor":20,"gold_loss":0},{"damage_healed":0,"gold_gain":0,"player_choice":"Trade","damage_taken":0,"relics_obtained":["CultistMask"],"max_hp_gain":0,"max_hp_loss":0,"event_name":"FaceTrader","floor":21,"gold_loss":0}],"is_beta":false,"boss_relics":[{"not_picked":["WristBlade","Black Star"],"picked":"Velvet Choker"}],"items_purged_floors":[14,19],"is_endless":false,"potions_floor_spawned":[2,8,11,13,16,18,22],"killed_by":"Champ","ascension_level":15}