{"gold_per_floor":[110,110,110,110,110,110,138,138,165,178,206,221,221,253,253,328,328,343,343,360,330,344,344,377,377,404,404,404,429,429,479,479,479],"floor_reached":33,"playtime":617,"items_purged":[],"score":694,"play_id":"d2351c68-5e1c-4206-9995-54009c747557","local_time":"20190213031743","is_ascension_mode":true,"campfire_choices":[{"data":"Bash","floor":6,"key":"SMITH"},{"data":"Sword Boomerang","floor":8,"key":"SMITH"},{"data":"Twin Strike","floor":13,"key":"SMITH"},{"floor":15,"key":"REST"},{"data":"Immolate","floor":23,"key":"SMITH"},{"floor":25,"key":"REST"},{"data":"Flame Barrier","floor":28,"key":"SMITH"},{"floor":32,"key":"REST"}],"neow_cost":"NONE","seed_source_timestamp":36978079691100,"circlet_count":0,"master_deck":["AscendersBane","Strike_R+1","Strike_R+1","Strike_R+1","Strike_R+1","Defend_R+1","Defend_R+1","Defend_R+1","Defend_R+1","Bash+1","Sword Boomerang+1","Twin Strike+1","Flame Barrier+1","Immolate+1","Headbutt+1"],"relics":["Burning Blood","NeowsBlessing","Red Skull","Bag of Marbles","Potion Belt","Mummified Hand","Juzu Bracelet","Busted Crown","PreservedInsect","Blood Vial","Question Card"],"potions_floor_usage":[11,20,21,22,33,33,33],"damage_taken":[{"damage":0,"enemies":"Cultist","floor":1,"turns":1},{"damage":0,"enemies":"Gremlin Nob","floor":7,"turns":1},{"damage":0,"enemies":"Jaw Worm","floor":10,"turns":1},{"damage":40,"enemies":"Lagavulin","floor":11,"turns":6},{"damage":0,"enemies":"2 Louse","floor":12,"turns":2},{"damage":28,"enemies":"Gremlin Nob","floor":14,"turns":4},{"damage":35,"enemies":"Hexaghost","floor":16,"turns":8},{"damage":3,"enemies":"3 Byrds","floor":18,"turns":3},{"damage":21,"enemies":"Shell Parasite","floor":20,"turns":5},{"damage":26,"enemies":"Snake Plant","floor":22,"turns":4},{"damage":45,"enemies":"Book of Stabbing","floor":24,"turns":4},{"damage":0,"enemies":"Slavers","floor":29,"turns":1},{"damage":54,"enemies":"Collector","floor":33,"turns":5}],"seed_played":"7621863496227730830","potions_obtained":[{"floor":7,"key":"Ancient Potion"},{"floor":11,"key":"GamblersBrew"},{"floor":16,"key":"Regen Potion"},{"floor":20,"key":"GamblersBrew"},{"floor":21,"key":"Regen Potion"},{"floor":21,"key":"Fruit Juice"},{"floor":24,"key":"Energy Potion"}],"is_trial":false,"path_per_floor":["M","?","?","$","?","R","E","R","T","M","E","M","R","E","R","B",null,"M","?","M","?","M","R","E","R","T","?","R","E","?","?","R","B"],"character_chosen":"IRONCLAD","items_purchased":[],"campfire_rested":3,"item_purchase_floors":[],"current_hp_per_floor":[74,63,68,68,61,61,67,67,67,73,39,45,45,23,47,18,65,68,68,67,72,64,64,25,50,50,50,50,58,33,24,51,0],"gold":479,"neow_bonus":"THREE_ENEMY_KILL","is_prod":false,"is_daily":false,"chose_seed":false,"campfire_upgraded":5,"win_rate":0,"timestamp":1550020662,"path_taken":["M","?","?","$","?","R","E","R","T","M","E","?","R","E","R","BOSS","M","?","M","?","M","R","E","R","T","?","R","E","?","?","R","BOSS"],"build_version":"2019-01-23","purchased_purges":0,"victory":false,"max_hp_per_floor":[75,75,80,80,80,80,80,80,80,80,80,80,80,80,80,80,80,80,80,80,85,85,85,85,85,85,85,85,85,90,90,90,90],"card_choices":[{"not_picked":["Metallicize","Armaments"],"picked":"Sword Boomerang","floor":1},{"not_picked":["Dropkick","Sword Boomerang"],"picked":"Twin Strike","floor":7},{"not_picked":["True Grit","Entrench","Clash"],"picked":"SKIP","floor":10},{"not_picked":["Armaments","Corruption","Body Slam"],"picked":"SKIP","floor":11},{"not_picked":["True Grit","Rupture"],"picked":"Flame Barrier","floor":12},{"not_picked":["Intimidate","Heavy Blade","Clash"],"picked":"SKIP","floor":14},{"not_picked":["Brutality","Dark Embrace"],"picked":"Immolate","floor":16},{"not_picked":["Wild Strike"],"picked":"SKIP","floor":18},{"not_picked":["Cleave"],"picked":"SKIP","floor":20},{"not_picked":[],"picked":"Headbutt+1","floor":22},{"not_picked":["Fire Breathing"],"picked":"SKIP","floor":24},{"not_picked":["Dropkick+1"],"picked":"SKIP","floor":29}],"player_experience":733756,"relics_obtained":[{"floor":7,"key":"Bag of Marbles"},{"floor":9,"key":"Potion Belt"},{"floor":11,"key":"Mummified Hand"},{"floor":14,"key":"Juzu Bracelet"},{"floor":24,"key":"PreservedInsect"},{"floor":26,"key":"Blood Vial"},{"floor":29,"key":"Question Card"}],"event_choices":[{"damage_healed":0,"gold_gain":0,"player_choice":"Success","damage_taken":11,"relics_obtained":["Red Skull"],"max_hp_gain":0,"max_hp_loss":0,"event_name":"Scrap Ooze","floor":2,"gold_loss":0},{"damage_healed":0,"gold_gain":0,"player_choice":"Donut","damage_taken":0,"max_hp_gain":5,"max_hp_loss":0,"event_name":"Big Fish","floor":3,"gold_loss":0},{"cards_removed":["Strike_R"],"damage_healed":0,"gold_gain":0,"player_choice":"Card Removal","damage_taken":7,"max_hp_gain":0,"max_hp_loss":0,"event_name":"Golden Wing","floor":5,"gold_loss":0},{"damage_healed":0,"gold_gain":0,"player_choice":"Simplicity","damage_taken":0,"max_hp_gain":0,"max_hp_loss":0,"event_name":"Back to Basics","floor":19,"gold_loss":0,"cards_upgraded":["Strike_R","Strike_R","Strike_R","Strike_R","Defend_R","Defend_R","Defend_R","Defend_R"]},{"damage_healed":0,"gold_gain":0,"player_choice":"Bought 2 Potions","damage_taken":0,"max_hp_gain":0,"max_hp_loss":0,"event_name":"The Woman in Blue","floor":21,"gold_loss":0},{"damage_healed":0,"gold_gain":0,"player_choice":"Ignored","damage_taken":0,"max_hp_gain":0,"max_hp_loss":0,"event_name":"Ghosts","floor":27,"gold_loss":0},{"damage_healed":0,"gold_gain":0,"player_choice":"Shed Blood","damage_taken":30,"max_hp_gain":5,"max_hp_loss":0,"event_name":"Forgotten Altar","floor":30,"gold_loss":0},{"damage_healed":0,"gold_gain":50,"player_choice":"Touch","damage_taken":9,"max_hp_gain":0,"max_hp_loss":0,"event_name":"FaceTrader","floor":31,"gold_loss":0}],"is_beta":false,"boss_relics":[{"not_picked":["Fusion Hammer","Calling Bell"],"picked":"Busted Crown"}],"items_purged_floors":[],"is_endless":false,"potions_floor_spawned":[7,11,16,20,24],"killed_by":"Collector","ascension_level":20}