{"gold_per_floor":[110,285,285,2,23,23,62,162,162,180,180,214,214,15,15,138,138,154,154,177,22,2,2,45,45,45,45,64,99,114,42,42,173,173,188,188,113,113,129,129,172,172,196,196,211,254,18,0,0,0],"floor_reached":51,"playtime":2210,"items_purged":["Doubt","Strike_B","Writhe"],"score":954,"play_id":"7819a265-6fe4-4ed6-bd8e-be9055ccc789","local_time":"20190129234541","is_ascension_mode":true,"campfire_choices":[{"data":"Sweeping Beam","floor":6,"key":"SMITH"},{"floor":11,"key":"REST"},{"data":"Defragment","floor":15,"key":"SMITH"},{"data":"Chill","floor":23,"key":"SMITH"},{"data":"Zap","floor":25,"key":"SMITH"},{"floor":32,"key":"REST"},{"data":"Electrodynamics","floor":40,"key":"SMITH"},{"data":"Hologram","floor":42,"key":"SMITH"},{"data":"Coolheaded","floor":44,"key":"SMITH"},{"data":"Coolheaded","floor":49,"key":"SMITH"}],"neow_cost":"NONE","seed_source_timestamp":1052155817734526,"circlet_count":0,"master_deck":["Defend_B","Defend_B","Defend_B","Defend_B","Zap+1","Dualcast","Beam Cell","Defragment+1","Sweeping Beam+1","Electrodynamics+1","Chill+1","Genetic Algorithm","Compile Driver+1","Static Discharge","Core Surge+1","Go for the Eyes+1","Ball Lightning+1","Coolheaded+1","Capacitor+1","Coolheaded+1","Recycle","All For One+1","Conserve Battery","Biased Cognition+1","Coolheaded+1","Leap","Finesse","Defragment+1","Hologram+1","Go for the Eyes+1","Glacier+1","Loop+1"],"relics":["Cracked Core","Golden Idol","Membership Card","Blood Vial","Emotion Chip","Molten Egg 2","Strawberry","Sozu","Frozen Egg 2","Singing Bowl","Gremlin Horn","Ornamental Fan","Bag of Preparation","Black Star","Unceasing Top","Kunai","Oddly Smooth Stone","FossilizedHelix","Darkstone Periapt","Pen Nib","Shuriken","Red Mask"],"potions_floor_usage":[10,10,24],"damage_taken":[{"damage":1,"enemies":"Cultist","floor":1,"turns":3},{"damage":4,"enemies":"Jaw Worm","floor":5,"turns":3},{"damage":25,"enemies":"Lagavulin","floor":7,"turns":6},{"damage":2,"enemies":"Small Slimes","floor":10,"turns":2},{"damage":16,"enemies":"Gremlin Nob","floor":12,"turns":3},{"damage":16,"enemies":"The Guardian","floor":16,"turns":8},{"damage":12,"enemies":"Spheric Guardian","floor":18,"turns":4},{"damage":1,"enemies":"3 Byrds","floor":20,"turns":4},{"damage":13,"enemies":"Gremlin Leader","floor":24,"turns":5},{"damage":9,"enemies":"Snake Plant","floor":28,"turns":3},{"damage":10,"enemies":"Slavers","floor":29,"turns":3},{"damage":0,"enemies":"Centurion and Healer","floor":30,"turns":5},{"damage":18,"enemies":"Champ","floor":33,"turns":11},{"damage":18,"enemies":"Orb Walker","floor":35,"turns":3},{"damage":6,"enemies":"3 Shapes","floor":39,"turns":3},{"damage":8,"enemies":"Reptomancer","floor":41,"turns":4},{"damage":0,"enemies":"Maw","floor":45,"turns":6},{"damage":5,"enemies":"Giant Head","floor":46,"turns":8},{"damage":4,"enemies":"Donu and Deca","floor":50,"turns":7}],"seed_played":"5369739992422937709","potions_obtained":[{"floor":1,"key":"Swift Potion"},{"floor":7,"key":"Energy Potion"}],"is_trial":false,"path_per_floor":["M","?","?","$","M","R","E","?","T","M","R","E","?","$","R","B",null,"M","?","M","$","$","R","E","R","T","?","M","E","M","$","R","B",null,"M","?","$","?","M","R","E","R","T","R","M","E","$","?","R","B",null],"character_chosen":"DEFECT","items_purchased":["Membership Card","Defragment","Compile Driver+1","Strawberry","AttackPotion","Static Discharge","Frozen Egg 2","Coolheaded","Capacitor+1","Bag of Preparation","Leap","Pen Nib","Shuriken","Loop+1"],"campfire_rested":2,"item_purchase_floors":[4,4,14,14,14,14,21,21,22,31,37,47,47,47],"current_hp_per_floor":[67,67,49,49,45,45,20,20,20,20,42,28,28,35,35,21,67,57,57,58,58,58,58,47,47,47,47,42,34,38,38,63,47,76,60,82,82,82,78,78,72,72,72,72,74,71,71,71,71,69],"gold":0,"neow_bonus":"THREE_CARDS","is_prod":false,"is_daily":false,"chose_seed":false,"campfire_upgraded":8,"win_rate":0,"timestamp":1548834341,"path_taken":["M","?","?","$","M","R","E","?","T","?","R","E","?","?","R","BOSS","M","?","?","?","$","R","E","R","T","?","M","E","M","$","R","BOSS","M","?","$","?","M","R","E","R","T","R","M","E","$","?","R","BOSS"],"build_version":"2019-01-23","purchased_purges":3,"victory":true,"max_hp_per_floor":[75,75,75,75,75,75,75,75,75,75,75,75,75,82,82,82,82,82,82,82,82,82,82,82,82,82,82,84,84,86,86,86,86,86,86,86,86,86,86,86,86,86,86,86,86,86,86,86,86,86],"card_choices":[{"not_picked":["Heatsinks","Undo"],"picked":"Beam Cell","floor":0},{"not_picked":["Steam Power","Auto Shields","Barrage"],"picked":"SKIP","floor":1},{"not_picked":["Lockon","Steam"],"picked":"Sweeping Beam","floor":5},{"not_picked":["Compile Driver","Skim"],"picked":"Electrodynamics","floor":7},{"not_picked":["Consume","Barrage"],"picked":"Chill","floor":10},{"not_picked":["Aggregate","Rebound"],"picked":"Genetic Algorithm","floor":12},{"not_picked":["Thunder Strike+1","All For One+1"],"picked":"Core Surge+1","floor":16},{"not_picked":["Hologram","Streamline+1"],"picked":"Go for the Eyes+1","floor":18},{"not_picked":["Genetic Algorithm","Rip and Tear+1"],"picked":"Ball Lightning+1","floor":20},{"not_picked":["Doom and Gloom+1","Redo+1"],"picked":"Coolheaded","floor":24},{"not_picked":["Darkness","Go for the Eyes+1","Beam Cell+1"],"picked":"Singing Bowl","floor":28},{"not_picked":["Machine Learning+1","Static Discharge+1"],"picked":"Conserve Battery","floor":29},{"not_picked":["Beam Cell+1","Redo","Cold Snap+1"],"picked":"Singing Bowl","floor":30},{"not_picked":["Creative AI+1","All For One+1"],"picked":"Biased Cognition+1","floor":33},{"not_picked":["Stack","Gash+1"],"picked":"Coolheaded+1","floor":35},{"not_picked":["Dramatic Entrance+1","Panacea"],"picked":"Finesse","floor":38},{"not_picked":["Barrage+1","Darkness"],"picked":"Defragment+1","floor":39},{"not_picked":["Rip and Tear+1","Storm+1"],"picked":"Hologram","floor":41},{"not_picked":["Fusion+1","Turbo+1"],"picked":"Go for the Eyes+1","floor":45},{"not_picked":["Loop+1","Hologram"],"picked":"Glacier+1","floor":46}],"player_experience":283649,"relics_obtained":[{"floor":7,"key":"Blood Vial"},{"floor":9,"key":"Emotion Chip"},{"floor":12,"key":"Molten Egg 2"},{"floor":24,"key":"Singing Bowl"},{"floor":26,"key":"Gremlin Horn"},{"floor":29,"key":"Ornamental Fan"},{"floor":41,"key":"Unceasing Top"},{"floor":41,"key":"Kunai"},{"floor":43,"key":"Oddly Smooth Stone"},{"floor":46,"key":"FossilizedHelix"},{"floor":46,"key":"Darkstone Periapt"}],"event_choices":[{"damage_healed":0,"gold_gain":175,"player_choice":"AGREE","damage_taken":0,"max_hp_gain":0,"max_hp_loss":0,"event_name":"Liars Game","floor":2,"gold_loss":0,"cards_obtained":["Doubt"]},{"damage_healed":0,"gold_gain":0,"player_choice":"Take Damage","damage_taken":18,"relics_obtained":["Golden Idol"],"max_hp_gain":0,"max_hp_loss":0,"event_name":"Golden Idol","floor":3,"gold_loss":0},{"damage_healed":0,"gold_gain":100,"player_choice":"Pray","damage_taken":0,"max_hp_gain":0,"max_hp_loss":0,"event_name":"Golden Shrine","floor":8,"gold_loss":0},{"damage_healed":0,"gold_gain":0,"player_choice":"Ignored","damage_taken":0,"max_hp_gain":0,"max_hp_loss":0,"event_name":"Shining Light","floor":13,"gold_loss":0},{"cards_removed":["Strike_B"],"damage_healed":0,"gold_gain":0,"player_choice":"Card Removal","damage_taken":0,"max_hp_gain":0,"max_hp_loss":0,"event_name":"Wheel of Change","floor":19,"gold_loss":0},{"damage_healed":0,"gold_gain":0,"cards_transformed":["Strike_B","Strike_B"],"player_choice":"Became Test Subject","damage_taken":0,"max_hp_gain":0,"max_hp_loss":0,"event_name":"Drug Dealer","floor":27,"gold_loss":0,"cards_obtained":["Recycle","All For One"]},{"damage_healed":22,"gold_gain":0,"player_choice":"Writhe","damage_taken":0,"max_hp_gain":0,"max_hp_loss":0,"event_name":"Winding Halls","floor":36,"gold_loss":0,"cards_obtained":["Writhe"]},{"damage_healed":0,"gold_gain":0,"player_choice":"Memory 1","damage_taken":0,"max_hp_gain":0,"max_hp_loss":0,"event_name":"SensoryStone","floor":38,"gold_loss":0},{"damage_healed":0,"gold_gain":0,"player_choice":"Paid","damage_taken":0,"relics_obtained":["Red Mask"],"max_hp_gain":0,"max_hp_loss":0,"event_name":"Tomb of Lord Red Mask","floor":48,"gold_loss":18}],"is_beta":false,"boss_relics":[{"not_picked":["Empty Cage","Astrolabe"],"picked":"Sozu"},{"not_picked":["Runic Pyramid","Lizard Tail"],"picked":"Black Star"}],"items_purged_floors":[4,14,37],"is_endless":false,"potions_floor_spawned":[1,7,18,20,24,29,45,46],"ascension_level":6}