{"gold_per_floor":[99,99,99,99,99,99,99,99,99,99,99,99,99,24,24,24,24,24,24,24,24,24,24,24,24,24,24],"floor_reached":27,"playtime":1194,"items_purged":["Strike_R"],"score":318,"play_id":"32b1e267-1cc9-45a0-a5d4-dea0c7955d78","local_time":"20190209184115","is_ascension_mode":true,"campfire_choices":[{"floor":6,"key":"REST"},{"floor":13,"key":"REST"},{"floor":15,"key":"REST"},{"floor":23,"key":"REST"}],"neow_cost":"NONE","seed_source_timestamp":369184099419401,"circlet_count":0,"master_deck":["Strike_R","Strike_R","Strike_R","Strike_R","Defend_R","Defend_R","Defend_R","Defend_R","Bash","Rage","Twin Strike","Flex","Flex","Anger","Berserk+1","Shame","Doubt","Clumsy","Shrug It Off","Inflame+1","Flame Barrier","Pommel Strike+1","True Grit"],"relics":["Ectoplasm","Matryoshka","Bottled Lightning","Frozen Egg 2","Bronze Scales","Lantern","Darkstone Periapt","Calling Bell","Red Skull","Gremlin Horn","Mango","Smiling Mask","Bag of Preparation","Ornamental Fan"],"potions_floor_usage":[10,21,27,27,27,27,27,27],"damage_taken":[{"damage":11,"enemies":"Jaw Worm","floor":1,"turns":3},{"damage":5,"enemies":"Small Slimes","floor":2,"turns":4},{"damage":0,"enemies":"2 Louse","floor":3,"turns":3},{"damage":3,"enemies":"Red Slaver","floor":5,"turns":3},{"damage":23,"enemies":"Lagavulin","floor":7,"turns":6},{"damage":0,"enemies":"3 Louse","floor":8,"turns":3},{"damage":26,"enemies":"Gremlin Nob","floor":10,"turns":3},{"damage":27,"enemies":"Lagavulin","floor":12,"turns":5},{"damage":66,"enemies":"The Guardian","floor":16,"turns":10},{"damage":60,"enemies":"Spheric Guardian","floor":18,"turns":6},{"damage":2,"enemies":"Chosen","floor":19,"turns":3},{"damage":41,"enemies":"Sentry and Sphere","floor":20,"turns":6},{"damage":16,"enemies":"Snecko","floor":21,"turns":6},{"damage":11,"enemies":"Centurion and Healer","floor":24,"turns":4},{"damage":25,"enemies":"Slavers","floor":25,"turns":5},{"damage":14,"enemies":"Shelled Parasite and Fungi","floor":27,"turns":2}],"seed_played":"-2687368464785387910","potions_obtained":[{"floor":3,"key":"Ancient Potion"},{"floor":8,"key":"PowerPotion"},{"floor":10,"key":"EntropicBrew"},{"floor":20,"key":"Regen Potion"},{"floor":25,"key":"Energy Potion"}],"is_trial":false,"path_per_floor":["M","M","M","?","M","R","E","M","T","E","?","E","R","$","R","B",null,"M","M","M","M","$","R","M","E","T","M"],"character_chosen":"IRONCLAD","items_purchased":[],"campfire_rested":4,"item_purchase_floors":[],"current_hp_per_floor":[69,64,64,52,49,73,50,50,50,24,50,23,47,47,71,5,112,52,50,9,8,8,41,30,5,5,0],"gold":24,"neow_bonus":"BOSS_RELIC","is_prod":false,"is_daily":false,"chose_seed":false,"campfire_upgraded":0,"win_rate":0,"timestamp":1549755675,"path_taken":["M","M","M","?","M","R","E","M","T","E","?","E","R","?","R","BOSS","M","M","M","M","$","R","M","E","T","M"],"build_version":"2019-01-23","purchased_purges":1,"victory":false,"max_hp_per_floor":[80,80,80,80,80,80,80,80,80,80,80,80,80,80,80,80,112,112,112,112,112,112,112,112,112,112,112],"card_choices":[{"not_picked":["Clothesline","Pommel Strike"],"picked":"Rage","floor":1},{"not_picked":["Clothesline","Havoc"],"picked":"Twin Strike","floor":2},{"not_picked":["Sword Boomerang","Havoc"],"picked":"Flex","floor":3},{"not_picked":["Evolve","Body Slam"],"picked":"Flex","floor":5},{"not_picked":["Carnage","Flex","Fiend Fire"],"picked":"SKIP","floor":7},{"not_picked":["Carnage","Flex","Fiend Fire"],"picked":"SKIP","floor":7},{"not_picked":["Wild Strike","Sentinel"],"picked":"Anger","floor":8},{"not_picked":["Heavy Blade","Ghostly Armor","Feel No Pain+1"],"picked":"SKIP","floor":10},{"not_picked":["True Grit","Warcry","Anger"],"picked":"SKIP","floor":12},{"not_picked":["Double Tap","Fiend Fire"],"picked":"Berserk+1","floor":16},{"not_picked":["Iron Wave","Armaments"],"picked":"Shrug It Off","floor":18},{"not_picked":["Clothesline","Thunderclap"],"picked":"Inflame+1","floor":19},{"not_picked":["Carnage+1","Warcry+1"],"picked":"Flame Barrier","floor":20},{"not_picked":["Clash+1","Twin Strike"],"picked":"Pommel Strike+1","floor":21},{"not_picked":["Combust+1","True Grit","Body Slam"],"picked":"SKIP","floor":24},{"not_picked":["Feel No Pain+1","Perfected Strike+1"],"picked":"True Grit","floor":25}],"player_experience":114860,"relics_obtained":[{"floor":7,"key":"Bottled Lightning"},{"floor":9,"key":"Frozen Egg 2"},{"floor":9,"key":"Bronze Scales"},{"floor":10,"key":"Lantern"},{"floor":12,"key":"Darkstone Periapt"},{"floor":17,"key":"Red Skull"},{"floor":17,"key":"Gremlin Horn"},{"floor":17,"key":"Mango"},{"floor":25,"key":"Smiling Mask"},{"floor":26,"key":"Bag of Preparation"},{"floor":26,"key":"Ornamental Fan"}],"event_choices":[{"damage_healed":0,"gold_gain":0,"player_choice":"Success","damage_taken":12,"relics_obtained":["Matryoshka"],"max_hp_gain":0,"max_hp_loss":0,"event_name":"Scrap Ooze","floor":4,"gold_loss":0},{"damage_healed":26,"gold_gain":0,"player_choice":"Banana","damage_taken":0,"max_hp_gain":0,"max_hp_loss":0,"event_name":"Big Fish","floor":11,"gold_loss":0}],"is_beta":false,"boss_relics":[{"not_picked":["Runic Pyramid","Coffee Dripper"],"picked":"Calling Bell"}],"items_purged_floors":[14],"is_endless":false,"potions_floor_spawned":[3,8,10,20,25],"killed_by":"Shelled Parasite and Fungi","ascension_level":1}