{"gold_per_floor":[110,11,27,40,40,60,60,90,115,174,185,211,226,106,106,179,179,192,212,127,127,139,139,159,159,159,193,193,193,6,22,22,96,96,112,127,127,140,158,189,189,189,189,208,224,224,249,263,263,263,263,263,263,94,124,124],"floor_reached":56,"playtime":6573,"items_purged":["Strike_B","Strike_B+1","Ball Lightning"],"score":1982,"play_id":"44302caa-3085-4e71-8c46-78bada391e89","local_time":"20190209005403","is_ascension_mode":true,"campfire_choices":[{"floor":7,"key":"REST"},{"data":"Defragment","floor":15,"key":"SMITH"},{"data":"Coolheaded","floor":23,"key":"SMITH"},{"floor":25,"key":"REST"},{"floor":28,"key":"REST"},{"data":"Defragment","floor":32,"key":"SMITH"},{"data":"Coolheaded","floor":41,"key":"SMITH"},{"data":"Recycle","floor":46,"key":"SMITH"},{"floor":49,"key":"RECALL"},{"data":"Blizzard","floor":53,"key":"SMITH"}],"neow_cost":"NONE","seed_source_timestamp":1905359937189929,"circlet_count":0,"master_deck":["AscendersBane","Defend_B","Defend_B+1","Defend_B","Dualcast","Defragment+1","Coolheaded+1","Melter","Compile Driver","Coolheaded+1","Defragment+1","Glacier","Sweeping Beam","Recycle+1","Echo Form","Blizzard+1","Hologram","Self Repair","Defragment+1","Machine Learning","Coolheaded+1","Glacier+1","Seek","Blizzard"],"relics":["Cracked Core","Happy Flower","War Paint","Lantern","Empty Cage","Mercury Hourglass","Centennial Puzzle","Pen Nib","Coffee Dripper","PreservedInsect","Boot","Mummified Hand"],"potions_floor_usage":[1,11,12,12,27,31,33,33,40,45,48,56,56],"damage_taken":[{"damage":5,"enemies":"Small Slimes","floor":1,"turns":3},{"damage":2,"enemies":"2 Louse","floor":3,"turns":3},{"damage":9,"enemies":"Jaw Worm","floor":4,"turns":4},{"damage":7,"enemies":"Exordium Wildlife","floor":6,"turns":4},{"damage":20,"enemies":"3 Sentries","floor":8,"turns":6},{"damage":3,"enemies":"Lots of Slimes","floor":11,"turns":5},{"damage":2,"enemies":"Lagavulin","floor":12,"turns":4},{"damage":0,"enemies":"Looter","floor":13,"turns":3},{"damage":0,"enemies":"The Guardian","floor":16,"turns":11},{"damage":0,"enemies":"Shell Parasite","floor":18,"turns":7},{"damage":0,"enemies":"Chosen","floor":19,"turns":7},{"damage":24,"enemies":"Snake Plant","floor":22,"turns":5},{"damage":4,"enemies":"3 Cultists","floor":24,"turns":5},{"damage":26,"enemies":"Slavers","floor":27,"turns":8},{"damage":11,"enemies":"Shelled Parasite and Fungi","floor":31,"turns":7},{"damage":16,"enemies":"Champ","floor":33,"turns":15},{"damage":14,"enemies":"3 Darklings","floor":35,"turns":8},{"damage":6,"enemies":"Orb Walker","floor":36,"turns":5},{"damage":16,"enemies":"Spire Growth","floor":38,"turns":8},{"damage":9,"enemies":"Maw","floor":39,"turns":8},{"damage":45,"enemies":"Reptomancer","floor":40,"turns":11},{"damage":0,"enemies":"Sphere and 2 Shapes","floor":44,"turns":6},{"damage":18,"enemies":"Transient","floor":45,"turns":6},{"damage":13,"enemies":"Nemesis","floor":47,"turns":11},{"damage":39,"enemies":"4 Shapes","floor":48,"turns":5},{"damage":11,"enemies":"Time Eater","floor":50,"turns":19},{"damage":7,"enemies":"Donu and Deca","floor":51,"turns":10},{"damage":18,"enemies":"Shield and Spear","floor":55,"turns":9},{"damage":44,"enemies":"The Heart","floor":56,"turns":2}],"seed_played":"2083908135188666598","potions_obtained":[{"floor":0,"key":"EssenceOfSteel"},{"floor":0,"key":"Poison Potion"},{"floor":4,"key":"SteroidPotion"},{"floor":11,"key":"Energy Potion"},{"floor":22,"key":"Energy Potion"},{"floor":24,"key":"SpeedPotion"},{"floor":27,"key":"EntropicBrew"},{"floor":33,"key":"EssenceOfSteel"},{"floor":36,"key":"SpeedPotion"},{"floor":44,"key":"Weak Potion"},{"floor":47,"key":"Swift Potion"},{"floor":48,"key":"Dexterity Potion"}],"is_trial":false,"path_per_floor":["M","$","M","M","?","M","R","E","T","?","M","E","M","$","R","B",null,"M","M","?","?","M","R","M","R","T","E","R","?","$","M","R","B",null,"M","M","?","M","M","E","R","?","T","M","M","R","E","M","R","B","B",null,"R","$","E","B"],"character_chosen":"DEFECT","items_purchased":["Defragment","Ball Lightning","Recycle","Defragment","Blizzard"],"campfire_rested":3,"item_purchase_floors":[2,2,14,30,54],"current_hp_per_floor":[59,59,57,48,27,20,41,21,21,21,18,16,16,16,16,16,57,57,57,57,57,33,33,29,50,50,31,52,52,52,55,55,53,67,67,71,71,69,71,33,33,33,33,47,43,43,44,19,19,22,29,61,61,61,43,0],"gold":124,"neow_bonus":"THREE_SMALL_POTIONS","is_prod":false,"is_daily":false,"chose_seed":false,"campfire_upgraded":6,"win_rate":0,"timestamp":1549702443,"path_taken":["M","$","M","M","?","M","R","E","T","?","M","E","M","$","R","BOSS","M","M","?","?","M","R","M","R","T","E","R","?","$","M","R","BOSS","M","M","?","M","?","E","R","?","T","M","M","R","E","M","R","BOSS","BOSS","R","$","E","BOSS"],"build_version":"2019-01-23","purchased_purges":3,"victory":false,"max_hp_per_floor":[71,71,71,71,71,71,71,71,71,71,71,71,71,71,71,71,71,71,71,71,71,71,71,71,71,71,71,71,71,71,71,71,71,71,71,71,71,71,71,71,71,71,71,71,71,71,71,71,71,71,71,71,71,71,71,71],"card_choices":[{"not_picked":["Auto Shields","Leap"],"picked":"Cold Snap","floor":1},{"not_picked":["Leap","BootSequence"],"picked":"Coolheaded","floor":3},{"not_picked":["Scrape","Thunder Strike"],"picked":"Melter","floor":4},{"not_picked":["Redo","Heatsinks"],"picked":"Compile Driver","floor":6},{"not_picked":["Go for the Eyes","BootSequence"],"picked":"Coolheaded","floor":8},{"not_picked":["BootSequence","Turbo"],"picked":"Defragment","floor":11},{"not_picked":["White Noise","Fission"],"picked":"Glacier","floor":12},{"not_picked":["Streamline","Redo"],"picked":"Sweeping Beam","floor":13},{"not_picked":["Reboot","Electrodynamics"],"picked":"Echo Form","floor":16},{"not_picked":["Turbo","Cold Snap+1"],"picked":"Blizzard","floor":18},{"not_picked":["Rip and Tear","Aggregate+1","Redo"],"picked":"SKIP","floor":19},{"not_picked":["Gash","Ball Lightning"],"picked":"Hologram","floor":22},{"not_picked":["Beam Cell","Streamline"],"picked":"Self Repair","floor":24},{"not_picked":["Gash","Self Repair","Thunder Strike"],"picked":"SKIP","floor":27},{"not_picked":["Sweeping Beam+1","Hologram","Beam Cell"],"picked":"SKIP","floor":31},{"not_picked":["Electrodynamics","Amplify"],"picked":"Machine Learning","floor":33},{"not_picked":["Ball Lightning+1","Fusion","Sweeping Beam+1"],"picked":"SKIP","floor":35},{"not_picked":["Streamline+1","Leap+1"],"picked":"Coolheaded","floor":36},{"not_picked":["Recycle+1","Self Repair","BootSequence+1"],"picked":"SKIP","floor":38},{"not_picked":["Force Field","Streamline","Barrage"],"picked":"SKIP","floor":39},{"not_picked":["Amplify","Compile Driver+1","Leap"],"picked":"SKIP","floor":40},{"not_picked":["Rebound","Ball Lightning"],"picked":"Glacier+1","floor":44},{"not_picked":["Gash","Leap","Rebound"],"picked":"SKIP","floor":45},{"not_picked":["Barrage","Double Energy","Hello World+1"],"picked":"SKIP","floor":47},{"not_picked":["Conserve Battery","Stack+1"],"picked":"Seek","floor":48},{"not_picked":["Gash+1","Scrape","Compile Driver"],"picked":"SKIP","floor":55}],"player_experience":839789,"relics_obtained":[{"floor":8,"key":"Happy Flower"},{"floor":9,"key":"War Paint"},{"floor":12,"key":"Lantern"},{"floor":26,"key":"Centennial Puzzle"},{"floor":27,"key":"Pen Nib"},{"floor":40,"key":"PreservedInsect"},{"floor":47,"key":"Boot"},{"floor":55,"key":"Mummified Hand"}],"event_choices":[{"damage_healed":0,"gold_gain":0,"player_choice":"Entered Light","damage_taken":21,"max_hp_gain":0,"max_hp_loss":0,"event_name":"Shining Light","floor":5,"gold_loss":0,"cards_upgraded":["Defragment","Strike_B"]},{"damage_healed":0,"gold_gain":59,"player_choice":"Gained Gold","damage_taken":0,"max_hp_gain":0,"max_hp_loss":0,"event_name":"Golden Wing","floor":10,"gold_loss":0},{"damage_healed":0,"gold_gain":0,"player_choice":"Obtained Relic","damage_taken":0,"relics_obtained":["Mercury Hourglass"],"max_hp_gain":0,"max_hp_loss":0,"event_name":"Addict","floor":20,"gold_loss":85},{"cards_removed":["Defend_B"],"damage_healed":0,"gold_gain":0,"player_choice":"Elegance","damage_taken":0,"max_hp_gain":0,"max_hp_loss":0,"event_name":"Back to Basics","floor":21,"gold_loss":0},{"damage_healed":0,"gold_gain":0,"player_choice":"Ignored","damage_taken":0,"max_hp_gain":0,"max_hp_loss":0,"event_name":"Cursed Tome","floor":29,"gold_loss":0},{"cards_removed":["Zap"],"damage_healed":0,"gold_gain":0,"player_choice":"Purged","damage_taken":0,"max_hp_gain":0,"max_hp_loss":0,"event_name":"Purifier","floor":37,"gold_loss":0},{"cards_removed":["Cold Snap"],"damage_healed":0,"gold_gain":0,"player_choice":"Removed Attack","damage_taken":0,"max_hp_gain":0,"max_hp_loss":0,"event_name":"Falling","floor":42,"gold_loss":0}],"is_beta":false,"boss_relics":[{"not_picked":["FrozenCore","Runic Dome"],"picked":"Empty Cage"},{"not_picked":["Lizard Tail","Fusion Hammer"],"picked":"Coffee Dripper"}],"items_purged_floors":[14,30,54],"is_endless":false,"potions_floor_spawned":[4,6,11,22,24,27,33,35,36,44,47,48,55],"killed_by":"The Heart","ascension_level":20}