{"gold_per_floor":[115,125,143,37,49,76,76,76,76,76,26,26,58,78,78,173,173,187,173,272,182,194,194,221,221,221,253,253,279,279],"floor_reached":30,"playtime":1187,"items_purged":[],"score":296,"play_id":"72aeed01-9980-43b4-92ec-1e5bc18c6e65","local_time":"20190121214906","is_ascension_mode":false,"campfire_choices":[{"floor":7,"key":"REST"},{"data":"Parasite","floor":10,"key":"PURGE"},{"data":"Strike_B","floor":12,"key":"PURGE"},{"floor":15,"key":"REST"},{"data":"Strike_B","floor":23,"key":"PURGE"},{"floor":25,"key":"REST"},{"floor":28,"key":"REST"}],"neow_cost":"NONE","seed_source_timestamp":354929500102400,"circlet_count":0,"master_deck":["Strike_B+1","Defend_B","Defend_B","Defend_B","Defend_B","Zap+1","Dualcast","Gash","Capacitor","Defragment","Consume","Loop","Gash","Core Surge","Go for the Eyes","Rebound","Auto Shields","Gash","Hologram","Seek"],"relics":["FrozenCore","Peace Pipe","Emotion Chip","Calipers","Shuriken","Pantograph","Pen Nib","Lantern"],"potions_floor_usage":[6,18,19,24],"damage_taken":[{"damage":8,"enemies":"Jaw Worm","floor":1,"turns":3},{"damage":7,"enemies":"2 Louse","floor":2,"turns":2},{"damage":1,"enemies":"Cultist","floor":3,"turns":4},{"damage":17,"enemies":"Looter","floor":5,"turns":4},{"damage":40,"enemies":"Gremlin Nob","floor":6,"turns":5},{"damage":26,"enemies":"Lagavulin","floor":13,"turns":5},{"damage":3,"enemies":"3 Louse","floor":14,"turns":3},{"damage":23,"enemies":"The Guardian","floor":16,"turns":8},{"damage":0,"enemies":"Shell Parasite","floor":18,"turns":7},{"damage":10,"enemies":"2 Thieves","floor":19,"turns":4},{"damage":14,"enemies":"Shelled Parasite and Fungi","floor":22,"turns":8},{"damage":19,"enemies":"Slavers","floor":24,"turns":9},{"damage":23,"enemies":"Gremlin Leader","floor":27,"turns":8},{"damage":35,"enemies":"Slavers","floor":29,"turns":8},{"damage":14,"enemies":"Snecko","floor":30,"turns":7}],"seed_played":"-4869801720200787995","potions_obtained":[{"floor":1,"key":"Dexterity Potion"},{"floor":14,"key":"Energy Potion"},{"floor":18,"key":"GamblersBrew"},{"floor":22,"key":"Block Potion"}],"is_trial":false,"path_per_floor":["M","M","M","$","M","E","R","?","T","R","?","R","E","M","R","B",null,"M","M","?","?","M","R","E","R","T","E","R","E","M"],"character_chosen":"DEFECT","items_purchased":["Defragment","Consume"],"campfire_rested":4,"item_purchase_floors":[4,4],"current_hp_per_floor":[67,60,59,59,42,2,24,42,42,42,42,42,16,13,34,11,72,72,62,62,62,48,48,29,50,50,27,48,13,0],"gold":279,"neow_bonus":"UPGRADE_CARD","is_prod":false,"is_daily":false,"chose_seed":false,"campfire_upgraded":0,"win_rate":0,"timestamp":1548136146,"path_taken":["M","M","M","$","M","E","R","?","T","R","?","R","E","M","R","BOSS","M","M","?","?","?","R","E","R","T","E","R","E","M"],"build_version":"2019-01-17v2","purchased_purges":0,"victory":false,"max_hp_per_floor":[75,75,75,75,75,75,75,75,75,72,72,72,72,72,72,72,72,72,72,72,72,72,72,72,72,72,72,72,72,72],"card_choices":[{"not_picked":["BootSequence","Scrape"],"picked":"Gash","floor":1},{"not_picked":["Genetic Algorithm","Stack"],"picked":"Capacitor","floor":2},{"not_picked":["Double Energy","Steam","Heatsinks"],"picked":"SKIP","floor":3},{"not_picked":["Beam Cell","Redo"],"picked":"Loop","floor":5},{"not_picked":["Conserve Battery","Lockon"],"picked":"Gash","floor":6},{"not_picked":["Reprogram","Stack"],"picked":"Core Surge","floor":13},{"not_picked":["Steam Power","Loop"],"picked":"Go for the Eyes","floor":14},{"not_picked":["Core Surge","Reboot"],"picked":"Echo Form","floor":16},{"not_picked":["Darkness","Stack+1","White Noise"],"picked":"SKIP","floor":18},{"not_picked":["Coolheaded","Turbo"],"picked":"Rebound","floor":19},{"not_picked":["Sweeping Beam","Barrage+1"],"picked":"Auto Shields","floor":22},{"not_picked":["Rebound","Beam Cell+1"],"picked":"Gash","floor":24},{"not_picked":["Steam Power","Go for the Eyes"],"picked":"Hologram","floor":27},{"not_picked":["Streamline","Storm"],"picked":"Seek","floor":29}],"player_experience":242408,"relics_obtained":[{"floor":6,"key":"Peace Pipe"},{"floor":9,"key":"Emotion Chip"},{"floor":13,"key":"Calipers"},{"floor":24,"key":"Shuriken"},{"floor":26,"key":"Pantograph"},{"floor":27,"key":"Pen Nib"},{"floor":29,"key":"Lantern"}],"event_choices":[{"damage_healed":18,"gold_gain":0,"player_choice":"Healed and dodged fight","damage_taken":0,"max_hp_gain":0,"max_hp_loss":0,"event_name":"Mushrooms","floor":8,"gold_loss":0,"cards_obtained":["Parasite"]},{"cards_removed":["Strike_B"],"damage_healed":0,"gold_gain":0,"player_choice":"Card Removal","damage_taken":0,"max_hp_gain":0,"max_hp_loss":0,"event_name":"The Cleric","floor":11,"gold_loss":50},{"damage_healed":0,"gold_gain":99,"player_choice":"Stole From Cult","damage_taken":0,"max_hp_gain":0,"max_hp_loss":0,"event_name":"Nest","floor":20,"gold_loss":0},{"cards_removed":["Echo Form"],"damage_healed":0,"gold_gain":0,"player_choice":"Upgrade and Remove","damage_taken":0,"max_hp_gain":0,"max_hp_loss":0,"event_name":"Designer","floor":21,"gold_loss":90,"cards_upgraded":["Strike_B"]}],"is_beta":false,"boss_relics":[{"not_picked":["Eternal Feather","Nuclear Battery"],"picked":"FrozenCore"}],"items_purged_floors":[],"is_endless":false,"potions_floor_spawned":[1,14,18,22],"killed_by":"Snecko","ascension_level":0}