{"gold_per_floor":[114,114,131,306,32,57,57,92,118,130,158,197,32,47,47,121,121,132,148,161,178,178,178,178,178,201,227,47,47,75,94,94,171,171,184,184,184,203,203,203,203,20,70,170,170,22,22,40,40,40],"floor_reached":51,"playtime":1621,"items_purged":["Doubt","Normality"],"score":1212,"play_id":"e7883c09-b003-4703-99e7-682eac94d3aa","local_time":"20190212144209","is_ascension_mode":true,"campfire_choices":[{"data":"Perfected Strike","floor":7,"key":"SMITH"},{"floor":15,"key":"REST"},{"floor":23,"key":"REST"},{"floor":25,"key":"REST"},{"floor":29,"key":"REST"},{"floor":32,"key":"REST"},{"floor":40,"key":"REST"},{"data":"Barricade","floor":41,"key":"SMITH"},{"floor":45,"key":"REST"},{"floor":49,"key":"REST"}],"neow_cost":"NONE","seed_source_timestamp":644545666589333,"circlet_count":0,"master_deck":["AscendersBane","Strike_R","Strike_R","Strike_R","Strike_R","Defend_R","Defend_R","Defend_R","Defend_R","Bash","Thunderclap","Perfected Strike+1","Iron Wave","Pommel Strike","Spot Weakness+1","Shrug It Off+1","Body Slam+1","True Grit+1","Armaments+1","Juggernaut","Limit Break+1","Rage+1","Body Slam+1","Iron Wave+1","Flame Barrier+1","Necronomicurse","Spot Weakness+1","Feed+1","Iron Wave+1","Entrench+1","Barricade+1","Twin Strike+1","Finesse+1","Metallicize","Madness+1","Reaper+1"],"relics":["Burning Blood","NeowsBlessing","Juzu Bracelet","Toxic Egg 2","Mercury Hourglass","Molten Egg 2","MawBank","Charon\u0027s Ashes","Velvet Choker","Necronomicon","MutagenicStrength","Bronze Scales","PreservedInsect","Omamori","Calling Bell","Art of War","Darkstone Periapt","WingedGreaves","Potion Belt","Dead Branch","Bag of Preparation"],"potions_floor_usage":[38,50],"damage_taken":[{"damage":0,"enemies":"Jaw Worm","floor":1,"turns":1},{"damage":0,"enemies":"2 Louse","floor":3,"turns":1},{"damage":0,"enemies":"Lagavulin","floor":6,"turns":1},{"damage":25,"enemies":"3 Sentries","floor":8,"turns":6},{"damage":0,"enemies":"Small Slimes","floor":11,"turns":3},{"damage":40,"enemies":"Lagavulin","floor":12,"turns":7},{"damage":0,"enemies":"3 Louse","floor":14,"turns":2},{"damage":31,"enemies":"The Guardian","floor":16,"turns":10},{"damage":14,"enemies":"3 Byrds","floor":18,"turns":4},{"damage":15,"enemies":"Shell Parasite","floor":19,"turns":5},{"damage":14,"enemies":"Snecko","floor":20,"turns":4},{"damage":10,"enemies":"Centurion and Healer","floor":21,"turns":6},{"damage":46,"enemies":"Slavers","floor":27,"turns":4},{"damage":21,"enemies":"Book of Stabbing","floor":30,"turns":3},{"damage":2,"enemies":"Shelled Parasite and Fungi","floor":31,"turns":2},{"damage":57,"enemies":"Automaton","floor":33,"turns":8},{"damage":43,"enemies":"3 Darklings","floor":35,"turns":4},{"damage":1,"enemies":"3 Shapes","floor":38,"turns":2},{"damage":41,"enemies":"Mind Bloom Boss Battle","floor":44,"turns":4},{"damage":29,"enemies":"Writhing Mass","floor":48,"turns":5},{"damage":95,"enemies":"Awakened One","floor":50,"turns":8}],"seed_played":"8300081247898826291","potions_obtained":[{"floor":6,"key":"Explosive Potion"},{"floor":11,"key":"Dexterity Potion"},{"floor":12,"key":"Block Potion"},{"floor":20,"key":"Ancient Potion"},{"floor":44,"key":"Block Potion"}],"is_trial":false,"path_per_floor":["M","?","M","?","$","E","R","E","T","?","M","E","$","M","R","B",null,"M","M","M","M","?","R","?","R","T","E","$","R","E","M","R","B",null,"M","?","?","M","?","R","R","$","T","?","R","$","?","M","R","B",null],"character_chosen":"IRONCLAD","items_purchased":["Toxic Egg 2","Iron Wave","True Grit+1","Armaments+1","Spot Weakness+1","Feed+1","Madness+1","Bag of Preparation"],"campfire_rested":8,"item_purchase_floors":[5,5,13,13,28,28,42,46],"current_hp_per_floor":[78,75,80,80,80,80,80,61,61,66,72,38,38,44,69,44,75,67,58,50,46,30,55,55,80,80,40,40,65,50,54,79,32,75,42,42,42,47,47,74,74,74,74,43,72,72,72,49,78,37],"gold":40,"neow_bonus":"THREE_ENEMY_KILL","is_prod":false,"is_daily":false,"chose_seed":false,"campfire_upgraded":2,"win_rate":0,"timestamp":1550000529,"path_taken":["M","?","M","?","$","E","R","E","T","?","M","E","$","M","R","BOSS","M","M","M","M","?","R","?","R","T","E","?","R","E","M","R","BOSS","M","?","?","M","?","R","R","$","T","?","R","$","?","M","R","BOSS"],"build_version":"2019-02-06","purchased_purges":2,"victory":true,"max_hp_per_floor":[80,80,80,80,80,80,80,80,80,85,85,85,85,85,85,85,85,85,85,85,85,85,85,85,85,85,85,85,85,85,85,85,89,89,93,93,93,93,93,93,93,93,93,97,97,97,97,97,97,97],"card_choices":[{"not_picked":["Combust","Clothesline"],"picked":"Thunderclap","floor":1},{"not_picked":["Clothesline","Sword Boomerang"],"picked":"Perfected Strike","floor":3},{"not_picked":["Hemokinesis","Sword Boomerang"],"picked":"Pommel Strike","floor":6},{"not_picked":["Bloodletting+1","Brutality"],"picked":"Spot Weakness+1","floor":8},{"not_picked":["Sword Boomerang+1","Uppercut+1"],"picked":"Shrug It Off+1","floor":11},{"not_picked":["Cleave+1","Havoc+1"],"picked":"Body Slam+1","floor":12},{"not_picked":["Anger+1","Spot Weakness+1"],"picked":"Juggernaut","floor":14},{"not_picked":["Brutality","Fiend Fire+1"],"picked":"Limit Break+1","floor":16},{"not_picked":["Anger+1","Power Through+1"],"picked":"Rage+1","floor":18},{"not_picked":["Pommel Strike+1","Thunderclap+1"],"picked":"Body Slam+1","floor":19},{"not_picked":["Clothesline+1","Clash+1"],"picked":"Iron Wave+1","floor":20},{"not_picked":["Seeing Red+1","Intimidate+1"],"picked":"Flame Barrier+1","floor":21},{"not_picked":["Flex+1","Searing Blow+1","Fire Breathing"],"picked":"SKIP","floor":27},{"not_picked":["Shockwave+1","Fire Breathing"],"picked":"Iron Wave+1","floor":30},{"not_picked":["Anger+1","True Grit+1"],"picked":"Entrench+1","floor":31},{"not_picked":["Limit Break+1","Impervious+1"],"picked":"Barricade","floor":33},{"not_picked":["Flame Barrier+1","Wild Strike+1"],"picked":"Twin Strike+1","floor":35},{"not_picked":["PanicButton+1","Swift Strike+1"],"picked":"Finesse+1","floor":36},{"not_picked":["Headbutt+1","Warcry+1"],"picked":"Metallicize","floor":38},{"not_picked":["Evolve","Fire Breathing"],"picked":"Reaper+1","floor":48}],"player_experience":593246,"relics_obtained":[{"floor":6,"key":"Mercury Hourglass"},{"floor":8,"key":"Molten Egg 2"},{"floor":9,"key":"MawBank"},{"floor":12,"key":"Charon\u0027s Ashes"},{"floor":22,"key":"Necronomicon"},{"floor":26,"key":"Bronze Scales"},{"floor":27,"key":"PreservedInsect"},{"floor":30,"key":"Omamori"},{"floor":34,"key":"Art of War"},{"floor":34,"key":"Darkstone Periapt"},{"floor":34,"key":"WingedGreaves"},{"floor":43,"key":"Potion Belt"},{"floor":44,"key":"Dead Branch"}],"event_choices":[{"damage_healed":0,"gold_gain":0,"player_choice":"Success","damage_taken":3,"relics_obtained":["Juzu Bracelet"],"max_hp_gain":0,"max_hp_loss":0,"event_name":"Scrap Ooze","floor":2,"gold_loss":0},{"damage_healed":0,"gold_gain":175,"player_choice":"AGREE","damage_taken":0,"max_hp_gain":0,"max_hp_loss":0,"event_name":"Liars Game","floor":4,"gold_loss":0,"cards_obtained":["Doubt"]},{"damage_healed":0,"gold_gain":0,"player_choice":"Donut","damage_taken":0,"max_hp_gain":5,"max_hp_loss":0,"event_name":"Big Fish","floor":10,"gold_loss":0},{"damage_healed":0,"gold_gain":0,"player_choice":"Obtained Book","damage_taken":16,"max_hp_gain":0,"max_hp_loss":0,"event_name":"Cursed Tome","floor":22,"gold_loss":0},{"damage_healed":0,"gold_gain":0,"player_choice":"Inject Mutagens","damage_taken":0,"relics_obtained":["MutagenicStrength"],"max_hp_gain":0,"max_hp_loss":0,"event_name":"Drug Dealer","floor":24,"gold_loss":0},{"damage_healed":0,"gold_gain":0,"player_choice":"Memory 1","damage_taken":0,"max_hp_gain":0,"max_hp_loss":0,"event_name":"SensoryStone","floor":36,"gold_loss":0},{"damage_healed":0,"gold_gain":0,"player_choice":"Ignored","damage_taken":0,"max_hp_gain":0,"max_hp_loss":0,"event_name":"Mysterious Sphere","floor":37,"gold_loss":0},{"damage_healed":0,"gold_gain":0,"player_choice":"Ignored","damage_taken":0,"max_hp_gain":0,"max_hp_loss":0,"event_name":"Tomb of Lord Red Mask","floor":39,"gold_loss":0},{"damage_healed":0,"gold_gain":0,"player_choice":"Fight","damage_taken":0,"max_hp_gain":0,"max_hp_loss":0,"event_name":"MindBloom","floor":44,"gold_loss":0},{"cards_removed":["Strike_R"],"damage_healed":0,"gold_gain":0,"player_choice":"Removed Attack","damage_taken":0,"max_hp_gain":0,"max_hp_loss":0,"event_name":"Falling","floor":47,"gold_loss":0}],"is_beta":true,"boss_relics":[{"not_picked":["Snecko Eye","Tiny House"],"picked":"Velvet Choker"},{"not_picked":["White Beast Statue","Cursed Key"],"picked":"Calling Bell"}],"items_purged_floors":[13,42],"is_endless":false,"potions_floor_spawned":[6,11,12,14,20,21,30,33,35,44],"ascension_level":13}