{"gold_per_floor":[366,73,101,129,141,180,192,239,274,318,330,354,366,394,406,418],"floor_reached":16,"playtime":884,"items_purged":["Strike_R"],"score":150,"play_id":"0241e7e7-1307-4ca8-bccd-babe1ea60657","local_time":"20180925214832","is_ascension_mode":true,"campfire_choices":[{"floor":7,"key":"REST"},{"floor":11,"key":"REST"},{"data":"Flame Barrier","floor":13,"key":"SMITH"},{"data":"Perfected Strike","floor":15,"key":"SMITH"}],"neow_cost":"PERCENT_DAMAGE","seed_source_timestamp":345905970074296,"circlet_count":0,"master_deck":["Strike_R","Strike_R","Strike_R","Defend_R","Defend_R","Defend_R","Defend_R","Bash","Flame Barrier+1","Perfected Strike+1","Flex","Fire Breathing","Twin Strike","Metallicize","Limit Break","Pommel Strike","Body Slam","Inflame"],"relics":["Burning Blood","MawBank","Pen Nib","Bag of Preparation","PreservedInsect","Ancient Tea Set"],"potions_floor_usage":[8,10,16],"damage_taken":[{"damage":10,"enemies":"Small Slimes","floor":1,"turns":4},{"damage":1,"enemies":"Cultist","floor":3,"turns":3},{"damage":7,"enemies":"2 Louse","floor":4,"turns":2},{"damage":30,"enemies":"3 Sentries","floor":6,"turns":10},{"damage":25,"enemies":"Gremlin Nob","floor":8,"turns":5},{"damage":19,"enemies":"3 Sentries","floor":10,"turns":7},{"damage":0,"enemies":"Blue Slaver","floor":12,"turns":4},{"damage":7,"enemies":"2 Fungi Beasts","floor":14,"turns":3},{"damage":57,"enemies":"Hexaghost","floor":16,"turns":9}],"seed_played":"-6899625784127518601","potions_obtained":[{"floor":1,"key":"Weak Potion"},{"floor":8,"key":"Block Potion"},{"floor":12,"key":"Strength Potion"}],"is_trial":false,"path_per_floor":["M","$","M","M","?","E","R","E","T","E","R","M","R","M","R"],"character_chosen":"IRONCLAD","items_purchased":["Perfected Strike","Flex","MawBank"],"campfire_rested":2,"item_purchase_floors":[2,2,2],"current_hp_per_floor":[52,52,57,56,56,32,56,37,37,24,48,54,54,53,53,0],"gold":418,"neow_bonus":"TWO_FIFTY_GOLD","is_prod":false,"is_daily":false,"chose_seed":false,"campfire_upgraded":2,"win_rate":0,"timestamp":1537926512,"path_taken":["M","$","M","M","?","E","R","E","T","E","R","M","R","M","R","BOSS"],"build_version":"2018-09-20","purchased_purges":1,"victory":false,"max_hp_per_floor":[80,80,80,80,80,80,80,80,80,80,80,80,80,80,80,80],"card_choices":[{"not_picked":["Corruption","Fire Breathing"],"picked":"Flame Barrier","floor":1},{"not_picked":["Bloodletting","Body Slam"],"picked":"Fire Breathing","floor":3},{"not_picked":["Rampage","True Grit"],"picked":"Twin Strike","floor":4},{"not_picked":["Dropkick","Pummel"],"picked":"Metallicize","floor":6},{"not_picked":["Carnage","Thunderclap"],"picked":"Limit Break","floor":8},{"not_picked":["Twin Strike","Power Through"],"picked":"Pommel Strike","floor":10},{"not_picked":["Cleave","Intimidate"],"picked":"Body Slam","floor":12},{"not_picked":["Whirlwind","Clash"],"picked":"Inflame","floor":14}],"player_experience":473370,"relics_obtained":[{"floor":6,"key":"Pen Nib"},{"floor":8,"key":"Bag of Preparation"},{"floor":9,"key":"PreservedInsect"},{"floor":10,"key":"Ancient Tea Set"}],"event_choices":[{"event_name":"Purifier","player_choice":"One Purge","floor":5,"damage_taken":0}],"is_beta":false,"boss_relics":[],"items_purged_floors":[2],"is_endless":false,"potions_floor_spawned":[1,8,12],"killed_by":"Hexaghost","ascension_level":5}