{"gold_per_floor":[114,125,144,156,156,187,71,71,71,71,81,99,99,117,117,218,218,205,48,48,65,65,65,77,77,104,4,82,82,99,109,109,109],"floor_reached":33,"playtime":1831,"items_purged":["Reboot","Writhe"],"score":249,"play_id":"3d0fa343-4eb4-4dc4-bd11-d398e3514643","local_time":"20190105200624","is_ascension_mode":false,"campfire_choices":[{"floor":8,"key":"REST"},{"data":"Echo Form","floor":10,"key":"SMITH"},{"data":"Zap","floor":13,"key":"SMITH"},{"floor":15,"key":"REST"},{"floor":23,"key":"REST"},{"data":"Electrodynamics","floor":25,"key":"SMITH"},{"floor":29,"key":"REST"},{"floor":32,"key":"REST"}],"neow_cost":"TEN_PERCENT_HP_LOSS","seed_source_timestamp":1386928407415919,"circlet_count":0,"master_deck":["Zap+1","Dualcast","Electrodynamics+1","Self Repair","Capacitor","Echo Form+1","Steam","Go for the Eyes","Genetic Algorithm","Coolheaded","Leap","Lockon","Machine Learning","Aggregate","Leap","Steam Power","Skim","Streamline","Heatsinks","Double Energy","Loop+1","Melter","Barrage","Steam","Undo","Stack"],"relics":["Cracked Core","Calipers","Question Card","Pandora\u0027s Box","Shuriken","Pen Nib","Tiny Chest"],"potions_floor_usage":[16,33,33],"damage_taken":[{"damage":0,"enemies":"2 Louse","floor":1,"turns":2},{"damage":1,"enemies":"Jaw Worm","floor":2,"turns":3},{"damage":1,"enemies":"Cultist","floor":3,"turns":4},{"damage":16,"enemies":"Blue Slaver","floor":4,"turns":4},{"damage":42,"enemies":"Gremlin Nob","floor":6,"turns":5},{"damage":13,"enemies":"Lots of Slimes","floor":11,"turns":2},{"damage":9,"enemies":"Red Slaver","floor":12,"turns":5},{"damage":8,"enemies":"Large Slime","floor":14,"turns":5},{"damage":11,"enemies":"Slime Boss","floor":16,"turns":7},{"damage":27,"enemies":"2 Thieves","floor":18,"turns":4},{"damage":19,"enemies":"Spheric Guardian","floor":21,"turns":4},{"damage":26,"enemies":"Snecko","floor":24,"turns":7},{"damage":37,"enemies":"Snake Plant","floor":30,"turns":5},{"damage":0,"enemies":"Centurion and Healer","floor":31,"turns":6},{"damage":60,"enemies":"Automaton","floor":33,"turns":10}],"seed_played":"-7073268349389777193","potions_obtained":[{"floor":1,"key":"Explosive Potion"},{"floor":6,"key":"Strength Potion"},{"floor":11,"key":"Explosive Potion"},{"floor":12,"key":"Explosive Potion"},{"floor":18,"key":"FearPotion"}],"is_trial":false,"path_per_floor":["M","M","M","M","?","E","$","R","T","R","M","M","R","M","R","B",null,"M","$","?","M","?","R","M","R","T","$","T","R","M","M","R","B"],"character_chosen":"DEFECT","items_purchased":["Go for the Eyes","Genetic Algorithm","Melter"],"campfire_rested":5,"item_purchase_floors":[7,7,19],"current_hp_per_floor":[68,67,68,59,59,24,24,44,44,44,38,36,36,35,55,44,68,48,48,48,36,36,56,37,37,37,37,37,57,27,34,54,0],"gold":109,"neow_bonus":"THREE_RARE_CARDS","is_prod":false,"is_daily":false,"chose_seed":false,"campfire_upgraded":3,"win_rate":0.0,"timestamp":1546747584,"path_taken":["M","M","M","M","?","E","?","R","T","R","M","M","R","M","R","BOSS","M","?","?","M","?","R","M","R","T","$","?","R","M","?","R","BOSS"],"build_version":"2019-01-03v4","purchased_purges":2,"victory":false,"max_hp_per_floor":[68,68,68,68,68,68,68,68,68,68,68,68,68,68,68,68,68,68,68,68,68,68,68,68,68,68,68,68,68,68,68,68,68],"card_choices":[{"not_picked":["Biased Cognition","Amplify"],"picked":"Electrodynamics","floor":0},{"not_picked":["Sweeping Beam","BootSequence","Gash"],"picked":"SKIP","floor":1},{"not_picked":["Rebound","Reinforced Body"],"picked":"Self Repair","floor":2},{"not_picked":["Heatsinks","Redo"],"picked":"Capacitor","floor":3},{"not_picked":["Hologram","White Noise"],"picked":"Echo Form","floor":4},{"not_picked":["Amplify","Chaos"],"picked":"Steam","floor":6},{"not_picked":["Go for the Eyes","Streamline","Leap"],"picked":"Coolheaded","floor":11},{"not_picked":["Force Field","Reinforced Body","Coolheaded"],"picked":"Leap","floor":12},{"not_picked":["Gash","Stack","Rebound"],"picked":"Lockon","floor":14},{"not_picked":["Creative AI","Seek","Fission"],"picked":"Machine Learning","floor":16},{"not_picked":["Static Discharge","Ball Lightning","Barrage+1"],"picked":"Loop+1","floor":18},{"not_picked":["Gash","Redo+1","Storm"],"picked":"Barrage","floor":21},{"not_picked":["Steam Power","Leap","Chill"],"picked":"Steam","floor":24},{"not_picked":["Hologram+1","Beam Cell","Storm"],"picked":"Undo","floor":30},{"not_picked":["Cold Snap+1","Capacitor+1","Rebound"],"picked":"Stack","floor":31}],"player_experience":83301,"relics_obtained":[{"floor":6,"key":"Calipers"},{"floor":9,"key":"Question Card"},{"floor":26,"key":"Pen Nib"},{"floor":28,"key":"Tiny Chest"}],"event_choices":[{"damage_healed":0,"gold_gain":0,"player_choice":"Ignored","damage_taken":0,"max_hp_gain":0,"max_hp_loss":0,"event_name":"Liars Game","floor":5,"gold_loss":0},{"damage_healed":0,"gold_gain":0,"player_choice":"Opened","damage_taken":0,"relics_obtained":["Shuriken"],"max_hp_gain":0,"max_hp_loss":0,"event_name":"The Mausoleum","floor":20,"gold_loss":0,"cards_obtained":["Writhe"]},{"damage_healed":0,"gold_gain":0,"player_choice":"Ignored","damage_taken":0,"max_hp_gain":0,"max_hp_loss":0,"event_name":"Vampires","floor":22,"gold_loss":0}],"is_beta":false,"boss_relics":[{"not_picked":["Empty Cage","White Beast Statue"],"picked":"Pandora\u0027s Box"}],"items_purged_floors":[19,27],"is_endless":false,"potions_floor_spawned":[1,6,11,12,14,18,24,30],"killed_by":"Automaton","ascension_level":0}