{"gold_per_floor":[113,123,123,200,275,275,167,167,167,167,186,12,12,27,27,27],"floor_reached":16,"playtime":411,"items_purged":[],"score":88,"play_id":"cb64b5ee-7f94-4526-aeb0-91c5716861cf","local_time":"20190118162716","is_ascension_mode":false,"campfire_choices":[{"data":"Flame Barrier","floor":6.0,"key":"SMITH"},{"data":"Rage","floor":8.0,"key":"SMITH"},{"data":"Bash","floor":10.0,"key":"SMITH"},{"data":"Chrysalis","floor":15.0,"key":"SMITH"}],"neow_cost":"NONE","seed_source_timestamp":749038689457747,"circlet_count":0,"master_deck":["Strike_R","Strike_R","Strike_R","Strike_R","Strike_R","Defend_R","Defend_R","Defend_R","Defend_R","Bash+1","Flame Barrier+1","Twin Strike","Rage+1","Twin Strike","Heavy Blade","Chrysalis+1","Limit Break"],"special_seed":0,"relics":["Burning Blood"],"potions_floor_usage":[16,16],"damage_taken":[{"damage":10.0,"enemies":"Small Slimes","floor":1.0,"turns":3.0},{"damage":2.0,"enemies":"Jaw Worm","floor":2.0,"turns":4.0},{"damage":0.0,"enemies":"2 Louse","floor":11.0,"turns":2.0},{"damage":0.0,"enemies":"2 Fungi Beasts","floor":14.0,"turns":4.0},{"damage":93,"enemies":"Slime Boss","floor":16,"turns":13}],"seed_played":"4789730431421862506","potions_obtained":[{"floor":1.0,"key":"Poison Potion"},{"floor":2.0,"key":"GamblersBrew"}],"is_trial":false,"path_per_floor":["M","M","?","T","?","R","$","R","T","R","M","$","?","M","R","B"],"character_chosen":"IRONCLAD","items_purchased":["Rage","Twin Strike","Chrysalis"],"campfire_rested":0,"item_purchase_floors":[7,7,12],"current_hp_per_floor":[84,88,88,88,77,77,77,77,77,77,83,83,83,88,88,0],"gold":27,"neow_bonus":"TEN_PERCENT_HP_BONUS","is_prod":false,"is_daily":false,"chose_seed":false,"campfire_upgraded":4,"win_rate":0,"timestamp":1547846836,"path_taken":["M","M","?","?","?","R","$","R","T","R","M","$","?","M","R","BOSS"],"build_version":"2019-01-17","purchased_purges":0,"victory":false,"max_hp_per_floor":[88,88,88,88,88,88,88,88,88,88,88,88,88,88,88,88],"card_choices":[{"not_picked":["Armaments","Feel No Pain"],"picked":"Flame Barrier","floor":1.0},{"not_picked":["Reckless Charge","Bloodletting"],"picked":"Twin Strike","floor":2.0},{"not_picked":["Warcry","Wild Strike"],"picked":"Heavy Blade","floor":11.0},{"not_picked":["Heavy Blade","Sword Boomerang"],"picked":"Limit Break","floor":14.0}],"player_experience":546171,"relics_obtained":[],"event_choices":[{"damage_healed":0.0,"max_hp_gain":0.0,"max_hp_loss":0.0,"gold_gain":0.0,"event_name":"Scrap Ooze","player_choice":"Fled","floor":3.0,"gold_loss":0.0,"damage_taken":0.0},{"damage_healed":0.0,"max_hp_gain":0.0,"max_hp_loss":0.0,"gold_gain":75.0,"event_name":"World of Goop","player_choice":"Gather Gold","floor":5.0,"gold_loss":0.0,"damage_taken":11.0},{"damage_healed":0.0,"max_hp_gain":0.0,"max_hp_loss":0.0,"gold_gain":0.0,"event_name":"Dead Adventurer","player_choice":"Searched \u00270\u0027 times","floor":13.0,"gold_loss":0.0,"damage_taken":0.0}],"is_beta":true,"boss_relics":[],"items_purged_floors":[],"is_endless":false,"potions_floor_spawned":[1,2],"killed_by":"Slime Boss","ascension_level":0}