{"gold_per_floor":[118,138,138,138,138,138,169,192,260,276,296,296,22,22,22,146,146,159,45,58,82,100,100,121,121,121,121,141,64,64,64],"floor_reached":31,"playtime":938,"items_purged":[],"score":418,"play_id":"69bc1f5e-12ae-454e-abab-8eaf09dfb5f1","local_time":"20190123230030","is_ascension_mode":true,"campfire_choices":[{"data":"Neutralize","floor":6,"key":"SMITH"},{"data":"Sucker Punch","floor":12,"key":"SMITH"},{"data":"Caltrops","floor":15,"key":"SMITH"},{"floor":23,"key":"REST"},{"floor":25,"key":"REST"}],"neow_cost":"NONE","seed_source_timestamp":422944149968777,"circlet_count":0,"master_deck":["AscendersBane","Defend_G","Defend_G","Defend_G","Defend_G","Defend_G","Survivor","Neutralize+1","Sucker Punch+1","Flying Knee","Riddle With Holes","Acrobatics","Escape Plan","Die Die Die","Caltrops+1","Dagger Spray","Corpse Explosion","Escape Plan","Noxious Fumes","Catalyst","Deflect","Poisoned Stab","Footwork+1","Deadly Poison","Crippling Poison","Deflect","Bouncing Flask","Bite","Bite","Bite","Bite","Bite"],"relics":["Ring of the Snake","NeowsBlessing","Golden Idol","Dream Catcher","Paper Crane","Snake Skull","Sozu","Sundial"],"potions_floor_usage":[22],"damage_taken":[{"damage":0,"enemies":"Jaw Worm","floor":1,"turns":1},{"damage":0,"enemies":"2 Louse","floor":2,"turns":1},{"damage":0,"enemies":"Lagavulin","floor":7,"turns":1},{"damage":9,"enemies":"Small Slimes","floor":8,"turns":3},{"damage":6,"enemies":"Exordium Wildlife","floor":10,"turns":5},{"damage":9,"enemies":"Red Slaver","floor":11,"turns":5},{"damage":34,"enemies":"Hexaghost","floor":16,"turns":11},{"damage":11,"enemies":"Shell Parasite","floor":18,"turns":5},{"damage":12,"enemies":"3 Byrds","floor":20,"turns":3},{"damage":20,"enemies":"Centurion and Healer","floor":21,"turns":5},{"damage":2,"enemies":"Snake Plant","floor":22,"turns":4},{"damage":15,"enemies":"3 Cultists","floor":24,"turns":4},{"damage":7,"enemies":"Colosseum Slavers","floor":27,"turns":3},{"damage":23,"enemies":"Centurion and Healer","floor":28,"turns":5},{"damage":11,"enemies":"Snecko","floor":31,"turns":3}],"seed_played":"-2564543839461657758","potions_obtained":[{"floor":11,"key":"EssenceOfSteel"},{"floor":16,"key":"Ancient Potion"}],"is_trial":false,"path_per_floor":["M","M","?","?","?","R","E","M","T","M","M","R","$","?","R","B",null,"M","$","M","M","M","R","M","R","T","?","M","$","?","M"],"character_chosen":"THE_SILENT","items_purchased":["Snake Skull","Caltrops","Dagger Spray","Noxious Fumes","Catalyst","Bouncing Flask"],"campfire_rested":2,"item_purchase_floors":[13,13,13,19,19,29],"current_hp_per_floor":[63,63,68,68,68,68,68,59,59,53,44,44,44,44,44,10,54,43,43,31,11,9,29,14,34,34,27,4,4,4,0],"gold":64,"neow_bonus":"THREE_ENEMY_KILL","is_prod":false,"is_daily":false,"chose_seed":false,"campfire_upgraded":3,"win_rate":0,"timestamp":1548302430,"path_taken":["M","M","?","?","?","R","E","M","T","?","M","R","?","?","R","BOSS","M","$","?","M","M","R","?","R","T","?","M","$","?","M"],"build_version":"2019-01-23","purchased_purges":0,"victory":false,"max_hp_per_floor":[70,70,75,69,69,69,69,69,69,69,69,69,69,69,69,69,69,69,69,69,69,69,69,69,69,69,69,69,69,48,48],"card_choices":[{"not_picked":["Deflect","Dagger Throw"],"picked":"Sucker Punch","floor":1},{"not_picked":["Skewer","PiercingWail"],"picked":"Flying Knee","floor":2},{"not_picked":["Expertise","Deflect"],"picked":"Riddle With Holes","floor":7},{"not_picked":["Reflex","Riddle With Holes"],"picked":"Acrobatics","floor":8},{"not_picked":["Bouncing Flask","Deflect"],"picked":"Escape Plan","floor":10},{"not_picked":["Concentrate","Blade Dance"],"picked":"Die Die Die","floor":11},{"not_picked":["Adrenaline","Wraith Form v2"],"picked":"Corpse Explosion","floor":16},{"not_picked":["Backflip","Setup"],"picked":"Escape Plan","floor":18},{"not_picked":["Cloak And Dagger","Concentrate"],"picked":"Deflect","floor":20},{"not_picked":["Choke+1","Heel Hook"],"picked":"Poisoned Stab","floor":21},{"not_picked":["Heel Hook+1","Dodge and Roll"],"picked":"Footwork+1","floor":22},{"not_picked":["Bane","Dagger Spray+1"],"picked":"Deadly Poison","floor":23},{"not_picked":["Choke+1","Unload"],"picked":"Crippling Poison","floor":24},{"not_picked":["Backstab","Catalyst"],"picked":"Deflect","floor":28}],"player_experience":557577,"relics_obtained":[{"floor":7,"key":"Dream Catcher"},{"floor":9,"key":"Paper Crane"},{"floor":26,"key":"Sundial"}],"event_choices":[{"damage_healed":0,"gold_gain":0,"player_choice":"Donut","damage_taken":0,"max_hp_gain":5,"max_hp_loss":0,"event_name":"Big Fish","floor":3,"gold_loss":0},{"damage_healed":0,"gold_gain":0,"player_choice":"Lose Max HP","damage_taken":0,"relics_obtained":["Golden Idol"],"max_hp_gain":0,"max_hp_loss":6,"event_name":"Golden Idol","floor":4,"gold_loss":0},{"damage_healed":0,"gold_gain":0,"player_choice":"Leave","damage_taken":0,"max_hp_gain":0,"max_hp_loss":0,"event_name":"The Cleric","floor":5,"gold_loss":0},{"cards_removed":["Strike_G"],"damage_healed":0,"gold_gain":0,"player_choice":"Purged","damage_taken":0,"max_hp_gain":0,"max_hp_loss":0,"event_name":"Purifier","floor":14,"gold_loss":0},{"damage_healed":0,"gold_gain":0,"player_choice":"Fight","damage_taken":0,"max_hp_gain":0,"max_hp_loss":0,"event_name":"Colosseum","floor":27,"gold_loss":0},{"damage_healed":0,"gold_gain":0,"player_choice":"Fled From Nobs","damage_taken":0,"max_hp_gain":0,"max_hp_loss":0,"event_name":"Colosseum","floor":27,"gold_loss":0},{"damage_healed":0,"gold_gain":0,"player_choice":"Became a vampire","damage_taken":0,"max_hp_gain":0,"max_hp_loss":21,"event_name":"Vampires","floor":30,"gold_loss":0,"cards_obtained":["Bite","Bite","Bite","Bite","Bite"]}],"is_beta":true,"boss_relics":[{"not_picked":["Calling Bell","Astrolabe"],"picked":"Sozu"}],"items_purged_floors":[],"is_endless":false,"potions_floor_spawned":[11,16,21,22,27,28],"killed_by":"Snecko","ascension_level":10}