{"gold_per_floor":[112,132,51,64,76,76,88,88,88,88],"floor_reached":10,"playtime":386,"items_purged":[],"score":63,"play_id":"e8576c81-edec-4ba1-89a7-697a4f8733dc","local_time":"20190209184752","is_ascension_mode":true,"campfire_choices":[{"data":"Limit Break","floor":6,"key":"SMITH"}],"neow_cost":"TEN_PERCENT_HP_LOSS","seed_source_timestamp":370390214663272,"circlet_count":0,"master_deck":["Strike_R","Strike_R","Strike_R","Strike_R","Strike_R","Defend_R","Defend_R","Defend_R","Defend_R","Bash","Headbutt","Thunderclap","Limit Break+1","Flex","Shrug It Off"],"relics":["Burning Blood","Torii","Golden Idol","Sundial"],"potions_floor_usage":[10],"damage_taken":[{"damage":3,"enemies":"Small Slimes","floor":1,"turns":5},{"damage":2,"enemies":"2 Louse","floor":2,"turns":3},{"damage":7,"enemies":"Jaw Worm","floor":4,"turns":3},{"damage":21,"enemies":"Large Slime","floor":5,"turns":6},{"damage":10,"enemies":"Gremlin Gang","floor":7,"turns":5},{"damage":36,"enemies":"The Mushroom Lair","floor":10,"turns":5}],"seed_played":"3196128807079547987","potions_obtained":[{"floor":4,"key":"Weak Potion"},{"floor":5,"key":"FearPotion"}],"is_trial":false,"path_per_floor":["M","M","$","M","M","R","M","?","T","?"],"character_chosen":"IRONCLAD","items_purchased":["Limit Break"],"campfire_rested":0,"item_purchase_floors":[3],"current_hp_per_floor":[72,72,72,71,56,56,52,34,34,0],"gold":88,"neow_bonus":"ONE_RARE_RELIC","is_prod":false,"is_daily":false,"chose_seed":false,"campfire_upgraded":1,"win_rate":0,"timestamp":1549756072,"path_taken":["M","M","$","M","M","R","M","?","T","?"],"build_version":"2019-01-23","purchased_purges":0,"victory":false,"max_hp_per_floor":[72,72,72,72,72,72,72,72,72,72],"card_choices":[{"not_picked":["Sword Boomerang","Shockwave"],"picked":"Headbutt","floor":1},{"not_picked":["Clothesline","Seeing Red"],"picked":"Thunderclap","floor":2},{"not_picked":["Sword Boomerang","Armaments"],"picked":"Flex","floor":4},{"not_picked":["Perfected Strike","Battle Trance","Hemokinesis"],"picked":"SKIP","floor":5},{"not_picked":["Armaments","True Grit"],"picked":"Shrug It Off","floor":7}],"player_experience":116054,"relics_obtained":[{"floor":9,"key":"Sundial"}],"event_choices":[{"damage_healed":0,"gold_gain":0,"player_choice":"Take Damage","damage_taken":18,"relics_obtained":["Golden Idol"],"max_hp_gain":0,"max_hp_loss":0,"event_name":"Golden Idol","floor":8,"gold_loss":0},{"damage_healed":0,"gold_gain":0,"player_choice":"Fought Mushrooms","damage_taken":0,"max_hp_gain":0,"max_hp_loss":0,"event_name":"Mushrooms","floor":10,"gold_loss":0}],"is_beta":false,"boss_relics":[],"items_purged_floors":[],"is_endless":false,"potions_floor_spawned":[4,5],"killed_by":"The Mushroom Lair","ascension_level":1}