{"gold_per_floor":[118,128,144,156,156,156,174,174,174,174,174,189,189,199,199,299,299,313,331,331],"floor_reached":20,"playtime":2674,"items_purged":[],"score":168,"play_id":"683fb96e-0c15-4fda-a6bd-49a9adee85aa","local_time":"20180922165208","is_ascension_mode":false,"campfire_choices":[{"data":"Beam Cell","floor":6.0,"key":"SMITH"},{"data":"Dualcast","floor":8.0,"key":"SMITH"},{"floor":11,"key":"DIG"},{"data":"Ball Lightning","floor":13,"key":"SMITH"},{"floor":15,"key":"DIG"}],"neow_cost":"NONE","seed_source_timestamp":0,"circlet_count":0,"master_deck":["Strike_B","Strike_B","Strike_B","Defend_B","Defend_B","Defend_B","Defend_B","Zap+1","Dualcast+1","Ball Lightning+1","Beam Cell+1","Darkness","Multi-Cast","Coolheaded+1","Redo+1","Creative AI","Parasite","Pain","Clumsy","Coolheaded+1"],"special_seed":0,"relics":["Cracked Core","Vajra","Shovel","Toxic Egg 2","StoneCalendar","Calling Bell","Peace Pipe","Mummified Hand","Strawberry"],"potions_floor_usage":[18,20,20],"damage_taken":[{"damage":9.0,"enemies":"2 Louse","floor":1.0,"turns":2.0},{"damage":1.0,"enemies":"Cultist","floor":2.0,"turns":3.0},{"damage":1.0,"enemies":"Jaw Worm","floor":3.0,"turns":4.0},{"damage":11.0,"enemies":"3 Louse","floor":4.0,"turns":3.0},{"damage":2.0,"enemies":"Blue Slaver","floor":7.0,"turns":3.0},{"damage":5,"enemies":"Looter","floor":12,"turns":2},{"damage":0,"enemies":"Exordium Thugs","floor":14,"turns":3},{"damage":19,"enemies":"Hexaghost","floor":16,"turns":8},{"damage":22,"enemies":"3 Byrds","floor":18,"turns":5},{"damage":30,"enemies":"Shell Parasite","floor":19,"turns":6},{"damage":30,"enemies":"Snake Plant","floor":20,"turns":3}],"seed_played":"-772980938021454889","potions_obtained":[{"floor":2.0,"key":"GamblersBrew"},{"floor":4.0,"key":"Dexterity Potion"},{"floor":14,"key":"Dexterity Potion"},{"floor":18,"key":"Weak Potion"}],"is_trial":false,"path_per_floor":["M","M","M","M","?","R","M","R","T","?","R","M","R","M","R","B",null,"M","M"],"character_chosen":"DEFECT","items_purchased":[],"campfire_rested":0,"item_purchase_floors":[],"current_hp_per_floor":[66,65,64,53,53,53,51,51,51,51,51,46,46,46,46,27,82,60,30,0],"gold":331,"neow_bonus":"RANDOM_COMMON_RELIC","is_prod":false,"is_daily":false,"chose_seed":false,"campfire_upgraded":3,"win_rate":0.0,"timestamp":1537627928,"path_taken":["M","M","M","M","?","R","M","R","T","?","R","?","R","M","R","BOSS","M","M","M"],"build_version":"2018-09-20","purchased_purges":0,"victory":false,"max_hp_per_floor":[75,75,75,75,75,75,75,75,75,75,75,75,75,75,75,75,82,82,82,82],"card_choices":[{"not_picked":["Streamline","Hologram"],"picked":"Ball Lightning","floor":1.0},{"not_picked":["Stack","Doom and Gloom","Skim"],"picked":"SKIP","floor":2.0},{"not_picked":["Cold Snap","Rainbow"],"picked":"Beam Cell","floor":3.0},{"not_picked":["Sweeping Beam","Hologram"],"picked":"Darkness","floor":4.0},{"not_picked":["Reinforced Body","Auto Shields","Melter"],"picked":"SKIP","floor":7.0},{"not_picked":["Hologram+1","Blizzard"],"picked":"Coolheaded+1","floor":12},{"not_picked":["Go for the Eyes","Consume+1"],"picked":"Redo+1","floor":14},{"not_picked":["Multi-Cast+1","All For One"],"picked":"Creative AI","floor":16},{"not_picked":["Steam+1","Coolheaded+1","Streamline+1"],"picked":"SKIP","floor":18},{"not_picked":["Tempest+1","Gash"],"picked":"Coolheaded+1","floor":19}],"player_experience":118421,"relics_obtained":[{"floor":9.0,"key":"Shovel"},{"floor":11,"key":"Toxic Egg 2"},{"floor":15,"key":"StoneCalendar"},{"floor":17,"key":"Peace Pipe"},{"floor":17,"key":"Mummified Hand"},{"floor":17,"key":"Strawberry"}],"event_choices":[{"event_name":"Upgrade Shrine","player_choice":"Upgraded","floor":5.0,"damage_taken":0.0},{"event_name":"Living Wall","player_choice":"Change","floor":10.0,"damage_taken":0.0}],"is_beta":false,"boss_relics":[{"not_picked":["FrozenCore","Inserter"],"picked":"Calling Bell"}],"items_purged_floors":[],"is_endless":false,"potions_floor_spawned":[2,4,14,18],"killed_by":"Snake Plant","ascension_level":0}