{"gold_per_floor":[119,119,69,19,19,53,66,82,82,102,177,194,194,204,204,309,309,319,87,87,101,201,201,220,220,245,42,42,68,81,115,115,115],"floor_reached":33,"playtime":1729,"items_purged":["Strike_G"],"score":496,"play_id":"df95721e-ab60-44e8-986a-0110a6c96410","local_time":"20181109221342","is_ascension_mode":true,"campfire_choices":[{"floor":15.0,"key":"REST"},{"data":"Flying Knee","floor":23.0,"key":"SMITH"},{"data":"Backflip","floor":25.0,"key":"SMITH"},{"data":"Noxious Fumes","floor":32,"key":"SMITH"}],"neow_cost":"NONE","seed_source_timestamp":345379844447828,"circlet_count":0,"master_deck":["AscendersBane","Defend_G+1","Defend_G","Defend_G","Defend_G","Defend_G","Strike_G","Strike_G","Strike_G+1","Survivor","Neutralize","Flying Knee+1","Sucker Punch","Backstab","Blade Dance","Dash","Terror","Noxious Fumes+1","Infinite Blades","Die Die Die","Noxious Fumes+1","Cloak And Dagger","Backflip+1","Phantasmal Killer","Skewer"],"special_seed":0,"relics":["Ring of the Snake","NeowsBlessing","Bottled Flame","Ninja Scroll","PreservedInsect","Coffee Dripper","Blood Vial","Art of War","Lee\u0027s Waffle","Matryoshka","Tough Bandages","Anchor"],"potions_floor_usage":[30,31,33,33],"damage_taken":[{"damage":0.0,"enemies":"2 Louse","floor":1.0,"turns":1.0},{"damage":0.0,"enemies":"Gremlin Nob","floor":6.0,"turns":1.0},{"damage":0.0,"enemies":"Small Slimes","floor":7.0,"turns":1.0},{"damage":0.0,"enemies":"Cultist","floor":8.0,"turns":3.0},{"damage":0.0,"enemies":"Lots of Slimes","floor":10.0,"turns":3.0},{"damage":0.0,"enemies":"Looter","floor":12.0,"turns":1.0},{"damage":0.0,"enemies":"Exordium Thugs","floor":14.0,"turns":3.0},{"damage":26.0,"enemies":"The Guardian","floor":16.0,"turns":11.0},{"damage":16.0,"enemies":"Shell Parasite","floor":18.0,"turns":4.0},{"damage":20.0,"enemies":"2 Thieves","floor":21.0,"turns":4.0},{"damage":24.0,"enemies":"Sentry and Sphere","floor":24.0,"turns":6.0},{"damage":2,"enemies":"Slavers","floor":29,"turns":4},{"damage":11,"enemies":"Snake Plant","floor":30,"turns":4},{"damage":10,"enemies":"Book of Stabbing","floor":31,"turns":4},{"damage":74,"enemies":"Champ","floor":33,"turns":7}],"seed_played":"-3392643321736631242","potions_obtained":[{"floor":6.0,"key":"Strength Potion"},{"floor":10.0,"key":"Ancient Potion"},{"floor":12.0,"key":"Dexterity Potion"},{"floor":30,"key":"Poison Potion"},{"floor":31,"key":"AttackPotion"}],"is_trial":false,"path_per_floor":["M","?","?","$","?","E","M","M","T","M","?","M","T","M","R","B",null,"M","$","?","M","?","R","M","R","T","$","T","E","M","E","R","B"],"character_chosen":"THE_SILENT","items_purchased":["Sucker Punch","Blood Vial","Lee\u0027s Waffle"],"campfire_rested":1,"item_purchase_floors":[4,19,27],"current_hp_per_floor":[63,68,68,68,53,53,53,53,53,53,42,42,42,42,64,38,66,50,50,50,32,32,32,10,10,10,82,82,80,71,63,63,0],"gold":115,"neow_bonus":"THREE_ENEMY_KILL","is_prod":false,"is_daily":false,"chose_seed":false,"campfire_upgraded":3,"win_rate":0,"timestamp":1541819622,"path_taken":["M","?","?","$","?","E","M","M","T","M","?","M","?","M","R","BOSS","M","$","?","?","?","R","M","R","T","$","?","E","M","E","R","BOSS"],"build_version":"2018-11-08","purchased_purges":1,"victory":false,"max_hp_per_floor":[70,75,75,75,75,75,75,75,75,75,75,75,75,75,75,75,75,75,75,75,75,75,75,75,75,75,82,82,82,82,82,82,82],"card_choices":[{"not_picked":["Poisoned Stab","Deflect"],"picked":"Flying Knee","floor":1.0},{"not_picked":["Outmaneuver","Prepared"],"picked":"Backstab","floor":6.0},{"not_picked":["Sucker Punch","Outmaneuver"],"picked":"Blade Dance","floor":7.0},{"not_picked":["Dodge and Roll","Blur"],"picked":"Dash","floor":8.0},{"not_picked":["Tactician","Dagger Throw"],"picked":"Terror","floor":10.0},{"not_picked":["Acrobatics","Outmaneuver"],"picked":"Noxious Fumes","floor":12.0},{"not_picked":["Deflect","Venomology"],"picked":"Infinite Blades","floor":14.0},{"not_picked":["Unload","Doppelganger"],"picked":"Die Die Die","floor":16.0},{"not_picked":["Terror","Underhanded Strike"],"picked":"Noxious Fumes","floor":18.0},{"not_picked":["Skewer","Dagger Throw"],"picked":"Cloak And Dagger","floor":21.0},{"not_picked":["Dodge and Roll","Expertise"],"picked":"Backflip","floor":24.0},{"not_picked":["Underhanded Strike+1","Bullet Time"],"picked":"Phantasmal Killer","floor":29},{"not_picked":["Infinite Blades","Calculated Gamble","Dodge and Roll"],"picked":"SKIP","floor":30},{"not_picked":["Flechettes+1","Cloak And Dagger"],"picked":"Skewer","floor":31}],"player_experience":738915,"relics_obtained":[{"floor":6.0,"key":"Bottled Flame"},{"floor":9.0,"key":"Ninja Scroll"},{"floor":13.0,"key":"PreservedInsect"},{"floor":26.0,"key":"Art of War"},{"floor":28,"key":"Matryoshka"},{"floor":29,"key":"Tough Bandages"},{"floor":31,"key":"Anchor"}],"event_choices":[{"damage_healed":0.0,"max_hp_gain":5.0,"max_hp_loss":0.0,"gold_gain":0.0,"event_name":"Big Fish","player_choice":"Donut","floor":2.0,"gold_loss":0.0,"damage_taken":0.0},{"cards_removed":["Strike_G"],"damage_healed":0.0,"max_hp_gain":0.0,"max_hp_loss":0.0,"gold_gain":0.0,"event_name":"The Cleric","player_choice":"Card Removal","floor":3.0,"gold_loss":50.0,"damage_taken":0.0},{"damage_healed":0.0,"max_hp_gain":0.0,"max_hp_loss":0.0,"gold_gain":0.0,"event_name":"Shining Light","player_choice":"Entered Light","floor":5.0,"gold_loss":0.0,"damage_taken":15.0,"cards_upgraded":["Defend_G","Strike_G"]},{"damage_healed":0.0,"max_hp_gain":0.0,"max_hp_loss":0.0,"gold_gain":75.0,"event_name":"World of Goop","player_choice":"Gather Gold","floor":11.0,"gold_loss":0.0,"damage_taken":11.0},{"damage_healed":0.0,"max_hp_gain":0.0,"max_hp_loss":0.0,"gold_gain":0.0,"event_name":"Upgrade Shrine","player_choice":"Upgraded","floor":20.0,"gold_loss":0.0,"damage_taken":0.0,"cards_upgraded":["Noxious Fumes"]},{"damage_healed":0.0,"max_hp_gain":0.0,"max_hp_loss":0.0,"gold_gain":100.0,"event_name":"Golden Shrine","player_choice":"Pray","floor":22.0,"gold_loss":0.0,"damage_taken":0.0}],"is_beta":false,"boss_relics":[{"not_picked":["Orrery","Philosopher\u0027s Stone"],"picked":"Coffee Dripper"}],"items_purged_floors":[19],"is_endless":false,"potions_floor_spawned":[6,10,12,16,21,30,31],"killed_by":"Champ","ascension_level":12}