{"gold_per_floor":[109,127,141,141,154,154,167,187,187,220,220,251,16,16,16,88,88,99,111,126,176,189,189,220,220,220,138,149,149,149,184,184,184],"floor_reached":33,"playtime":2715,"items_purged":[],"score":594,"play_id":"fdaec0b3-138d-461d-99da-70ae29fccb84","local_time":"20190202140151","is_ascension_mode":true,"campfire_choices":[{"data":"Zap","floor":6,"key":"SMITH"},{"floor":11,"key":"REST"},{"data":"Defragment","floor":15,"key":"SMITH"},{"floor":23,"key":"REST"},{"floor":25,"key":"REST"},{"floor":30,"key":"REST"},{"data":"Hologram","floor":32,"key":"SMITH"}],"neow_cost":"NONE","seed_source_timestamp":1351676892930729,"circlet_count":0,"master_deck":["AscendersBane","Strike_B+1","Defend_B","Defend_B","Defend_B","Defend_B","Zap+1","Dualcast","Defragment+1","Undo","Ball Lightning+1","Go for the Eyes+1","Rebound+1","Doom and Gloom+1","Defragment","Core Surge+1","Seek","Thunder Strike+1","Self Repair+1","Chill+1","Storm","Go for the Eyes+1","Genetic Algorithm","Beam Cell+1","Stack","Stack","Leap","Hologram+1"],"relics":["Cracked Core","Molten Egg 2","Kunai","Orichalcum","Unceasing Top","Pen Nib","Astrolabe","Whetstone","Letter Opener","Juzu Bracelet"],"potions_floor_usage":[5,5,10,20,31],"damage_taken":[{"damage":5,"enemies":"Small Slimes","floor":1,"turns":3},{"damage":1,"enemies":"Cultist","floor":2,"turns":3},{"damage":1,"enemies":"2 Louse","floor":3,"turns":3},{"damage":9,"enemies":"Lots of Slimes","floor":5,"turns":5},{"damage":8,"enemies":"Large Slime","floor":7,"turns":5},{"damage":0,"enemies":"Exordium Wildlife","floor":8,"turns":3},{"damage":26,"enemies":"Lagavulin","floor":10,"turns":4},{"damage":14,"enemies":"3 Sentries","floor":12,"turns":6},{"damage":36,"enemies":"Hexaghost","floor":16,"turns":7},{"damage":11,"enemies":"Spheric Guardian","floor":18,"turns":5},{"damage":10,"enemies":"Shell Parasite","floor":19,"turns":4},{"damage":42,"enemies":"3 Cultists","floor":20,"turns":6},{"damage":9,"enemies":"Sentry and Sphere","floor":22,"turns":5},{"damage":56,"enemies":"Book of Stabbing","floor":24,"turns":6},{"damage":20,"enemies":"Shelled Parasite and Fungi","floor":28,"turns":7},{"damage":39,"enemies":"Slavers","floor":31,"turns":5},{"damage":56,"enemies":"Collector","floor":33,"turns":6}],"seed_played":"-3704137442415134694","potions_obtained":[{"floor":1,"key":"Swift Potion"},{"floor":2,"key":"EntropicBrew"},{"floor":7,"key":"Weak Potion"},{"floor":10,"key":"Dexterity Potion"},{"floor":24,"key":"Swift Potion"}],"is_trial":false,"path_per_floor":["M","M","M","?","M","R","M","M","T","E","R","E","$","?","R","B",null,"M","M","M","?","M","R","E","R","T","$","M","?","R","E","R","B"],"character_chosen":"DEFECT","items_purchased":["Pen Nib","Core Surge+1","Beam Cell+1","Stack"],"campfire_rested":4,"item_purchase_floors":[13,13,27,27],"current_hp_per_floor":[59,58,57,57,48,48,40,40,40,14,35,21,21,81,81,45,72,71,71,39,39,40,64,18,42,42,42,32,32,56,27,27,0],"gold":184,"neow_bonus":"ONE_RANDOM_RARE_CARD","is_prod":false,"is_daily":false,"chose_seed":false,"campfire_upgraded":3,"win_rate":0,"timestamp":1549144911,"path_taken":["M","M","M","?","M","R","M","M","T","E","R","E","?","?","R","BOSS","M","M","?","?","M","R","E","R","T","$","?","?","R","E","R","BOSS"],"build_version":"2019-01-23","purchased_purges":0,"victory":false,"max_hp_per_floor":[71,71,71,71,71,71,71,71,71,71,71,71,71,81,81,81,81,81,81,81,81,81,81,81,81,81,81,81,81,81,81,81,81],"card_choices":[{"not_picked":["Heatsinks","Hello World"],"picked":"Defragment","floor":1},{"not_picked":["Force Field","Chill"],"picked":"Undo","floor":2},{"not_picked":["Steam","Aggregate","Reinforced Body"],"picked":"SKIP","floor":3},{"not_picked":["Beam Cell+1","Go for the Eyes+1"],"picked":"Ball Lightning+1","floor":5},{"not_picked":["Gash+1","Steam Power"],"picked":"Go for the Eyes+1","floor":7},{"not_picked":["Coolheaded","Capacitor"],"picked":"Rebound+1","floor":8},{"not_picked":["Self Repair","Rebound+1"],"picked":"Doom and Gloom+1","floor":10},{"not_picked":["Compile Driver+1","Leap"],"picked":"Defragment","floor":12},{"not_picked":["Machine Learning","Thunder Strike+1"],"picked":"Seek","floor":16},{"not_picked":["Sunder+1","Chaos"],"picked":"Storm","floor":18},{"not_picked":["Chill","Redo"],"picked":"Go for the Eyes+1","floor":19},{"not_picked":["Barrage+1","Melter+1","Redo+1"],"picked":"SKIP","floor":20},{"not_picked":["Reinforced Body","Leap"],"picked":"Genetic Algorithm","floor":22},{"not_picked":["Meteor Strike+1","Fusion","Skim"],"picked":"SKIP","floor":24},{"not_picked":["Leap","Rebound+1"],"picked":"Stack","floor":28},{"not_picked":["Steam Power","Go for the Eyes+1"],"picked":"Hologram","floor":31}],"player_experience":783034,"relics_obtained":[{"floor":9,"key":"Kunai"},{"floor":10,"key":"Orichalcum"},{"floor":12,"key":"Unceasing Top"},{"floor":24,"key":"Whetstone"},{"floor":26,"key":"Letter Opener"},{"floor":31,"key":"Juzu Bracelet"}],"event_choices":[{"damage_healed":0,"gold_gain":0,"player_choice":"Gave Potion","damage_taken":0,"relics_obtained":["Molten Egg 2"],"max_hp_gain":0,"max_hp_loss":0,"event_name":"WeMeetAgain","floor":4,"gold_loss":0},{"cards_removed":["Reboot"],"damage_healed":50,"gold_gain":0,"player_choice":"Offered Rare","damage_taken":0,"max_hp_gain":10,"max_hp_loss":0,"event_name":"Bonfire Elementals","floor":14,"gold_loss":0},{"damage_healed":0,"gold_gain":100,"player_choice":"Bet on Murderer","damage_taken":0,"max_hp_gain":0,"max_hp_loss":0,"event_name":"The Joust","floor":21,"gold_loss":50},{"damage_healed":0,"gold_gain":0,"player_choice":"1 cards matched","damage_taken":0,"max_hp_gain":0,"max_hp_loss":0,"event_name":"Match and Keep!","floor":29,"gold_loss":0,"cards_obtained":["Leap"]}],"is_beta":false,"boss_relics":[{"not_picked":["Calling Bell","Runic Pyramid"],"picked":"Astrolabe"}],"items_purged_floors":[],"is_endless":false,"potions_floor_spawned":[1,2,7,10,16,18,19,24,28],"killed_by":"Collector","ascension_level":20}