{"gold_per_floor":[114,129,129,129,229,229,244,259,284,299,157,157,172,187,187,287,287,302,317,92,32,47,47,62,62,112,112,142,157,157,172,172,272,272,287,37,52,52,67,82,82,82,107,122,137,152,102,117,117,117],"floor_reached":51,"playtime":17091,"items_purged":["Strike_G","Strike_G","Tactician"],"score":792,"play_id":"fa14c926-51c3-4f74-a931-edc5b8fd43a9","local_time":"20180921000507","daily_mods":["Heirloom","Cursed Run","Time Dilation"],"is_ascension_mode":false,"campfire_choices":[{"data":"Survivor","floor":6,"key":"SMITH"},{"data":"Footwork","floor":12,"key":"SMITH"},{"data":"Accuracy","floor":15,"key":"SMITH"},{"data":"Infinite Blades","floor":23,"key":"SMITH"},{"data":"Noxious Fumes","floor":25,"key":"SMITH"},{"data":"Cloak And Dagger","floor":27,"key":"SMITH"},{"data":"Cloak And Dagger","floor":30,"key":"SMITH"},{"floor":32,"key":"REST"},{"data":"Cloak And Dagger","floor":41,"key":"SMITH"},{"floor":49,"key":"REST"}],"neow_cost":"","seed_source_timestamp":0,"circlet_count":0,"master_deck":["Defend_G","Defend_G","Defend_G","Survivor+1","Neutralize+1","Escape Plan","Blade Dance","Cloak And Dagger+1","Accuracy+1","Shame","Dagger Throw","Footwork+1","Doubt","Die Die Die","Blade Dance","Infinite Blades+1","Cloak And Dagger+1","Noxious Fumes+1","Normality","Cloak And Dagger","Cloak And Dagger+1","Clumsy","Injury","Prepared","Normality"],"special_seed":17794,"relics":["Cursed Key","Darkstone Periapt","Du-Vu Doll","Unceasing Top","Vajra","Empty Cage","Centennial Puzzle","Smiling Mask","White Beast Statue","Blue Candle","Turnip","Regal Pillow"],"potions_floor_usage":[28,33,33,37,42,48,48,50,50],"damage_taken":[{"damage":0,"enemies":"Small Slimes","floor":1,"turns":4},{"damage":3,"enemies":"2 Louse","floor":2,"turns":3},{"damage":0,"enemies":"Jaw Worm","floor":7,"turns":2},{"damage":0,"enemies":"Gremlin Gang","floor":8,"turns":5},{"damage":0,"enemies":"Blue Slaver","floor":10,"turns":2},{"damage":0,"enemies":"3 Louse","floor":13,"turns":2},{"damage":12,"enemies":"Exordium Thugs","floor":14,"turns":4},{"damage":21,"enemies":"The Guardian","floor":16,"turns":8},{"damage":14,"enemies":"3 Byrds","floor":18,"turns":5},{"damage":0,"enemies":"2 Thieves","floor":19,"turns":3},{"damage":12,"enemies":"Cultist and Chosen","floor":22,"turns":5},{"damage":6,"enemies":"3 Cultists","floor":24,"turns":4},{"damage":7,"enemies":"Book of Stabbing","floor":28,"turns":4},{"damage":13,"enemies":"Shelled Parasite and Fungi","floor":29,"turns":3},{"damage":5,"enemies":"Chosen and Byrds","floor":31,"turns":3},{"damage":45,"enemies":"Champ","floor":33,"turns":7},{"damage":0,"enemies":"Orb Walker","floor":35,"turns":2},{"damage":0,"enemies":"3 Shapes","floor":37,"turns":2},{"damage":18,"enemies":"Sphere and 2 Shapes","floor":39,"turns":4},{"damage":1,"enemies":"Reptomancer","floor":40,"turns":3},{"damage":0,"enemies":"Mysterious Sphere","floor":42,"turns":3},{"damage":0,"enemies":"Maw","floor":44,"turns":6},{"damage":5,"enemies":"4 Shapes","floor":45,"turns":4},{"damage":4,"enemies":"Reptomancer","floor":46,"turns":4},{"damage":24,"enemies":"Transient","floor":48,"turns":5},{"damage":26,"enemies":"Awakened One","floor":50,"turns":9}],"seed_played":"1139054497184590397","potions_obtained":[{"floor":1,"key":"Weak Potion"},{"floor":2,"key":"AttackPotion"},{"floor":8,"key":"Ancient Potion"},{"floor":18,"key":"Strength Potion"},{"floor":24,"key":"SteroidPotion"},{"floor":29,"key":"EssenceOfSteel"},{"floor":35,"key":"Swift Potion"},{"floor":37,"key":"PowerPotion"},{"floor":39,"key":"GhostInAJar"},{"floor":42,"key":"EssenceOfSteel"},{"floor":44,"key":"Weak Potion"},{"floor":48,"key":"AttackPotion"}],"is_trial":false,"path_per_floor":["M","M","?","?","?","R","M","M","T","M","$","R","M","M","R","B",null,"M","M","$","?","M","R","M","R","T","R","E","M","R","M","R","B",null,"M","$","M","?","M","M","R","?","T","M","M","M","$","M","R","B"],"character_chosen":"THE_SILENT","items_purchased":["Footwork","Cloak And Dagger","Noxious Fumes","Blue Candle"],"campfire_rested":2,"item_purchase_floors":[11,20,20,36],"current_hp_per_floor":[70,67,67,67,67,67,67,67,73,73,73,73,73,61,61,46,82,68,68,68,68,56,56,50,50,56,56,49,36,36,31,57,18,94,94,94,94,94,76,75,75,75,81,81,76,72,72,48,93,73],"gold":117,"neow_bonus":"","is_prod":false,"is_daily":true,"chose_seed":false,"campfire_upgraded":8,"win_rate":0,"timestamp":1537481107,"path_taken":["M","M","?","?","?","R","M","M","T","M","$","R","M","M","R","BOSS","M","M","$","?","?","R","M","R","T","R","E","M","R","?","R","BOSS","M","$","M","?","M","M","R","?","T","M","M","M","$","M","R","BOSS"],"build_version":"2018-09-06","purchased_purges":3,"victory":true,"max_hp_per_floor":[70,70,70,70,70,70,70,70,76,76,76,76,76,76,76,82,82,82,82,82,82,82,82,82,82,88,88,88,88,88,88,88,94,94,94,94,94,94,94,94,94,94,100,100,100,100,100,100,100,106],"card_choices":[{"not_picked":["Underhanded Strike","Endless Agony"],"picked":"Escape Plan","floor":1},{"not_picked":["Deadly Poison","Bouncing Flask"],"picked":"Blade Dance","floor":2},{"not_picked":["Dagger Spray","Deadly Poison"],"picked":"Cloak And Dagger","floor":7},{"not_picked":["Dash","Catalyst"],"picked":"Accuracy","floor":8},{"not_picked":["Setup","Quick Slash"],"picked":"Dagger Throw","floor":10},{"not_picked":["Outmaneuver","Die Die Die","Sucker Punch"],"picked":"SKIP","floor":13},{"not_picked":["Outmaneuver","Deflect","Sucker Punch"],"picked":"SKIP","floor":14},{"not_picked":["Bullet Time","Corpse Explosion"],"picked":"Die Die Die","floor":16},{"not_picked":["Flying Knee","Accuracy"],"picked":"Blade Dance","floor":18},{"not_picked":["Quick Slash+1","Dagger Spray"],"picked":"Infinite Blades","floor":19},{"not_picked":["Die Die Die","Catalyst","Outmaneuver"],"picked":"SKIP","floor":22},{"not_picked":["Tactician","Noxious Fumes","Blade Dance"],"picked":"SKIP","floor":24},{"not_picked":["Dodge and Roll","Footwork"],"picked":"Cloak And Dagger","floor":28},{"not_picked":["Acrobatics","Infinite Blades"],"picked":"Cloak And Dagger","floor":29},{"not_picked":["Masterful Stab","Flying Knee","Choke"],"picked":"SKIP","floor":31},{"not_picked":["Well Laid Plans+1","Dagger Spray+1","Dagger Throw+1"],"picked":"SKIP","floor":35},{"not_picked":["Endless Agony+1","Outmaneuver+1","Cloak And Dagger"],"picked":"SKIP","floor":37},{"not_picked":["Sucker Punch","Caltrops","Accuracy"],"picked":"SKIP","floor":39},{"not_picked":["Concentrate","Acrobatics","Dagger Throw+1"],"picked":"SKIP","floor":40},{"not_picked":["Eviscerate+1","Sucker Punch","Dagger Spray+1"],"picked":"SKIP","floor":44},{"not_picked":["Dagger Spray","Dash+1"],"picked":"Prepared","floor":45},{"not_picked":["Slice+1","Sucker Punch+1","Corpse Explosion"],"picked":"SKIP","floor":46},{"not_picked":["Masterful Stab+1","Deadly Poison","Backstab+1"],"picked":"SKIP","floor":48}],"player_experience":99996,"relics_obtained":[{"floor":9,"key":"Vajra"},{"floor":26,"key":"Centennial Puzzle"},{"floor":28,"key":"Smiling Mask"},{"floor":42,"key":"Turnip"},{"floor":43,"key":"Regal Pillow"}],"event_choices":[{"event_name":"Living Wall","player_choice":"Forget","floor":3,"damage_taken":0},{"event_name":"Accursed Blacksmith","player_choice":"Forge","floor":4,"damage_taken":0},{"event_name":"Golden Shrine","player_choice":"Pray","floor":5,"damage_taken":0},{"event_name":"Designer","player_choice":"Remove Card","floor":21,"damage_taken":0},{"event_name":"Transmorgrifier","player_choice":"Transform","floor":38,"damage_taken":0},{"event_name":"Mysterious Sphere","player_choice":"Fight","floor":42,"damage_taken":0}],"is_beta":false,"boss_relics":[{"not_picked":["Orrery","Runic Pyramid"],"picked":"Empty Cage"},{"not_picked":["HoveringKite","Eternal Feather"],"picked":"White Beast Statue"}],"items_purged_floors":[11,20,47],"is_endless":false,"potions_floor_spawned":[1,2,8,10,18,24,29,35,37,39,40,42,44,45,46,48],"ascension_level":0}