{"gold_per_floor":[219,229,248,68,79,109,109,143,193,226,12,47,47,82,82,156,156,172,222,242,82,100,100,100,110,110,10,28,61,61,80,80,154,154,170,270,270,270,145,145,179,189,189,237,237,256,55,90,90,90,90,90,90,6,31,31],"floor_reached":57,"playtime":8413,"items_purged":["Decay","Strike_B","Strike_B","Strike_B"],"score":2782,"play_id":"8f262f73-4a1a-4a08-906c-7dc75f392039","local_time":"20190209150403","is_ascension_mode":true,"campfire_choices":[{"floor":7,"key":"REST"},{"data":"Zap","floor":15,"key":"SMITH"},{"data":"Defragment","floor":23,"key":"SMITH"},{"data":"Loop","floor":30,"key":"SMITH"},{"data":"Conserve Battery","floor":32,"key":"SMITH"},{"data":"Rainbow","floor":40,"key":"SMITH"},{"floor":45,"key":"RECALL"},{"data":"Go for the Eyes","floor":49,"key":"SMITH"},{"data":"Biased Cognition","floor":53,"key":"SMITH"}],"neow_cost":"NONE","seed_source_timestamp":1954502703236961,"circlet_count":0,"master_deck":["AscendersBane","Strike_B","Defend_B","Defend_B","Defend_B","Defend_B","Zap+1","Dualcast","Glacier","Melter","Ball Lightning","Go for the Eyes+1","Undo","Self Repair","Compile Driver","Chill","Rainbow+1","Skim","Defragment+1","Hologram+1","Echo Form","Stack","Echo Form","Loop+1","Conserve Battery+1","Biased Cognition+1","Amplify","Loop+1","Force Field","Compile Driver+1","Storm+1","Recycle","All For One+1"],"relics":["Cracked Core","Regal Pillow","Cables","Bag of Marbles","Juzu Bracelet","Bag of Preparation","Bronze Scales","Sundial","Nuclear Battery","Gremlin Horn","Matryoshka","Snecko Eye","Bird Faced Urn","DataDisk","Molten Egg 2","Bottled Tornado","Ginger","Ornamental Fan","Ice Cream"],"potions_floor_usage":[2,8,10,14,14,22,29,44,55,56],"damage_taken":[{"damage":0,"enemies":"Cultist","floor":1,"turns":3},{"damage":2,"enemies":"Jaw Worm","floor":2,"turns":3},{"damage":0,"enemies":"2 Louse","floor":3,"turns":3},{"damage":0,"enemies":"Red Slaver","floor":5,"turns":4},{"damage":20,"enemies":"Lagavulin","floor":6,"turns":7},{"damage":12,"enemies":"Gremlin Nob","floor":8,"turns":4},{"damage":10,"enemies":"3 Sentries","floor":10,"turns":7},{"damage":22,"enemies":"Gremlin Nob","floor":12,"turns":4},{"damage":15,"enemies":"3 Sentries","floor":14,"turns":5},{"damage":17,"enemies":"The Guardian","floor":16,"turns":16},{"damage":22,"enemies":"Chosen","floor":18,"turns":5},{"damage":0,"enemies":"Spheric Guardian","floor":20,"turns":1},{"damage":9,"enemies":"Snake Plant","floor":22,"turns":4},{"damage":0,"enemies":"Chosen and Byrds","floor":25,"turns":5},{"damage":6,"enemies":"Centurion and Healer","floor":28,"turns":7},{"damage":0,"enemies":"Book of Stabbing","floor":29,"turns":6},{"damage":0,"enemies":"Cultist and Chosen","floor":31,"turns":7},{"damage":13,"enemies":"Automaton","floor":33,"turns":11},{"damage":14,"enemies":"3 Darklings","floor":35,"turns":6},{"damage":3,"enemies":"Mind Bloom Boss Battle","floor":36,"turns":8},{"damage":10,"enemies":"Nemesis","floor":41,"turns":7},{"damage":11,"enemies":"3 Shapes","floor":42,"turns":4},{"damage":17,"enemies":"2 Orb Walkers","floor":44,"turns":7},{"damage":4,"enemies":"Spire Growth","floor":46,"turns":5},{"damage":0,"enemies":"Reptomancer","floor":48,"turns":6},{"damage":36,"enemies":"Time Eater","floor":50,"turns":34},{"damage":48,"enemies":"Awakened One","floor":51,"turns":31},{"damage":53,"enemies":"Shield and Spear","floor":55,"turns":9},{"damage":59,"enemies":"The Heart","floor":56,"turns":7}],"seed_played":"2543469787098922553","potions_obtained":[{"floor":1,"key":"Poison Potion"},{"floor":5,"key":"Block Potion"},{"floor":12,"key":"Fire Potion"},{"floor":14,"key":"Explosive Potion"},{"floor":16,"key":"Regen Potion"},{"floor":20,"key":"Swift Potion"},{"floor":25,"key":"Energy Potion"},{"floor":29,"key":"Block Potion"},{"floor":41,"key":"SteroidPotion"},{"floor":42,"key":"GamblersBrew"},{"floor":55,"key":"FocusPotion"}],"is_trial":false,"path_per_floor":["M","M","M","$","M","E","R","E","T","E","$","E","?","E","R","B",null,"M","?","M","$","M","R","?","M","T","$","M","E","R","M","R","B",null,"M","?","?","?","$","R","E","M","T","?","R","M","$","E","R","B","B",null,"R","$","E","B",null],"character_chosen":"DEFECT","items_purchased":["Weak Potion","Fire Potion","Melter","Bag of Preparation","Dexterity Potion","Defragment","Compile Driver+1","Recycle"],"campfire_rested":1,"item_purchase_floors":[4,4,4,11,11,21,47,54],"current_hp_per_floor":[64,62,62,62,62,42,71,59,59,49,49,34,34,26,26,16,57,42,42,42,42,52,52,52,59,59,59,67,71,71,71,71,71,71,64,71,71,67,67,67,67,67,67,67,67,67,67,67,67,67,61,66,66,66,52,15],"gold":31,"neow_bonus":"HUNDRED_GOLD","is_prod":false,"is_daily":false,"chose_seed":false,"campfire_upgraded":7,"win_rate":0,"timestamp":1549753443,"path_taken":["M","?","M","$","?","E","R","E","T","E","$","E","?","E","R","BOSS","M","?","M","$","M","R","?","M","T","$","M","E","R","M","R","BOSS","M","?","?","?","$","R","E","M","T","?","R","M","?","E","R","BOSS","BOSS","R","$","E","BOSS"],"build_version":"2019-01-23","purchased_purges":4,"victory":true,"max_hp_per_floor":[71,71,71,71,71,71,71,71,71,71,71,71,71,71,71,71,71,71,71,71,71,71,71,71,71,71,71,71,71,71,71,71,71,71,71,71,71,67,67,67,67,67,67,67,67,67,67,67,67,67,67,67,67,67,67,67],"card_choices":[{"not_picked":["Chill","Leap"],"picked":"Glacier","floor":1},{"not_picked":["Hologram","Stack","Capacitor"],"picked":"SKIP","floor":2},{"not_picked":["Tempest","Reprogram","Steam"],"picked":"SKIP","floor":3},{"not_picked":["Stack","Beam Cell"],"picked":"Ball Lightning","floor":5},{"not_picked":["Steam","White Noise"],"picked":"Go for the Eyes","floor":6},{"not_picked":["Fusion","Gash"],"picked":"Undo","floor":8},{"not_picked":["Force Field","Hello World"],"picked":"Self Repair","floor":10},{"not_picked":["Rip and Tear","Turbo"],"picked":"Compile Driver","floor":12},{"not_picked":["Gash","Barrage"],"picked":"Chill","floor":14},{"not_picked":["Meteor Strike","Fission"],"picked":"Rainbow","floor":16},{"not_picked":["Lockon","Leap","Turbo"],"picked":"SKIP","floor":18},{"not_picked":["Rebound","Ball Lightning"],"picked":"Skim","floor":20},{"not_picked":["Gash","Sunder"],"picked":"Hologram+1","floor":22},{"not_picked":["Redo","Hologram"],"picked":"Stack","floor":25},{"not_picked":["Ball Lightning","Hologram"],"picked":"Echo Form","floor":28},{"not_picked":["Double Energy","Reprogram"],"picked":"Loop","floor":29},{"not_picked":["Double Energy","Storm"],"picked":"Conserve Battery","floor":31},{"not_picked":["Multi-Cast","Machine Learning"],"picked":"Biased Cognition","floor":33},{"not_picked":["Rebound","Streamline+1","Gash"],"picked":"SKIP","floor":35},{"not_picked":["Scrape+1","Barrage"],"picked":"Amplify","floor":41},{"not_picked":["Conserve Battery","Cold Snap+1"],"picked":"Loop+1","floor":42},{"not_picked":["Sweeping Beam+1","Beam Cell+1"],"picked":"Force Field","floor":46},{"not_picked":["Undo","Force Field"],"picked":"Storm+1","floor":48},{"not_picked":["FTL+1","Sweeping Beam+1"],"picked":"All For One+1","floor":55}],"player_experience":848320,"relics_obtained":[{"floor":6,"key":"Regal Pillow"},{"floor":8,"key":"Cables"},{"floor":9,"key":"Bag of Marbles"},{"floor":10,"key":"Juzu Bracelet"},{"floor":12,"key":"Bronze Scales"},{"floor":14,"key":"Sundial"},{"floor":26,"key":"Gremlin Horn"},{"floor":29,"key":"Matryoshka"},{"floor":36,"key":"Bird Faced Urn"},{"floor":41,"key":"Molten Egg 2"},{"floor":43,"key":"Bottled Tornado"},{"floor":44,"key":"Ginger"},{"floor":48,"key":"Ornamental Fan"},{"floor":55,"key":"Ice Cream"}],"event_choices":[{"damage_healed":0,"gold_gain":0,"player_choice":"Cursed","damage_taken":0,"max_hp_gain":0,"max_hp_loss":0,"event_name":"Wheel of Change","floor":13,"gold_loss":0,"cards_obtained":["Decay"]},{"damage_healed":0,"gold_gain":50,"player_choice":"Stole From Cult","damage_taken":0,"max_hp_gain":0,"max_hp_loss":0,"event_name":"Nest","floor":19,"gold_loss":0},{"damage_healed":0,"gold_gain":0,"player_choice":"Read","damage_taken":0,"max_hp_gain":0,"max_hp_loss":0,"event_name":"The Library","floor":24,"gold_loss":0,"cards_obtained":["Echo Form"]},{"damage_healed":0,"gold_gain":0,"player_choice":"Fight","damage_taken":0,"max_hp_gain":0,"max_hp_loss":0,"event_name":"MindBloom","floor":36,"gold_loss":0},{"damage_healed":0,"gold_gain":0,"player_choice":"Gave Potion","damage_taken":0,"relics_obtained":["DataDisk"],"max_hp_gain":0,"max_hp_loss":0,"event_name":"WeMeetAgain","floor":37,"gold_loss":0},{"damage_healed":0,"gold_gain":0,"player_choice":"Max HP","damage_taken":0,"max_hp_gain":0,"max_hp_loss":4,"event_name":"Winding Halls","floor":38,"gold_loss":0},{"damage_healed":0,"gold_gain":0,"player_choice":"Fight","damage_taken":0,"max_hp_gain":0,"max_hp_loss":0,"event_name":"Mysterious Sphere","floor":44,"gold_loss":0}],"is_beta":false,"boss_relics":[{"not_picked":["Black Star","Runic Dome"],"picked":"Nuclear Battery"},{"not_picked":["Pandora\u0027s Box","Tiny House"],"picked":"Snecko Eye"}],"items_purged_floors":[21,27,39,47],"is_endless":false,"potions_floor_spawned":[1,5,12,14,16,20,25,28,29,33,41,42,55],"ascension_level":20}