{"gold_per_floor":[109,122,47,67,67,67,78,78,129,149,205,232,251,278,278,373,373,389,409,309,326,122,122,157,157,204,216,241,270,382,425,437,544,556,583,595,607,469,480,480,512,512,512,540,540],"floor_reached":45,"playtime":5118,"items_purged":["Strike_G","Strike_G","Strike_G","Strike_G"],"score":659,"play_id":"2f940fdd-5f3f-4d4a-a70d-4e87a5057a07","local_time":"20190106104048","is_ascension_mode":true,"campfire_choices":[{"data":"Neutralize","floor":6.0,"key":"SMITH"},{"data":"Survivor","floor":8.0,"key":"SMITH"},{"data":"Cloak And Dagger","floor":15.0,"key":"SMITH"},{"data":"Cloak And Dagger","floor":23,"key":"SMITH"},{"data":"Flying Knee","floor":25,"key":"SMITH"},{"data":"Footwork","floor":27,"key":"SMITH"},{"data":"Infinite Blades","floor":32,"key":"SMITH"},{"data":"Outmaneuver","floor":40,"key":"SMITH"},{"data":"Flying Knee","floor":42,"key":"SMITH"}],"neow_cost":"NONE","seed_source_timestamp":0,"circlet_count":0,"master_deck":["Defend_G","Defend_G","Defend_G","Defend_G","Defend_G","Strike_G","Survivor+1","Neutralize+1","Cloak And Dagger+1","Well Laid Plans","Cloak And Dagger+1","Footwork+1","Flying Knee+1","Footwork+1","Infinite Blades+1","Adrenaline","Flying Knee+1","Outmaneuver+1"],"special_seed":0,"relics":["Ring of the Snake","Pen Nib","Ancient Tea Set","Potion Belt","Kunai","Pear","WristBlade","Red Mask","MawBank","Pocketwatch","Runic Pyramid","Bag of Marbles","Girya","Thread and Needle"],"potions_floor_usage":[24,29],"damage_taken":[{"damage":1.0,"enemies":"Cultist","floor":1.0,"turns":5.0},{"damage":0.0,"enemies":"Small Slimes","floor":2.0,"turns":4.0},{"damage":0.0,"enemies":"2 Louse","floor":4.0,"turns":3.0},{"damage":0.0,"enemies":"2 Fungi Beasts","floor":7.0,"turns":4.0},{"damage":0.0,"enemies":"Red Slaver","floor":10.0,"turns":4.0},{"damage":14.0,"enemies":"3 Sentries","floor":11.0,"turns":14.0},{"damage":8.0,"enemies":"3 Sentries","floor":12.0,"turns":11.0},{"damage":1.0,"enemies":"Looter","floor":13.0,"turns":4.0},{"damage":7.0,"enemies":"Lagavulin","floor":14.0,"turns":11.0},{"damage":23.0,"enemies":"Hexaghost","floor":16.0,"turns":23.0},{"damage":0,"enemies":"Chosen","floor":18,"turns":5},{"damage":2,"enemies":"Shell Parasite","floor":19,"turns":6},{"damage":15,"enemies":"3 Cultists","floor":21,"turns":8},{"damage":6,"enemies":"Masked Bandits","floor":24,"turns":6},{"damage":0,"enemies":"Chosen and Byrds","floor":28,"turns":8},{"damage":4,"enemies":"Shelled Parasite and Fungi","floor":29,"turns":6},{"damage":1,"enemies":"Book of Stabbing","floor":31,"turns":8},{"damage":0,"enemies":"Champ","floor":33,"turns":18},{"damage":2,"enemies":"Orb Walker","floor":35,"turns":3},{"damage":5,"enemies":"3 Darklings","floor":39,"turns":6},{"damage":25,"enemies":"Giant Head","floor":41,"turns":14},{"damage":22,"enemies":"Nemesis","floor":44,"turns":11},{"damage":29,"enemies":"4 Shapes","floor":45,"turns":3}],"seed_played":"-7228992153321751269","potions_obtained":[{"floor":1.0,"key":"Dexterity Potion"},{"floor":4.0,"key":"EssenceOfSteel"},{"floor":11.0,"key":"Swift Potion"},{"floor":12.0,"key":"Explosive Potion"},{"floor":16,"key":"Weak Potion"},{"floor":18,"key":"Swift Potion"},{"floor":24,"key":"SteroidPotion"},{"floor":29,"key":"Block Potion"}],"is_trial":false,"path_per_floor":["M","M","$","M","$","R","M","R","T","M","?","E","M","E","R","B",null,"M","M","$","M","$","R","?","R","T","R","M","M","?","E","R","B",null,"M","?","?","$","M","R","E","R","T","E","M"],"character_chosen":"THE_SILENT","items_purchased":["Footwork"],"campfire_rested":0,"item_purchase_floors":[22],"current_hp_per_floor":[69,69,69,69,69,69,69,69,69,69,55,47,46,49,49,26,80,80,78,78,63,63,63,57,57,57,57,57,53,53,52,52,52,80,78,76,76,76,71,71,46,46,46,24,0],"gold":540,"neow_bonus":"RANDOM_COMMON_RELIC","is_prod":false,"is_daily":false,"chose_seed":false,"campfire_upgraded":9,"win_rate":0,"timestamp":1546767648,"path_taken":["M","M","$","?","?","R","M","R","T","M","?","E","M","E","R","BOSS","BOSS","M","M","$","M","$","R","?","R","T","R","M","M","?","E","R","BOSS","M","?","?","$","M","R","E","R","T","E","?"],"build_version":"2019-01-03v4","purchased_purges":4,"victory":false,"max_hp_per_floor":[70,70,70,70,70,70,70,70,70,70,70,70,70,80,80,80,80,80,80,80,80,80,80,80,80,80,80,80,80,80,80,80,80,80,80,76,76,76,76,76,76,76,76,76,76],"card_choices":[{"not_picked":["Tactician","Prepared"],"picked":"Cloak And Dagger","floor":1.0},{"not_picked":["Catalyst","Predator","Cloak And Dagger"],"picked":"SKIP","floor":2.0},{"not_picked":["Choke","Crippling Poison"],"picked":"Well Laid Plans","floor":4.0},{"not_picked":["Dodge and Roll","Bane","Flechettes"],"picked":"SKIP","floor":7.0},{"not_picked":["PiercingWail","Expertise","Quick Slash"],"picked":"SKIP","floor":10.0},{"not_picked":["Dagger Throw","Reflex","Eviscerate"],"picked":"SKIP","floor":12.0},{"not_picked":["Slice","Terror","Phantasmal Killer"],"picked":"SKIP","floor":13.0},{"not_picked":["Slice","Terror","Phantasmal Killer"],"picked":"SKIP","floor":13.0},{"not_picked":["Choke","Unload"],"picked":"Cloak And Dagger","floor":14.0},{"not_picked":["Setup+1","Underhanded Strike","Dagger Spray"],"picked":"SKIP","floor":18},{"not_picked":["Dagger Throw+1","Cloak And Dagger","Skewer"],"picked":"SKIP","floor":19},{"not_picked":["Skewer","Outmaneuver","Deadly Poison"],"picked":"SKIP","floor":21},{"not_picked":["Blade Dance","Bane"],"picked":"Flying Knee","floor":24},{"not_picked":["Acrobatics","Skewer"],"picked":"Footwork+1","floor":28},{"not_picked":["Riddle With Holes","Deadly Poison","Dodge and Roll"],"picked":"SKIP","floor":29},{"not_picked":["Venomology","Bullet Time"],"picked":"Infinite Blades","floor":31},{"not_picked":["Burst","Tools of the Trade"],"picked":"Adrenaline","floor":33},{"not_picked":["Underhanded Strike+1","Backflip+1"],"picked":"Flying Knee","floor":35},{"not_picked":["Noxious Fumes","Cloak And Dagger"],"picked":"Outmaneuver","floor":39},{"not_picked":["Deflect+1","Prepared+1","Flying Knee"],"picked":"SKIP","floor":41},{"not_picked":["Crippling Poison","Quick Slash","Slice"],"picked":"SKIP","floor":44}],"player_experience":187846,"relics_obtained":[{"floor":9.0,"key":"Ancient Tea Set"},{"floor":11.0,"key":"Potion Belt"},{"floor":12.0,"key":"Kunai"},{"floor":14.0,"key":"Pear"},{"floor":24,"key":"Red Mask"},{"floor":26,"key":"MawBank"},{"floor":31,"key":"Pocketwatch"},{"floor":41,"key":"Bag of Marbles"},{"floor":43,"key":"Girya"},{"floor":44,"key":"Thread and Needle"}],"event_choices":[{"damage_healed":0.0,"max_hp_gain":0.0,"max_hp_loss":0.0,"gold_gain":0.0,"event_name":"Dead Adventurer","player_choice":"Searched \u00271\u0027 times","floor":11.0,"gold_loss":0.0,"damage_taken":0.0},{"damage_healed":0,"gold_gain":0,"player_choice":"Fought Bandits","damage_taken":0,"max_hp_gain":0,"max_hp_loss":0,"event_name":"Masked Bandits","floor":24,"gold_loss":0},{"damage_healed":0,"gold_gain":100,"player_choice":"Pray","damage_taken":0,"max_hp_gain":0,"max_hp_loss":0,"event_name":"Golden Shrine","floor":30,"gold_loss":0},{"damage_healed":0,"gold_gain":0,"player_choice":"Max HP","damage_taken":0,"max_hp_gain":0,"max_hp_loss":4,"event_name":"Winding Halls","floor":36,"gold_loss":0},{"damage_healed":0,"gold_gain":0,"player_choice":"Ignored","damage_taken":0,"max_hp_gain":0,"max_hp_loss":0,"event_name":"SecretPortal","floor":37,"gold_loss":0}],"is_beta":false,"boss_relics":[{"not_picked":["Ectoplasm","Tiny House"],"picked":"WristBlade"},{"not_picked":["HoveringKite","Runic Dome"],"picked":"Runic Pyramid"}],"items_purged_floors":[3,20,22,38],"is_endless":false,"potions_floor_spawned":[1,4,11,12,16,18,24,29,31,33,39],"killed_by":"4 Shapes","ascension_level":3}