{"gold_per_floor":[119,138,152,152,152,193,193,226,226,247,247,261,17,17,17,110,110,131,33,33,33,33,69,69,18,18,53,53,413,413,86,86,184,184,198,213,231,251,111,111,132,175,175,85,7,7,38,61,61,61],"floor_reached":51,"playtime":1734,"items_purged":["Strike_R","Anger"],"score":1398,"play_id":"6d4bd141-e6eb-4a16-a7bc-e0b607994e27","local_time":"20190212212753","is_ascension_mode":true,"campfire_choices":[{"floor":7.0,"key":"REST"},{"data":"Bash","floor":15.0,"key":"SMITH"},{"data":"Armaments","floor":24.0,"key":"SMITH"},{"data":"Demon Form","floor":30.0,"key":"SMITH"},{"floor":32.0,"key":"REST"},{"data":"Double Tap","floor":40.0,"key":"SMITH"},{"floor":49,"key":"REST"}],"neow_cost":"NONE","seed_source_timestamp":14841318664700,"circlet_count":0,"master_deck":["AscendersBane","Strike_R+1","Strike_R+1","Strike_R+1","Strike_R+1","Defend_R+1","Defend_R+1","Defend_R+1","Defend_R+1","Bash+1","Double Tap+1","Inflame+1","Demon Form+1","Intimidate+1","Armaments+1","Disarm","Shrug It Off+1","Sword Boomerang","Sword Boomerang","Thunderclap+1","Pummel","Warcry+1","Disarm","Infernal Blade","Dark Shackles","Flame Barrier+1","Sword Boomerang"],"special_seed":0,"relics":["Burning Blood","Golden Idol","Mercury Hourglass","Self Forming Clay","Darkstone Periapt","FaceOfCleric","Paper Frog","FossilizedHelix","Cursed Key","Red Skull","Sundial","MutagenicStrength","Brimstone","Lizard Tail","Mummified Hand","Bird Faced Urn"],"potions_floor_usage":[50,50],"damage_taken":[{"damage":15.0,"enemies":"Cultist","floor":1.0,"turns":5.0},{"damage":3.0,"enemies":"2 Louse","floor":2.0,"turns":3.0},{"damage":7.0,"enemies":"Small Slimes","floor":3.0,"turns":4.0},{"damage":20.0,"enemies":"Lagavulin","floor":6.0,"turns":7.0},{"damage":23.0,"enemies":"3 Sentries","floor":8.0,"turns":7.0},{"damage":1.0,"enemies":"Looter","floor":10.0,"turns":4.0},{"damage":14.0,"enemies":"3 Louse","floor":12.0,"turns":3.0},{"damage":16.0,"enemies":"Hexaghost","floor":16.0,"turns":7.0},{"damage":14.0,"enemies":"Shell Parasite","floor":18.0,"turns":4.0},{"damage":12.0,"enemies":"Book of Stabbing","floor":23.0,"turns":6.0},{"damage":0.0,"enemies":"Gremlin Leader","floor":27.0,"turns":7.0},{"damage":4.0,"enemies":"Automaton","floor":33.0,"turns":5.0},{"damage":0.0,"enemies":"3 Shapes","floor":35.0,"turns":3.0},{"damage":0.0,"enemies":"Orb Walker","floor":36.0,"turns":2.0},{"damage":0.0,"enemies":"Transient","floor":37.0,"turns":5.0},{"damage":31.0,"enemies":"3 Darklings","floor":38.0,"turns":4.0},{"damage":25.0,"enemies":"Sphere and 2 Shapes","floor":41.0,"turns":4.0},{"damage":28.0,"enemies":"Reptomancer","floor":42.0,"turns":3.0},{"damage":0,"enemies":"Giant Head","floor":47,"turns":5},{"damage":0,"enemies":"Transient","floor":48,"turns":5},{"damage":80,"enemies":"Time Eater","floor":50,"turns":8}],"seed_played":"-7704108524822730248","potions_obtained":[{"floor":2.0,"key":"AttackPotion"},{"floor":10.0,"key":"Strength Potion"},{"floor":33.0,"key":"AttackPotion"},{"floor":36.0,"key":"Strength Potion"},{"floor":38.0,"key":"Ancient Potion"},{"floor":42.0,"key":"Fruit Juice"},{"floor":48,"key":"Block Potion"}],"is_trial":false,"path_per_floor":["M","M","M","?","?","E","R","E","T","M","?","M","$","T","R","B",null,"M","$","?","?","?","E","R","$","T","E","?","?","R","$","R","B",null,"M","M","M","M","$","R","M","E","T","?","$","?","E","M","R","B",null],"character_chosen":"IRONCLAD","items_purchased":["Paper Frog","Armaments","Block Potion","Brimstone","Sword Boomerang","EssenceOfSteel","Disarm","Infernal Blade"],"campfire_rested":3,"item_purchase_floors":[13,19,25,31,31,31,39,45],"current_hp_per_floor":[66,69,68,48,48,34,58,41,41,46,46,39,39,39,39,30,71,64,64,64,64,64,59,59,59,59,66,66,26,26,26,52,55,80,87,90,91,67,67,67,49,33,33,33,33,33,40,49,79,10],"gold":61,"neow_bonus":"TEN_PERCENT_HP_BONUS","is_prod":false,"is_daily":false,"chose_seed":false,"campfire_upgraded":4,"win_rate":0,"timestamp":1549999673,"path_taken":["M","M","M","?","?","E","R","E","T","?","?","M","$","?","R","BOSS","M","$","?","?","?","E","R","?","T","E","?","?","R","$","R","BOSS","M","M","?","M","$","R","M","E","T","?","?","?","E","M","R","BOSS"],"build_version":"2019-01-23","purchased_purges":2,"victory":true,"max_hp_per_floor":[82,82,82,82,82,82,82,82,82,82,82,83,83,83,83,84,84,85,85,85,85,85,86,86,86,86,87,87,87,87,87,87,88,88,89,90,91,92,92,92,93,99,99,99,99,99,100,101,101,102],"card_choices":[{"not_picked":["Thunderclap","Iron Wave"],"picked":"Anger","floor":1.0},{"not_picked":["Perfected Strike","Sword Boomerang","Clash"],"picked":"SKIP","floor":2.0},{"not_picked":["Thunderclap","Anger","Juggernaut"],"picked":"SKIP","floor":3.0},{"not_picked":["Flex","Perfected Strike"],"picked":"Metallicize","floor":6.0},{"not_picked":["Rupture","Bloodletting","Thunderclap"],"picked":"SKIP","floor":8.0},{"not_picked":["Cleave","Flex"],"picked":"Double Tap","floor":10.0},{"not_picked":["Headbutt","Searing Blow"],"picked":"Inflame","floor":12.0},{"not_picked":["Brutality","Berserk"],"picked":"Demon Form","floor":16.0},{"not_picked":["Thunderclap","Sword Boomerang"],"picked":"Intimidate+1","floor":18.0},{"not_picked":["Anger","Sever Soul"],"picked":"Shrug It Off+1","floor":23.0},{"not_picked":["Havoc","Iron Wave"],"picked":"Sword Boomerang","floor":27.0},{"not_picked":["Fire Breathing","Twin Strike"],"picked":"Thunderclap+1","floor":35.0},{"not_picked":["Cleave","True Grit"],"picked":"Pummel","floor":36.0},{"not_picked":["Armaments","Body Slam","Iron Wave+1"],"picked":"SKIP","floor":37.0},{"not_picked":["Perfected Strike","Armaments"],"picked":"Warcry+1","floor":38.0},{"not_picked":["Shrug It Off","Wild Strike","Anger"],"picked":"SKIP","floor":41.0},{"not_picked":["Pommel Strike+1","Fire Breathing","Carnage"],"picked":"SKIP","floor":42.0},{"not_picked":["Dramatic Entrance","Flash of Steel"],"picked":"Dark Shackles","floor":46},{"not_picked":["Immolate","Twin Strike"],"picked":"Flame Barrier+1","floor":47},{"not_picked":["Flex","Perfected Strike"],"picked":"Sword Boomerang","floor":48}],"player_experience":713576,"relics_obtained":[{"floor":6.0,"key":"Mercury Hourglass"},{"floor":8.0,"key":"Self Forming Clay"},{"floor":9.0,"key":"Darkstone Periapt"},{"floor":14.0,"key":"FossilizedHelix"},{"floor":23.0,"key":"Red Skull"},{"floor":27.0,"key":"Sundial"},{"floor":42.0,"key":"Mummified Hand"},{"floor":47,"key":"Bird Faced Urn"}],"event_choices":[{"damage_healed":0.0,"max_hp_gain":0.0,"max_hp_loss":0.0,"gold_gain":0.0,"event_name":"Golden Idol","player_choice":"Take Damage","floor":4.0,"gold_loss":0.0,"damage_taken":20.0,"relics_obtained":["Golden Idol"]},{"damage_healed":0.0,"max_hp_gain":0.0,"max_hp_loss":0.0,"gold_gain":0.0,"event_name":"Match and Keep!","player_choice":"0 cards matched","floor":5.0,"gold_loss":0.0,"damage_taken":0.0,"cards_obtained":[]},{"damage_healed":0.0,"max_hp_gain":0.0,"max_hp_loss":0.0,"gold_gain":0.0,"event_name":"FaceTrader","player_choice":"Trade","floor":11.0,"gold_loss":0.0,"damage_taken":0.0,"relics_obtained":["FaceOfCleric"]},{"damage_healed":0.0,"max_hp_gain":0.0,"max_hp_loss":0.0,"gold_gain":0.0,"event_name":"Beggar","player_choice":"Ignored","floor":20.0,"gold_loss":0.0,"damage_taken":0.0},{"damage_healed":0.0,"max_hp_gain":0.0,"max_hp_loss":0.0,"gold_gain":0.0,"event_name":"The Library","player_choice":"Read","floor":21.0,"gold_loss":0.0,"damage_taken":0.0,"cards_obtained":["Disarm"]},{"damage_healed":0.0,"max_hp_gain":0.0,"max_hp_loss":0.0,"gold_gain":0.0,"event_name":"Back to Basics","player_choice":"Simplicity","floor":22.0,"gold_loss":0.0,"damage_taken":0.0,"cards_upgraded":["Strike_R","Strike_R","Strike_R","Strike_R","Defend_R","Defend_R","Defend_R","Defend_R"]},{"damage_healed":0.0,"max_hp_gain":0.0,"max_hp_loss":0.0,"gold_gain":0.0,"event_name":"Drug Dealer","player_choice":"Inject Mutagens","floor":28.0,"gold_loss":0.0,"damage_taken":0.0,"relics_obtained":["MutagenicStrength"]},{"damage_healed":0.0,"max_hp_gain":0.0,"max_hp_loss":0.0,"gold_gain":360.0,"event_name":"Knowing Skull","player_choice":"GOLD GOLD GOLD GOLD ","floor":29.0,"potions_obtained":[],"gold_loss":0.0,"damage_taken":40.0,"cards_obtained":[]},{"cards_removed":["Metallicize"],"damage_healed":0,"gold_gain":0,"player_choice":"Upgrade and Remove","damage_taken":0,"max_hp_gain":0,"max_hp_loss":0,"event_name":"Designer","floor":44,"gold_loss":90,"cards_upgraded":["Inflame"]},{"damage_healed":0,"gold_gain":0,"player_choice":"Memory 1","damage_taken":0,"max_hp_gain":0,"max_hp_loss":0,"event_name":"SensoryStone","floor":46,"gold_loss":0}],"is_beta":false,"boss_relics":[{"not_picked":["Runic Cube","Black Blood"],"picked":"Cursed Key"},{"not_picked":["Eternal Feather","Orrery"],"picked":"Lizard Tail"}],"items_purged_floors":[19,39],"is_endless":false,"potions_floor_spawned":[2,10,33,36,38,42,48],"ascension_level":14}