{"gold_per_floor":[117,128,203,102,102,102,134,134,184,197,232,49,49,63,63,158,158,172,172,190,121,121,153,173,206,206,206,206,34,34,50,50,152,152,169,169,181,27,27,60,60,72,72,92,123,123,133,162,162,162,162,162,11,42,42],"floor_reached":55,"playtime":3707,"items_purged":["Strike_R","Strike_R","Strike_R"],"score":866,"play_id":"8c54cda1-051b-410f-9f84-746cdb75a309","local_time":"20190112003315","is_ascension_mode":true,"campfire_choices":[{"data":"Cleave","floor":6.0,"key":"SMITH"},{"data":"Limit Break","floor":8.0,"key":"SMITH"},{"data":"Flex","floor":15.0,"key":"SMITH"},{"floor":28.0,"key":"REST"},{"data":"Uppercut","floor":30.0,"key":"SMITH"},{"data":"Heavy Blade","floor":32.0,"key":"SMITH"},{"floor":41.0,"key":"RECALL"},{"data":"Demon Form","floor":46.0,"key":"SMITH"},{"floor":49.0,"key":"REST"},{"data":"Sword Boomerang","floor":52.0,"key":"SMITH"}],"neow_cost":"NONE","seed_source_timestamp":166275987491970,"circlet_count":0,"master_deck":["Defend_R","Defend_R","Defend_R","Defend_R","Bash+1","Shrug It Off","Headbutt","Cleave+1","Limit Break+1","Spot Weakness","Whirlwind","Pommel Strike","Shockwave","Flex+1","Shrug It Off","Evolve","Sword Boomerang+1","Heavy Blade+1","Uppercut+1","Metallicize+1","Sword Boomerang","Demon Form+1","Warcry+1","Madness","Madness","Fire Breathing+1"],"special_seed":0,"relics":["Black Blood","Red Skull","Dream Catcher","Bird Faced Urn","Mark of Pain","MutagenicStrength","Pen Nib","Bottled Tornado","Strawberry","Happy Flower","FossilizedHelix","Blue Candle","Potion Belt","Bag of Preparation","Mango"],"potions_floor_usage":[55],"damage_taken":[{"damage":0.0,"enemies":"2 Louse","floor":1.0,"turns":3.0},{"damage":0.0,"enemies":"Small Slimes","floor":2.0,"turns":4.0},{"damage":20.0,"enemies":"Gremlin Nob","floor":7.0,"turns":4.0},{"damage":0.0,"enemies":"Cultist","floor":10.0,"turns":2.0},{"damage":19.0,"enemies":"3 Sentries","floor":11.0,"turns":5.0},{"damage":1.0,"enemies":"Exordium Thugs","floor":14.0,"turns":3.0},{"damage":11.0,"enemies":"Slime Boss","floor":16.0,"turns":7.0},{"damage":2.0,"enemies":"3 Byrds","floor":18.0,"turns":4.0},{"damage":22.0,"enemies":"2 Thieves","floor":20.0,"turns":3.0},{"damage":21.0,"enemies":"Gremlin Leader","floor":23.0,"turns":5.0},{"damage":20.0,"enemies":"Centurion and Healer","floor":24.0,"turns":2.0},{"damage":20.0,"enemies":"Book of Stabbing","floor":25.0,"turns":3.0},{"damage":6.0,"enemies":"3 Cultists","floor":31.0,"turns":3.0},{"damage":13.0,"enemies":"Automaton","floor":33.0,"turns":5.0},{"damage":10.0,"enemies":"Orb Walker","floor":35.0,"turns":2.0},{"damage":20.0,"enemies":"3 Shapes","floor":37.0,"turns":13.0},{"damage":38.0,"enemies":"Nemesis","floor":40.0,"turns":3.0},{"damage":15.0,"enemies":"Maw","floor":42.0,"turns":6.0},{"damage":5.0,"enemies":"Writhing Mass","floor":44.0,"turns":5.0},{"damage":29.0,"enemies":"Reptomancer","floor":45.0,"turns":6.0},{"damage":19.0,"enemies":"3 Darklings","floor":47.0,"turns":3.0},{"damage":0.0,"enemies":"Nemesis","floor":48.0,"turns":5.0},{"damage":74.0,"enemies":"Time Eater","floor":50.0,"turns":6.0},{"damage":35,"enemies":"Shield and Spear","floor":54,"turns":5},{"damage":88,"enemies":"The Heart","floor":55,"turns":5}],"seed_played":"8272967742270577236","potions_obtained":[{"floor":2.0,"key":"SteroidPotion"},{"floor":7.0,"key":"PowerPotion"},{"floor":14.0,"key":"Block Potion"},{"floor":20.0,"key":"BloodPotion"},{"floor":31.0,"key":"Energy Potion"},{"floor":40.0,"key":"Ancient Potion"},{"floor":42.0,"key":"SkillPotion"}],"is_trial":false,"path_per_floor":["M","M","?","$","?","R","E","R","T","M","E","$","?","M","R","B",null,"M","?","M","$","?","E","M","E","T","?","R","$","R","M","R","B",null,"M","?","M","$","?","E","R","M","T","M","E","R","M","E","R","B",null,"R","$","E","B"],"character_chosen":"IRONCLAD","items_purchased":["Cleave","Pommel Strike","Shockwave","Evolve","Sword Boomerang","Happy Flower","Bag of Preparation"],"campfire_rested":2,"item_purchase_floors":[4,12,12,21,29,38,53],"current_hp_per_floor":[80,80,69,69,69,69,55,55,55,61,48,48,41,46,46,41,80,80,80,64,64,64,51,37,33,40,24,50,50,50,52,52,47,87,87,76,72,72,72,46,46,47,47,56,41,41,36,54,80,24,87,87,87,80,0],"gold":42,"neow_bonus":"REMOVE_CARD","is_prod":false,"is_daily":false,"chose_seed":false,"campfire_upgraded":7,"win_rate":0,"timestamp":1547249595,"path_taken":["M","M","?","$","?","R","E","R","T","?","E","?","?","M","R","BOSS","M","?","M","$","?","E","M","E","T","?","R","$","R","M","R","BOSS","M","?","M","$","?","E","R","M","T","M","E","R","M","E","R","BOSS","R","$","E","BOSS"],"build_version":"2019-01-10","purchased_purges":3,"victory":false,"max_hp_per_floor":[80,80,80,80,80,80,80,80,80,80,80,80,80,80,80,80,80,80,80,80,80,80,80,80,80,87,87,87,87,87,87,87,87,87,87,87,87,87,87,87,87,87,87,87,87,87,87,87,87,87,87,87,87,101,101],"card_choices":[{"not_picked":["Infernal Blade","Rage"],"picked":"Shrug It Off","floor":1.0},{"not_picked":["Seeing Red","Thunderclap"],"picked":"Headbutt","floor":2.0},{"not_picked":["Perfected Strike","Cleave"],"picked":"Limit Break","floor":7.0},{"not_picked":["Heavy Blade","Armaments"],"picked":"Spot Weakness","floor":10.0},{"not_picked":["Power Through","Shrug It Off"],"picked":"Whirlwind","floor":11.0},{"not_picked":["Anger","Evolve"],"picked":"Flex","floor":14.0},{"not_picked":["Cleave","Iron Wave"],"picked":"Shrug It Off","floor":18.0},{"not_picked":["Anger+1","Wild Strike","Combust"],"picked":"SKIP","floor":20.0},{"not_picked":["Body Slam","Rage"],"picked":"Heavy Blade","floor":23.0},{"not_picked":["Evolve","Fire Breathing","Reckless Charge"],"picked":"SKIP","floor":24.0},{"not_picked":["Berserk","True Grit"],"picked":"Uppercut","floor":25.0},{"not_picked":["Havoc","Rupture+1"],"picked":"Metallicize+1","floor":28.0},{"not_picked":["Armaments+1","True Grit","Spot Weakness"],"picked":"SKIP","floor":31.0},{"not_picked":["Exhume","Bludgeon"],"picked":"Demon Form","floor":33.0},{"not_picked":["Heavy Blade+1","True Grit"],"picked":"Warcry+1","floor":35.0},{"not_picked":["Combust+1","Cleave+1","Blood for Blood"],"picked":"SKIP","floor":37.0},{"not_picked":["Armaments+1","Headbutt+1","Pommel Strike+1"],"picked":"SKIP","floor":40.0},{"not_picked":["Warcry","Havoc","Shockwave"],"picked":"SKIP","floor":42.0},{"not_picked":["Twin Strike+1","Pommel Strike","Wild Strike+1"],"picked":"SKIP","floor":44.0},{"not_picked":["Sentinel","Corruption+1"],"picked":"Fire Breathing+1","floor":45.0},{"not_picked":["Thunderclap","Carnage","Perfected Strike"],"picked":"SKIP","floor":47.0},{"not_picked":["Berserk","Headbutt","Fire Breathing"],"picked":"SKIP","floor":48.0},{"not_picked":["Infernal Blade","Exhume","Corruption"],"picked":"SKIP","floor":54}],"player_experience":255624,"relics_obtained":[{"floor":7.0,"key":"Red Skull"},{"floor":9.0,"key":"Dream Catcher"},{"floor":11.0,"key":"Bird Faced Urn"},{"floor":23.0,"key":"Pen Nib"},{"floor":25.0,"key":"Bottled Tornado"},{"floor":26.0,"key":"Strawberry"},{"floor":40.0,"key":"FossilizedHelix"},{"floor":45.0,"key":"Blue Candle"},{"floor":48.0,"key":"Potion Belt"},{"floor":54,"key":"Mango"}],"event_choices":[{"damage_healed":0.0,"max_hp_gain":0.0,"max_hp_loss":0.0,"gold_gain":75.0,"event_name":"World of Goop","player_choice":"Gather Gold","floor":3.0,"gold_loss":0.0,"damage_taken":11.0},{"damage_healed":0.0,"max_hp_gain":0.0,"max_hp_loss":0.0,"gold_gain":0.0,"event_name":"Upgrade Shrine","player_choice":"Upgraded","floor":5.0,"gold_loss":0.0,"damage_taken":0.0,"cards_upgraded":["Bash"]},{"cards_removed":["Strike_R"],"damage_healed":0.0,"max_hp_gain":0.0,"max_hp_loss":0.0,"gold_gain":0.0,"event_name":"Golden Wing","player_choice":"Card Removal","floor":13.0,"gold_loss":0.0,"damage_taken":7.0},{"damage_healed":0.0,"max_hp_gain":0.0,"max_hp_loss":0.0,"gold_gain":0.0,"event_name":"Drug Dealer","player_choice":"Inject Mutagens","floor":19.0,"gold_loss":0.0,"damage_taken":0.0,"relics_obtained":["MutagenicStrength"]},{"damage_healed":0.0,"max_hp_gain":0.0,"max_hp_loss":0.0,"gold_gain":0.0,"event_name":"The Library","player_choice":"Read","floor":22.0,"gold_loss":0.0,"damage_taken":0.0,"cards_obtained":["Sword Boomerang"]},{"damage_healed":0.0,"max_hp_gain":0.0,"max_hp_loss":0.0,"gold_gain":0.0,"event_name":"Cursed Tome","player_choice":"Obtained Book","floor":27.0,"gold_loss":0.0,"damage_taken":16.0},{"damage_healed":0.0,"max_hp_gain":0.0,"max_hp_loss":0.0,"gold_gain":0.0,"event_name":"Winding Halls","player_choice":"Embrace Madness","floor":36.0,"gold_loss":0.0,"damage_taken":11.0,"cards_obtained":["Madness","Madness"]},{"damage_healed":0.0,"max_hp_gain":0.0,"max_hp_loss":0.0,"gold_gain":0.0,"event_name":"Mysterious Sphere","player_choice":"Ignored","floor":39.0,"gold_loss":0.0,"damage_taken":0.0}],"is_beta":false,"boss_relics":[{"not_picked":["Calling Bell","Runic Pyramid"],"picked":"Mark of Pain"},{"not_picked":["Orrery","Pandora\u0027s Box"],"picked":"Black Blood"}],"items_purged_floors":[4,12,29],"is_endless":false,"potions_floor_spawned":[2,7,14,20,23,24,31,40,42],"killed_by":"The Heart","ascension_level":1}