{"gold_per_floor":[114,129,34,49,49,49,64,94,169,169,199,214,244,259,259,359,359,374,389,404,419,434,464,479,479,504,554,554,584,683,252,252,352,352,367,367,367,467,51,51,51,381,381,381,381,396,396,438,438,438],"floor_reached":51,"playtime":3582,"items_purged":[],"score":908,"play_id":"56496788-ffd0-487e-80aa-2937384239d6","local_time":"20190113034407","daily_mods":["Allstar","Vintage","Terminal"],"is_ascension_mode":false,"campfire_choices":[{"data":"Streamline","floor":6.0,"key":"SMITH"},{"data":"Sunder","floor":15.0,"key":"SMITH"},{"data":"Chaos","floor":25.0,"key":"SMITH"},{"data":"Darkness","floor":32.0,"key":"SMITH"},{"data":"Barrage","floor":40.0,"key":"SMITH"},{"data":"Hologram","floor":44.0,"key":"SMITH"},{"data":"Rainbow","floor":47.0,"key":"SMITH"},{"data":"Glacier","floor":49.0,"key":"SMITH"}],"neow_cost":"","seed_source_timestamp":0,"circlet_count":0,"master_deck":["Defend_B","Defend_B","Defend_B","Defend_B+1","Zap","Dualcast","Enlightenment+1","Dramatic Entrance+1","Blind+1","Jack Of All Trades","Dramatic Entrance","Streamline+1","Doom and Gloom","Redo","Sunder+1","Glacier+1","Rainbow+1","Chaos+1","Bite","Bite","Bite","Bite","Reboot","Hologram+1","Darkness+1","Electrodynamics+1","Redo","Loop+1","Barrage+1","Panache+1","Coolheaded+1"],"special_seed":17909,"relics":["Cracked Core","Bronze Scales","Anchor","Symbiotic Virus","Ornamental Fan","Omamori","Sundial","Matryoshka","War Paint","Vajra","Mango","Dodecahedron","Nuclear Battery","Whetstone","Oddly Smooth Stone","Frozen Egg 2","Ancient Tea Set","Calipers","Gremlin Horn","Bottled Lightning","Pen Nib","Singing Bowl","Juzu Bracelet","Strawberry","Bag of Marbles","Runic Capacitor","Runic Pyramid","Pear","Shovel","FossilizedHelix","Old Coin","Bottled Tornado","CultistMask","Lantern","Gambling Chip"],"potions_floor_usage":[50,50],"damage_taken":[{"damage":0.0,"enemies":"Small Slimes","floor":1.0,"turns":2.0},{"damage":0.0,"enemies":"Cultist","floor":2.0,"turns":2.0},{"damage":0.0,"enemies":"2 Louse","floor":4.0,"turns":1.0},{"damage":0.0,"enemies":"Gremlin Gang","floor":7.0,"turns":2.0},{"damage":0.0,"enemies":"3 Sentries","floor":8.0,"turns":5.0},{"damage":17.0,"enemies":"Lagavulin","floor":11.0,"turns":4.0},{"damage":0.0,"enemies":"2 Fungi Beasts","floor":12.0,"turns":2.0},{"damage":13.0,"enemies":"Gremlin Nob","floor":13.0,"turns":4.0},{"damage":0.0,"enemies":"Blue Slaver","floor":14.0,"turns":2.0},{"damage":13.0,"enemies":"Slime Boss","floor":16.0,"turns":7.0},{"damage":0.0,"enemies":"2 Thieves","floor":18.0,"turns":2.0},{"damage":0.0,"enemies":"3 Byrds","floor":19.0,"turns":2.0},{"damage":0.0,"enemies":"Snake Plant","floor":20.0,"turns":2.0},{"damage":0.0,"enemies":"Cultist and Chosen","floor":21.0,"turns":3.0},{"damage":0.0,"enemies":"Shelled Parasite and Fungi","floor":22.0,"turns":2.0},{"damage":0.0,"enemies":"Book of Stabbing","floor":23.0,"turns":3.0},{"damage":5.0,"enemies":"Centurion and Healer","floor":24.0,"turns":4.0},{"damage":0.0,"enemies":"Gremlin Leader","floor":29.0,"turns":4.0},{"damage":28.0,"enemies":"Champ","floor":33.0,"turns":9.0},{"damage":0.0,"enemies":"3 Shapes","floor":35.0,"turns":2.0},{"damage":0.0,"enemies":"Mind Bloom Boss Battle","floor":38.0,"turns":3.0},{"damage":0.0,"enemies":"Giant Head","floor":42.0,"turns":6.0},{"damage":0.0,"enemies":"3 Darklings","floor":46.0,"turns":1.0},{"damage":0.0,"enemies":"2 Orb Walkers","floor":48.0,"turns":2.0},{"damage":15,"enemies":"Awakened One","floor":50,"turns":9}],"seed_played":"-9145318416937267474","potions_obtained":[{"floor":2.0,"key":"Poison Potion"},{"floor":4.0,"key":"Energy Potion"},{"floor":11.0,"key":"Weak Potion"},{"floor":14.0,"key":"Energy Potion"},{"floor":16.0,"key":"Block Potion"},{"floor":19.0,"key":"SpeedPotion"},{"floor":20.0,"key":"FairyPotion"},{"floor":22.0,"key":"Explosive Potion"},{"floor":24.0,"key":"EssenceOfSteel"},{"floor":35.0,"key":"SkillPotion"},{"floor":48.0,"key":"Block Potion"}],"is_trial":false,"path_per_floor":["M","M","$","M","?","R","M","E","T","?","E","M","E","M","R","B",null,"M","M","M","M","M","E","M","R","T","T","?","E","?","$","R","B",null,"M","?","?","?","$","R","?","E","T","R","?","M","R","?","R","B",null],"character_chosen":"DEFECT","items_purchased":["Streamline","Doom and Gloom","Hologram","Bag of Marbles","Runic Capacitor","Darkness","FossilizedHelix","Loop+1","Barrage"],"campfire_rested":0,"item_purchase_floors":[3,3,31,31,31,31,39,39,39],"current_hp_per_floor":[73,72,71,70,69,68,67,66,65,64,47,47,48,48,48,35,71,70,69,68,67,66,65,60,60,60,60,60,66,65,64,63,35,61,70,69,68,67,66,65,64,65,64,63,62,61,60,59,58,47],"gold":438,"neow_bonus":"","is_prod":false,"is_daily":true,"chose_seed":false,"campfire_upgraded":8,"win_rate":0,"timestamp":1547347447,"path_taken":["M","M","$","M","?","R","?","E","T","?","E","M","E","M","R","BOSS","M","M","M","M","M","E","M","R","T","?","?","E","?","$","R","BOSS","M","?","?","?","$","R","?","E","T","R","?","M","R","?","R","BOSS"],"build_version":"2019-01-10","purchased_purges":0,"victory":true,"max_hp_per_floor":[73,72,71,70,69,68,67,66,65,64,63,62,75,74,73,72,71,70,69,68,67,66,65,64,63,62,61,60,66,65,64,63,62,61,70,69,68,67,66,65,64,65,64,63,62,61,60,59,58,57],"card_choices":[{"not_picked":["Turbo","Storm"],"picked":"Redo","floor":8.0},{"not_picked":["BootSequence","Redo"],"picked":"Sunder","floor":11.0},{"not_picked":["Biased Cognition","Cold Snap"],"picked":"Glacier","floor":13.0},{"not_picked":["Electrodynamics","Biased Cognition"],"picked":"Rainbow","floor":16.0},{"not_picked":["All For One","Lockon"],"picked":"Chaos","floor":23.0},{"not_picked":["Melter","Coolheaded"],"picked":"Reboot","floor":29.0},{"not_picked":["Thunder Strike","Meteor Strike"],"picked":"Electrodynamics+1","floor":33.0},{"not_picked":["Blizzard+1","Sweeping Beam"],"picked":"Redo","floor":38.0},{"not_picked":["Enlightenment","Deep Breath"],"picked":"Panache+1","floor":41.0},{"not_picked":["Genetic Algorithm+1","Sweeping Beam","Hello World+1"],"picked":"Singing Bowl","floor":42.0},{"not_picked":["Streamline","Redo+1"],"picked":"Coolheaded+1","floor":48.0}],"player_experience":263061,"relics_obtained":[{"floor":1.0,"key":"Bronze Scales"},{"floor":2.0,"key":"Anchor"},{"floor":4.0,"key":"Symbiotic Virus"},{"floor":7.0,"key":"Omamori"},{"floor":8.0,"key":"Sundial"},{"floor":9.0,"key":"Matryoshka"},{"floor":11.0,"key":"War Paint"},{"floor":12.0,"key":"Vajra"},{"floor":13.0,"key":"Mango"},{"floor":14.0,"key":"Dodecahedron"},{"floor":18.0,"key":"Whetstone"},{"floor":19.0,"key":"Oddly Smooth Stone"},{"floor":20.0,"key":"Frozen Egg 2"},{"floor":21.0,"key":"Blood Vial"},{"floor":22.0,"key":"Ancient Tea Set"},{"floor":23.0,"key":"Calipers"},{"floor":24.0,"key":"Gremlin Horn"},{"floor":26.0,"key":"Bottled Lightning"},{"floor":26.0,"key":"Pen Nib"},{"floor":27.0,"key":"Singing Bowl"},{"floor":27.0,"key":"Juzu Bracelet"},{"floor":29.0,"key":"Strawberry"},{"floor":35.0,"key":"Pear"},{"floor":38.0,"key":"Shovel"},{"floor":42.0,"key":"Old Coin"},{"floor":43.0,"key":"Bottled Tornado"},{"floor":46.0,"key":"Lantern"},{"floor":48.0,"key":"Gambling Chip"}],"event_choices":[{"damage_healed":0.0,"max_hp_gain":0.0,"max_hp_loss":0.0,"gold_gain":0.0,"event_name":"WeMeetAgain","player_choice":"Gave Potion","floor":5.0,"gold_loss":0.0,"damage_taken":0.0,"relics_obtained":["Ornamental Fan"]},{"damage_healed":0.0,"max_hp_gain":0.0,"max_hp_loss":0.0,"gold_gain":0.0,"event_name":"Upgrade Shrine","player_choice":"Upgraded","floor":10.0,"gold_loss":0.0,"damage_taken":0.0,"cards_upgraded":["Blind"]},{"damage_healed":0.0,"max_hp_gain":0.0,"max_hp_loss":0.0,"gold_gain":0.0,"event_name":"Vampires","player_choice":"Became a vampire (Vial)","floor":28.0,"relics_lost":["Blood Vial"],"gold_loss":0.0,"damage_taken":0.0,"cards_obtained":["Bite","Bite","Bite","Bite","Bite"]},{"damage_healed":0.0,"max_hp_gain":0.0,"max_hp_loss":0.0,"gold_gain":99.0,"event_name":"Nest","player_choice":"Stole From Cult","floor":30.0,"gold_loss":0.0,"damage_taken":0.0},{"cards_removed":["Bite"],"damage_healed":0.0,"max_hp_gain":0.0,"max_hp_loss":0.0,"gold_gain":0.0,"event_name":"Purifier","player_choice":"Purged","floor":36.0,"gold_loss":0.0,"damage_taken":0.0},{"damage_healed":0.0,"max_hp_gain":0.0,"max_hp_loss":0.0,"gold_gain":0.0,"event_name":"Tomb of Lord Red Mask","player_choice":"Ignored","floor":37.0,"gold_loss":0.0,"damage_taken":0.0},{"damage_healed":0.0,"max_hp_gain":0.0,"max_hp_loss":0.0,"gold_gain":0.0,"event_name":"MindBloom","player_choice":"Fight","floor":38.0,"gold_loss":0.0,"damage_taken":0.0},{"damage_healed":0.0,"max_hp_gain":0.0,"max_hp_loss":0.0,"gold_gain":0.0,"event_name":"SensoryStone","player_choice":"Memory 1","floor":41.0,"gold_loss":0.0,"damage_taken":0.0},{"damage_healed":0.0,"max_hp_gain":0.0,"max_hp_loss":0.0,"gold_gain":0.0,"event_name":"FaceTrader","player_choice":"Trade","floor":45.0,"gold_loss":0.0,"damage_taken":0.0,"relics_obtained":["CultistMask"]},{"damage_healed":0.0,"max_hp_gain":0.0,"max_hp_loss":0.0,"gold_gain":0.0,"event_name":"Mysterious Sphere","player_choice":"Fight","floor":48.0,"gold_loss":0.0,"damage_taken":0.0}],"is_beta":false,"boss_relics":[{"not_picked":["Busted Crown","Philosopher\u0027s Stone"],"picked":"Nuclear Battery"},{"not_picked":["Coffee Dripper","Lizard Tail"],"picked":"Runic Pyramid"}],"items_purged_floors":[],"is_endless":false,"potions_floor_spawned":[2,4,11,14,16,19,20,21,22,24,35,48],"ascension_level":0}