{"gold_per_floor":[113,132,207,218,24,56,56,69,92,92,123,123,136,156,156,156],"floor_reached":16,"playtime":470,"items_purged":[],"score":190,"play_id":"39d059ce-5045-4f95-b57d-353bd78d320e","local_time":"20190212202545","is_ascension_mode":true,"campfire_choices":[{"data":"Apotheosis","floor":7,"key":"SMITH"},{"floor":15,"key":"REST"}],"neow_cost":"TEN_PERCENT_HP_LOSS","seed_source_timestamp":12407772952500,"circlet_count":0,"master_deck":["AscendersBane","Strike_R","Strike_R","Strike_R","Strike_R","Strike_R","Defend_R","Defend_R","Defend_R","Defend_R","Bash","Cleave","Infernal Blade","Shrug It Off","Apotheosis+1","Sword Boomerang","True Grit","Infernal Blade"],"relics":["Burning Blood","Mango","Smiling Mask","Anchor","Golden Idol","Orichalcum"],"potions_floor_usage":[6,16,16,16,16],"damage_taken":[{"damage":1,"enemies":"Cultist","floor":1,"turns":4},{"damage":13,"enemies":"Jaw Worm","floor":2,"turns":5},{"damage":12,"enemies":"Small Slimes","floor":4,"turns":3},{"damage":35,"enemies":"Lagavulin","floor":6,"turns":5},{"damage":7,"enemies":"2 Fungi Beasts","floor":8,"turns":3},{"damage":11,"enemies":"3 Sentries","floor":11,"turns":5},{"damage":6,"enemies":"Large Slime","floor":13,"turns":8},{"damage":0,"enemies":"Exordium Thugs","floor":14,"turns":3},{"damage":49,"enemies":"Hexaghost","floor":16,"turns":9}],"seed_played":"8999536848421142598","potions_obtained":[{"floor":2,"key":"Ancient Potion"},{"floor":4,"key":"Regen Potion"},{"floor":14,"key":"EntropicBrew"}],"is_trial":false,"path_per_floor":["M","M","?","M","$","E","R","M","T","?","E","?","M","M","R","B"],"character_chosen":"IRONCLAD","items_purchased":["Apotheosis"],"campfire_rested":1,"item_purchase_floors":[5],"current_hp_per_floor":[82,75,67,61,61,44,44,43,43,23,18,18,18,24,48,0],"gold":156,"neow_bonus":"ONE_RARE_RELIC","is_prod":false,"is_daily":false,"chose_seed":false,"campfire_upgraded":1,"win_rate":0,"timestamp":1549995945,"path_taken":["M","M","?","M","$","E","R","?","T","?","E","?","M","M","R","BOSS"],"build_version":"2019-01-23","purchased_purges":0,"victory":false,"max_hp_per_floor":[82,82,82,82,82,82,82,82,82,82,82,82,82,82,82,82],"card_choices":[{"not_picked":["Twin Strike","Fire Breathing"],"picked":"Cleave","floor":1},{"not_picked":["Armaments","Corruption"],"picked":"Infernal Blade","floor":2},{"not_picked":["Iron Wave","Thunderclap"],"picked":"Shrug It Off","floor":4},{"not_picked":["Brutality","Iron Wave","Juggernaut"],"picked":"SKIP","floor":6},{"not_picked":["Dual Wield","Body Slam"],"picked":"Sword Boomerang","floor":8},{"not_picked":["Shrug It Off","Perfected Strike"],"picked":"True Grit","floor":11},{"not_picked":["Entrench","Perfected Strike"],"picked":"Infernal Blade","floor":13},{"not_picked":["Pommel Strike","Warcry","Body Slam"],"picked":"SKIP","floor":14}],"player_experience":711230,"relics_obtained":[{"floor":6,"key":"Smiling Mask"},{"floor":9,"key":"Anchor"},{"floor":11,"key":"Orichalcum"}],"event_choices":[{"damage_healed":0,"gold_gain":75,"player_choice":"Touch","damage_taken":8,"max_hp_gain":0,"max_hp_loss":0,"event_name":"FaceTrader","floor":3,"gold_loss":0},{"damage_healed":0,"gold_gain":0,"player_choice":"Take Damage","damage_taken":20,"relics_obtained":["Golden Idol"],"max_hp_gain":0,"max_hp_loss":0,"event_name":"Golden Idol","floor":10,"gold_loss":0},{"damage_healed":0,"gold_gain":0,"player_choice":"Fled","damage_taken":0,"max_hp_gain":0,"max_hp_loss":0,"event_name":"Scrap Ooze","floor":12,"gold_loss":0}],"is_beta":false,"boss_relics":[],"items_purged_floors":[],"is_endless":false,"potions_floor_spawned":[2,4,14],"killed_by":"Hexaghost","ascension_level":14}