{"gold_per_floor":[99,114,129,144,144,159,174,189,189,204,219,234,60,75,75,175,175,190,205,220,235,153,153,183,198,273,288,303,303,328,343,343,443,443,458,473,488,523,523,553,568,568,568,583,598,613,613,628,628,628],"floor_reached":50,"playtime":3903,"items_purged":[],"score":704,"play_id":"c89ee187-38a2-414a-8521-c54a22a60be0","local_time":"20190102014509","daily_mods":["Insanity","Colorless Cards","Terminal"],"is_ascension_mode":false,"campfire_choices":[{"data":"Mind Blast","floor":15,"key":"SMITH"},{"data":"Secret Weapon","floor":23,"key":"SMITH"},{"data":"Infinite Blades","floor":29,"key":"SMITH"},{"data":"Concentrate","floor":32,"key":"SMITH"},{"data":"Prepared","floor":49,"key":"SMITH"}],"neow_cost":"","seed_source_timestamp":0,"circlet_count":0,"master_deck":["Dagger Spray","Deadly Poison","Acrobatics","Slice","Expertise","PiercingWail","Blade Dance","Deflect","Finisher","Expertise","Mind Blast+1","Sucker Punch","Leg Sweep","Dodge and Roll","PanicButton","Jack Of All Trades","PiercingWail","Terror","Bane","Acrobatics","Deadly Poison","Cloak And Dagger","Dagger Throw","Flying Knee","Deadly Poison","PiercingWail","Masterful Stab","Caltrops","Dodge and Roll","Well Laid Plans","All Out Attack","Infinite Blades","Deflect","Quick Slash","Dodge and Roll","Slice","Trip","PiercingWail","Quick Slash","Calculated Gamble","Skewer","Good Instincts","Infinite Blades+1","Bane","Underhanded Strike","Crippling Poison","Underhanded Strike","Cloak And Dagger","Leg Sweep","Discovery","Concentrate+1","Acrobatics","Dagger Throw","Underhanded Strike","Secret Weapon+1","Blade Dance","Underhanded Strike","Noxious Fumes","Flash of Steel","Slice","Bullet Time","Mayhem","Sucker Punch","Cloak And Dagger+1","Tactician+1","Dagger Throw","Bandage Up","Bandage Up+1","Backflip+1","Blade Dance+1","Bandage Up+1","Acrobatics+1","Panache","Prepared+1","Backstab+1","Choke+1","Impatience+1","Forethought","Flash of Steel","Backflip+1","Madness","Madness","Shame","Secret Weapon","Underhanded Strike+1","Distraction+1","Cloak And Dagger+1","Adrenaline","Dramatic Entrance","Underhanded Strike+1"],"special_seed":17898,"relics":["Ring of the Snake","Meat on the Bone","Boot","Sozu","Regal Pillow","Darkstone Periapt","Blood Vial","Cursed Key","Thread and Needle","Tingsha","Prayer Wheel"],"potions_floor_usage":[16,33,33],"damage_taken":[{"damage":0,"enemies":"Jaw Worm","floor":1,"turns":1},{"damage":0,"enemies":"Cultist","floor":2,"turns":1},{"damage":0,"enemies":"2 Louse","floor":3,"turns":2},{"damage":0,"enemies":"2 Fungi Beasts","floor":4,"turns":2},{"damage":0,"enemies":"Blue Slaver","floor":6,"turns":1},{"damage":0,"enemies":"Exordium Wildlife","floor":7,"turns":2},{"damage":0,"enemies":"Lots of Slimes","floor":8,"turns":3},{"damage":0,"enemies":"Looter","floor":10,"turns":1},{"damage":2,"enemies":"Gremlin Gang","floor":11,"turns":4},{"damage":0,"enemies":"Large Slime","floor":12,"turns":2},{"damage":0,"enemies":"Red Slaver","floor":14,"turns":1},{"damage":38,"enemies":"The Guardian","floor":16,"turns":7},{"damage":0,"enemies":"Shell Parasite","floor":18,"turns":2},{"damage":0,"enemies":"3 Byrds","floor":19,"turns":3},{"damage":9,"enemies":"Centurion and Healer","floor":20,"turns":4},{"damage":0,"enemies":"3 Cultists","floor":21,"turns":4},{"damage":6,"enemies":"Slavers","floor":24,"turns":3},{"damage":0,"enemies":"Shelled Parasite and Fungi","floor":25,"turns":2},{"damage":0,"enemies":"Snake Plant","floor":27,"turns":1},{"damage":0,"enemies":"Cultist and Chosen","floor":28,"turns":3},{"damage":0,"enemies":"Centurion and Healer","floor":31,"turns":3},{"damage":24,"enemies":"Automaton","floor":33,"turns":8},{"damage":3,"enemies":"3 Shapes","floor":35,"turns":3},{"damage":2,"enemies":"Orb Walker","floor":36,"turns":2},{"damage":22,"enemies":"Sphere and 2 Shapes","floor":37,"turns":4},{"damage":0,"enemies":"2 Orb Walkers","floor":38,"turns":2},{"damage":0,"enemies":"Giant Head","floor":40,"turns":7},{"damage":21,"enemies":"Transient","floor":41,"turns":5},{"damage":3,"enemies":"Spire Growth","floor":44,"turns":3},{"damage":0,"enemies":"3 Darklings","floor":45,"turns":4},{"damage":0,"enemies":"Transient","floor":46,"turns":5},{"damage":3,"enemies":"4 Shapes","floor":48,"turns":3},{"damage":32,"enemies":"Time Eater","floor":50,"turns":7}],"seed_played":"-1260152558293365806","potions_obtained":[{"floor":4,"key":"SkillPotion"},{"floor":10,"key":"PowerPotion"},{"floor":11,"key":"FearPotion"}],"is_trial":false,"path_per_floor":["M","M","M","M","?","M","M","M","T","M","M","M","$","M","R","B",null,"M","M","M","M","$","R","E","M","T","M","M","R","T","M","R","B",null,"M","M","M","?","?","E","M","?","T","M","M","M","?","M","R","B"],"character_chosen":"THE_SILENT","items_purchased":["Boot","Slice","Bandage Up"],"campfire_rested":0,"item_purchase_floors":[13,13,22],"current_hp_per_floor":[68,67,66,65,64,63,62,61,60,59,57,57,56,55,54,28,52,51,50,41,41,41,41,35,41,41,41,41,40,39,38,37,25,35,32,32,21,27,27,29,26,22,28,31,30,29,28,27,26,0],"gold":628,"neow_bonus":"","is_prod":false,"is_daily":true,"chose_seed":false,"campfire_upgraded":5,"win_rate":0,"timestamp":1546411509,"path_taken":["M","M","M","M","?","M","M","M","T","M","M","M","$","M","R","BOSS","M","M","M","M","$","R","E","M","T","M","M","R","?","M","R","BOSS","M","M","M","?","?","E","M","?","T","?","M","?","?","?","R","BOSS"],"build_version":"2018-12-20","purchased_purges":0,"victory":false,"max_hp_per_floor":[68,67,66,65,64,63,62,61,60,59,58,57,56,55,54,53,52,51,50,49,48,47,46,45,44,43,42,41,40,39,38,37,36,35,34,33,32,31,30,29,28,27,32,31,30,29,28,27,26,26],"card_choices":[{"not_picked":["Cloak And Dagger","Bane"],"picked":"Discovery","floor":1},{"not_picked":["Dodge and Roll","Choke"],"picked":"Concentrate","floor":2},{"not_picked":["PiercingWail","Enlightenment"],"picked":"Acrobatics","floor":3},{"not_picked":["Deflect","Dagger Spray"],"picked":"Dagger Throw","floor":4},{"not_picked":["Blade Dance","Good Instincts"],"picked":"Underhanded Strike","floor":6},{"not_picked":["Outmaneuver","Dagger Throw"],"picked":"Secret Weapon","floor":7},{"not_picked":["Poisoned Stab","Acrobatics"],"picked":"Blade Dance","floor":8},{"not_picked":["Quick Slash","Predator"],"picked":"Underhanded Strike","floor":10},{"not_picked":["Dagger Spray","Acrobatics"],"picked":"Noxious Fumes","floor":11},{"not_picked":["Outmaneuver","PiercingWail"],"picked":"Flash of Steel","floor":12},{"not_picked":["Bane","Underhanded Strike"],"picked":"Bullet Time","floor":14},{"not_picked":["Metamorphosis","Transmutation"],"picked":"Mayhem","floor":16},{"not_picked":["Slice","Infinite Blades"],"picked":"Sucker Punch","floor":18},{"not_picked":["Outmaneuver","Flechettes"],"picked":"Cloak And Dagger+1","floor":19},{"not_picked":["Flying Knee","Distraction"],"picked":"Tactician+1","floor":20},{"not_picked":["Blade Dance","Quick Slash"],"picked":"Dagger Throw","floor":21},{"not_picked":["Deflect","Malaise"],"picked":"Bandage Up+1","floor":24},{"not_picked":["Blur+1","Deflect+1"],"picked":"Backflip+1","floor":25},{"not_picked":["Flying Knee","Dodge and Roll"],"picked":"Blade Dance+1","floor":27},{"not_picked":["Underhanded Strike","Well Laid Plans"],"picked":"Bandage Up+1","floor":28},{"not_picked":["Deflect","Calculated Gamble"],"picked":"Acrobatics+1","floor":31},{"not_picked":["Apotheosis","Venomology"],"picked":"Panache","floor":33},{"not_picked":["Poisoned Stab","Blade Dance"],"picked":"Prepared","floor":35},{"not_picked":["Poisoned Stab+1","Flying Knee"],"picked":"Backstab+1","floor":36},{"not_picked":["Backflip+1","Blur"],"picked":"Choke+1","floor":37},{"not_picked":["Outmaneuver+1","Masterful Stab+1"],"picked":"Impatience+1","floor":38},{"not_picked":["Trip","Bandage Up"],"picked":"Forethought","floor":39},{"not_picked":["Dash+1","Prepared+1"],"picked":"Flash of Steel","floor":40},{"not_picked":["Deadly Poison","Flying Knee+1"],"picked":"Backflip+1","floor":41},{"not_picked":["Backflip","Flechettes+1"],"picked":"Secret Weapon","floor":44},{"not_picked":["Leg Sweep+1","Backflip+1"],"picked":"Underhanded Strike+1","floor":44},{"not_picked":["Riddle With Holes","PiercingWail+1"],"picked":"Distraction+1","floor":45},{"not_picked":["Outmaneuver","Underhanded Strike"],"picked":"Cloak And Dagger+1","floor":45},{"not_picked":["Enlightenment","Backflip"],"picked":"Adrenaline","floor":46},{"not_picked":["Predator+1","Deadly Poison","Bouncing Flask"],"picked":"SKIP","floor":46},{"not_picked":["Acrobatics","Deflect+1"],"picked":"Dramatic Entrance","floor":48},{"not_picked":["Slice","PiercingWail+1"],"picked":"Underhanded Strike+1","floor":48}],"player_experience":70523,"relics_obtained":[{"floor":9,"key":"Meat on the Bone"},{"floor":24,"key":"Regal Pillow"},{"floor":26,"key":"Darkstone Periapt"},{"floor":30,"key":"Blood Vial"},{"floor":38,"key":"Thread and Needle"},{"floor":40,"key":"Tingsha"},{"floor":43,"key":"Prayer Wheel"}],"event_choices":[{"cards_removed":["Dagger Spray"],"damage_healed":5,"gold_gain":0,"player_choice":"Offered Common","damage_taken":0,"max_hp_gain":0,"max_hp_loss":0,"event_name":"Bonfire Elementals","floor":5,"gold_loss":0},{"cards_removed":["Dagger Spray"],"damage_healed":5,"gold_gain":0,"player_choice":"Offered Special","damage_taken":0,"max_hp_gain":0,"max_hp_loss":0,"event_name":"Bonfire Elementals","floor":5,"gold_loss":0},{"damage_healed":0,"gold_gain":0,"player_choice":"Fight","damage_taken":0,"max_hp_gain":0,"max_hp_loss":0,"event_name":"Mysterious Sphere","floor":38,"gold_loss":0},{"damage_healed":0,"gold_gain":0,"player_choice":"Memory 1","damage_taken":0,"max_hp_gain":0,"max_hp_loss":0,"event_name":"SensoryStone","floor":39,"gold_loss":0},{"damage_healed":0,"gold_gain":0,"player_choice":"Embrace Madness","damage_taken":4,"max_hp_gain":0,"max_hp_loss":0,"event_name":"Winding Halls","floor":42,"gold_loss":0,"cards_obtained":["Madness","Madness"]},{"damage_healed":0,"gold_gain":0,"player_choice":"Full Heal","damage_taken":0,"max_hp_gain":0,"max_hp_loss":0,"event_name":"Wheel of Change","floor":47,"gold_loss":0}],"is_beta":false,"boss_relics":[{"not_picked":["Snecko Eye","Tiny House"],"picked":"Sozu"},{"not_picked":["Runic Dome","Coffee Dripper"],"picked":"Cursed Key"}],"items_purged_floors":[],"is_endless":false,"potions_floor_spawned":[4,10,11,12,18,19,21,25,28,31,35,36,40,44,45],"killed_by":"Time Eater","ascension_level":0}