{"gold_per_floor":[119,119,119,119,119,119,41,41,67,83,83,99,122,36,36,135,135,151,151,169,169,183,183,194,194,267,293,303,320,320,336,336,336],"floor_reached":33,"playtime":2006,"items_purged":[],"score":255,"play_id":"0ae051da-c292-4b4c-b63e-03f3ab9443c4","local_time":"20181106033901","is_ascension_mode":false,"campfire_choices":[{"floor":6,"key":"REST"},{"floor":8,"key":"REST"},{"data":"Sunder","floor":11,"key":"SMITH"},{"data":"Dualcast","floor":15,"key":"SMITH"},{"floor":23,"key":"REST"},{"floor":25,"key":"REST"},{"floor":30,"key":"REST"},{"floor":32,"key":"REST"}],"neow_cost":"NONE","seed_source_timestamp":0,"circlet_count":0,"master_deck":["Strike_B","Strike_B","Strike_B","Strike_B","Defend_B","Defend_B","Defend_B+1","Defend_B","Zap+1","Dualcast+1","Blizzard","Sunder+1","Multi-Cast","Defragment","FTL","Ball Lightning","Electrodynamics","Deep Breath","Sweeping Beam","Steam","Conserve Battery","Double Energy","Hologram+1","Double Energy"],"special_seed":0,"relics":["Cracked Core","Boot","Bag of Preparation","Ancient Tea Set","Potion Belt","Nuclear Battery","Nilry\u0027s Codex","Mercury Hourglass","Centennial Puzzle"],"potions_floor_usage":[22,27,27,29,33],"damage_taken":[{"damage":0,"enemies":"2 Louse","floor":1,"turns":2},{"damage":0,"enemies":"Small Slimes","floor":10,"turns":3},{"damage":0,"enemies":"Jaw Worm","floor":12,"turns":1},{"damage":45,"enemies":"The Guardian","floor":16,"turns":9},{"damage":5,"enemies":"Chosen","floor":18,"turns":4},{"damage":10,"enemies":"Spheric Guardian","floor":20,"turns":3},{"damage":20,"enemies":"Centurion and Healer","floor":22,"turns":3},{"damage":18,"enemies":"Shelled Parasite and Fungi","floor":24,"turns":2},{"damage":16,"enemies":"Slavers","floor":27,"turns":5},{"damage":1,"enemies":"3 Cultists","floor":28,"turns":3},{"damage":10,"enemies":"Centurion and Healer","floor":29,"turns":4},{"damage":18,"enemies":"Shelled Parasite and Fungi","floor":31,"turns":4},{"damage":54,"enemies":"Champ","floor":33,"turns":9}],"seed_played":"-2769128584846446822","potions_obtained":[{"floor":1,"key":"Explosive Potion"},{"floor":12,"key":"Swift Potion"},{"floor":18,"key":"SneckoOil"},{"floor":22,"key":"Swift Potion"},{"floor":27,"key":"Strength Potion"},{"floor":28,"key":"LiquidBronze"}],"is_trial":false,"path_per_floor":["M","?","?","?","?","R","$","R","T","M","R","M","T","$","R","B",null,"M","?","M","?","M","R","M","R","T","E","M","M","R","M","R","B"],"character_chosen":"DEFECT","items_purchased":["Sunder","FTL","Ball Lightning"],"campfire_rested":6,"item_purchase_floors":[7,14,14],"current_hp_per_floor":[75,75,42,27,27,49,49,71,71,71,71,71,71,71,71,26,75,70,54,44,30,10,32,14,36,36,20,19,9,31,13,35,0],"gold":336,"neow_bonus":"RANDOM_COMMON_RELIC","is_prod":false,"is_daily":false,"chose_seed":false,"campfire_upgraded":2,"win_rate":0.0,"timestamp":1541493541,"path_taken":["M","?","?","?","?","R","$","R","T","M","R","M","?","?","R","BOSS","M","?","M","?","M","R","M","R","T","E","?","M","R","M","R","BOSS"],"build_version":"2018-11-01","purchased_purges":0,"victory":false,"max_hp_per_floor":[75,75,75,75,75,75,75,75,75,75,75,75,75,75,75,75,75,75,75,75,75,75,75,75,75,75,75,75,75,75,75,75,75],"card_choices":[{"not_picked":["Stack","Turbo"],"picked":"Blizzard","floor":1},{"not_picked":["Conserve Battery","Barrage"],"picked":"Multi-Cast","floor":10},{"not_picked":["Rebound","Hologram"],"picked":"Defragment","floor":12},{"not_picked":["Meteor Strike","Buffer"],"picked":"Electrodynamics","floor":16},{"not_picked":["Rebound+1","Gash","Reprogram"],"picked":"SKIP","floor":18},{"not_picked":["Steam","Turbo","Undo"],"picked":"SKIP","floor":20},{"not_picked":["Barrage+1","Streamline"],"picked":"Sweeping Beam","floor":22},{"not_picked":["Rebound","Gash"],"picked":"Steam","floor":24},{"not_picked":["Loop","Gash"],"picked":"Conserve Battery","floor":27},{"not_picked":["All For One","White Noise"],"picked":"Double Energy","floor":28},{"not_picked":["Scrape+1","Steam"],"picked":"Hologram+1","floor":29},{"not_picked":["Cold Snap","Rebound"],"picked":"Double Energy","floor":31}],"player_experience":25583,"relics_obtained":[{"floor":9,"key":"Ancient Tea Set"},{"floor":13,"key":"Potion Belt"},{"floor":19,"key":"Nilry\u0027s Codex"},{"floor":26,"key":"Mercury Hourglass"},{"floor":27,"key":"Centennial Puzzle"}],"event_choices":[{"damage_healed":0,"gold_gain":0,"player_choice":"Leave","damage_taken":0,"max_hp_gain":0,"max_hp_loss":0,"event_name":"The Cleric","floor":2,"gold_loss":0},{"damage_healed":0,"gold_gain":0,"player_choice":"Success","damage_taken":33,"relics_obtained":["Bag of Preparation"],"max_hp_gain":0,"max_hp_loss":0,"event_name":"Scrap Ooze","floor":3,"gold_loss":0},{"damage_healed":0,"gold_gain":0,"player_choice":"Entered Light","damage_taken":15,"max_hp_gain":0,"max_hp_loss":0,"event_name":"Shining Light","floor":4,"gold_loss":0,"cards_upgraded":["Zap","Defend_B"]},{"damage_healed":0,"gold_gain":0,"player_choice":"Ignored","damage_taken":0,"max_hp_gain":0,"max_hp_loss":0,"event_name":"Liars Game","floor":5,"gold_loss":0},{"damage_healed":0,"gold_gain":0,"player_choice":"Obtained Book","damage_taken":16,"max_hp_gain":0,"max_hp_loss":0,"event_name":"Cursed Tome","floor":19,"gold_loss":0},{"damage_healed":0,"gold_gain":0,"player_choice":"CARD ","damage_taken":14,"max_hp_gain":0,"max_hp_loss":0,"event_name":"Knowing Skull","floor":21,"potions_obtained":[],"gold_loss":0,"cards_obtained":["Deep Breath"]}],"is_beta":false,"boss_relics":[{"not_picked":["FrozenCore","Eternal Feather"],"picked":"Nuclear Battery"}],"items_purged_floors":[],"is_endless":false,"potions_floor_spawned":[1,12,18,22,27,28],"killed_by":"Champ","ascension_level":0}