{"gold_per_floor":[99,99,99,99,99,99,99,99,99,99,99,99,84,84,84,84,84,84,84,84,84,84,84,84,84,84,84],"floor_reached":27,"playtime":1758,"items_purged":[],"score":219,"play_id":"88f9168d-f100-4327-9af0-d09bb21cdc05","local_time":"20181224152655","is_ascension_mode":false,"campfire_choices":[{"floor":8,"key":"REST"},{"data":"Double Tap","floor":11,"key":"SMITH"},{"floor":15,"key":"REST"},{"data":"Double Tap","floor":23,"key":"SMITH"},{"data":"Pommel Strike","floor":25,"key":"SMITH"}],"neow_cost":"NONE","seed_source_timestamp":333336005295930,"circlet_count":0,"master_deck":["Strike_R","Strike_R","Strike_R","Strike_R+1","Strike_R","Defend_R","Defend_R","Defend_R","Defend_R","Bash+1","Shrug It Off","Clothesline","Carnage","Sword Boomerang","Double Tap+1","Twin Strike","Armaments","Double Tap+1","Feed","Twin Strike+1","Iron Wave","Pommel Strike+1","Dropkick"],"relics":["Ectoplasm","Bronze Scales","Whetstone","Centennial Puzzle","Black Star","Letter Opener"],"potions_floor_usage":[16,16,18,27,27],"damage_taken":[{"damage":0,"enemies":"Cultist","floor":1,"turns":3},{"damage":0,"enemies":"Small Slimes","floor":2,"turns":4},{"damage":0,"enemies":"2 Louse","floor":4,"turns":2},{"damage":5,"enemies":"Lots of Slimes","floor":5,"turns":4},{"damage":28,"enemies":"3 Sentries","floor":6,"turns":7},{"damage":16,"enemies":"Exordium Thugs","floor":7,"turns":3},{"damage":4,"enemies":"Gremlin Gang","floor":12,"turns":2},{"damage":10,"enemies":"Looter","floor":13,"turns":2},{"damage":5,"enemies":"Large Slime","floor":14,"turns":4},{"damage":24,"enemies":"Hexaghost","floor":16,"turns":7},{"damage":10,"enemies":"Shell Parasite","floor":18,"turns":2},{"damage":0,"enemies":"Spheric Guardian","floor":19,"turns":3},{"damage":11,"enemies":"Snake Plant","floor":20,"turns":3},{"damage":10,"enemies":"Chosen and Byrds","floor":22,"turns":6},{"damage":55,"enemies":"Gremlin Leader","floor":27,"turns":6}],"seed_played":"-8920435844100278987","potions_obtained":[{"floor":2,"key":"Fire Potion"},{"floor":4,"key":"Swift Potion"},{"floor":5,"key":"Dexterity Potion"},{"floor":12,"key":"Block Potion"},{"floor":14,"key":"BloodPotion"},{"floor":16,"key":"AttackPotion"},{"floor":18,"key":"Ancient Potion"}],"is_trial":false,"path_per_floor":["M","M","?","M","M","E","M","R","T","$","R","M","M","M","R","B",null,"M","M","M","?","M","R","?","R","T","E"],"character_chosen":"IRONCLAD","items_purchased":[],"campfire_rested":2,"item_purchase_floors":[],"current_hp_per_floor":[80,80,80,80,75,47,31,55,55,55,55,51,41,36,60,44,80,73,73,62,62,52,52,52,52,52,0],"gold":84,"neow_bonus":"BOSS_RELIC","is_prod":false,"is_daily":false,"chose_seed":false,"campfire_upgraded":3,"win_rate":0.0,"timestamp":1545694015,"path_taken":["M","?","?","M","M","E","?","R","T","$","R","M","M","M","R","BOSS","M","M","?","?","M","R","?","R","T","E"],"build_version":"2018-12-20","purchased_purges":0,"victory":false,"max_hp_per_floor":[80,80,80,80,80,80,80,80,80,80,80,80,80,80,80,80,80,83,83,83,83,83,83,83,83,83,83],"card_choices":[{"not_picked":["Thunderclap","Rage"],"picked":"Shrug It Off","floor":1},{"not_picked":["True Grit","Warcry"],"picked":"Clothesline","floor":2},{"not_picked":["Clothesline","True Grit"],"picked":"Carnage","floor":4},{"not_picked":["Hemokinesis","Shrug It Off"],"picked":"Sword Boomerang","floor":5},{"not_picked":["Flex","Berserk"],"picked":"Double Tap","floor":6},{"not_picked":["Battle Trance","Corruption"],"picked":"Twin Strike","floor":7},{"not_picked":["Hemokinesis","Shrug It Off","Pummel"],"picked":"SKIP","floor":12},{"not_picked":["Sword Boomerang","Twin Strike"],"picked":"Armaments","floor":13},{"not_picked":["Shrug It Off","Clothesline"],"picked":"Double Tap","floor":14},{"not_picked":["Brutality","Fiend Fire"],"picked":"Feed","floor":16},{"not_picked":["Armaments","Pommel Strike"],"picked":"Twin Strike+1","floor":18},{"not_picked":["Twin Strike+1","Warcry"],"picked":"Iron Wave","floor":19},{"not_picked":["Dual Wield","Barricade"],"picked":"Pommel Strike","floor":20},{"not_picked":["Pommel Strike","True Grit","Burning Pact"],"picked":"SKIP","floor":22}],"player_experience":2102,"relics_obtained":[{"floor":3,"key":"Bronze Scales"},{"floor":6,"key":"Whetstone"},{"floor":9,"key":"Centennial Puzzle"},{"floor":26,"key":"Letter Opener"}],"event_choices":[{"damage_healed":0,"gold_gain":0,"player_choice":"Relic","damage_taken":0,"max_hp_gain":0,"max_hp_loss":0,"event_name":"Wheel of Change","floor":3,"gold_loss":0},{"damage_healed":0,"gold_gain":0,"player_choice":"Ignored","damage_taken":0,"max_hp_gain":0,"max_hp_loss":0,"event_name":"Ghosts","floor":21,"gold_loss":0},{"damage_healed":0,"gold_gain":0,"player_choice":"Read","damage_taken":0,"max_hp_gain":0,"max_hp_loss":0,"event_name":"The Library","floor":24,"gold_loss":0,"cards_obtained":["Dropkick"]}],"is_beta":false,"boss_relics":[{"not_picked":["Calling Bell","Empty Cage"],"picked":"Black Star"}],"items_purged_floors":[],"is_endless":false,"potions_floor_spawned":[2,4,5,12,14,16,18],"killed_by":"Gremlin Leader","ascension_level":0}