{"gold_per_floor":[110,120,120,138,151,151,180,192,257,303,132,57,57,73,73,73],"floor_reached":16,"playtime":954,"items_purged":["Defend_G"],"score":116,"play_id":"0b61068a-ba22-4276-8c42-1a6d53537c5a","local_time":"20190124235106","is_ascension_mode":true,"campfire_choices":[{"floor":6,"key":"REST"},{"floor":8,"key":"REST"},{"floor":13,"key":"REST"},{"floor":15,"key":"REST"}],"neow_cost":"TEN_PERCENT_HP_LOSS","seed_source_timestamp":975371305745639,"circlet_count":0,"master_deck":["Defend_G","Defend_G","Defend_G","Defend_G","Strike_G","Strike_G","Strike_G","Survivor","Neutralize","Deflect","Crippling Poison","Acrobatics","Distraction","Dodge and Roll","Swift Strike","Blade Dance","Backflip","Prepared","Quick Slash","Master of Strategy","Backflip"],"relics":["Ring of the Snake","MawBank","Tiny Chest","Ancient Tea Set"],"potions_floor_usage":[7,7,16,16],"damage_taken":[{"damage":7,"enemies":"Jaw Worm","floor":1,"turns":5},{"damage":4,"enemies":"Cultist","floor":2,"turns":5},{"damage":3,"enemies":"Small Slimes","floor":4,"turns":5},{"damage":8,"enemies":"3 Louse","floor":5,"turns":4},{"damage":38,"enemies":"Gremlin Nob","floor":7,"turns":7},{"damage":13,"enemies":"Lagavulin","floor":10,"turns":7},{"damage":3,"enemies":"Looter","floor":14,"turns":2},{"damage":67,"enemies":"The Guardian","floor":16,"turns":13}],"seed_played":"3005690288976982835","potions_obtained":[{"floor":1,"key":"Swift Potion"},{"floor":2,"key":"Block Potion"},{"floor":5,"key":"SkillPotion"},{"floor":14,"key":"GamblersBrew"}],"is_trial":false,"path_per_floor":["M","M","?","M","M","R","E","R","T","E","$","$","R","M","R","B"],"character_chosen":"THE_SILENT","items_purchased":["Master of Strategy"],"campfire_rested":4,"item_purchase_floors":[11],"current_hp_per_floor":[56,52,52,49,41,59,21,39,39,26,26,26,44,41,59,0],"gold":73,"neow_bonus":"TRANSFORM_TWO_CARDS","is_prod":false,"is_daily":false,"chose_seed":false,"campfire_upgraded":0,"win_rate":0,"timestamp":1548391866,"path_taken":["M","M","?","M","M","R","E","R","T","E","?","$","R","M","R","BOSS"],"build_version":"2019-01-23","purchased_purges":1,"victory":false,"max_hp_per_floor":[63,63,63,63,63,63,63,63,63,63,63,63,63,63,63,63],"card_choices":[{"not_picked":["Dash","Backstab"],"picked":"Acrobatics","floor":1},{"not_picked":["Slice","Eviscerate"],"picked":"Distraction","floor":2},{"not_picked":["Slice","Bane"],"picked":"Blade Dance","floor":4},{"not_picked":["Outmaneuver","Dodge and Roll"],"picked":"Backflip","floor":5},{"not_picked":["Deadly Poison","Noxious Fumes"],"picked":"Prepared","floor":7},{"not_picked":["Crippling Poison","Setup"],"picked":"Quick Slash","floor":10},{"not_picked":["Predator","Wraith Form v2"],"picked":"Backflip","floor":14}],"player_experience":89132,"relics_obtained":[{"floor":7,"key":"MawBank"},{"floor":9,"key":"Tiny Chest"},{"floor":10,"key":"Ancient Tea Set"}],"event_choices":[{"damage_healed":0,"gold_gain":0,"player_choice":"2 cards matched","damage_taken":0,"max_hp_gain":0,"max_hp_loss":0,"event_name":"Match and Keep!","floor":3,"gold_loss":0,"cards_obtained":["Dodge and Roll","Swift Strike"]}],"is_beta":false,"boss_relics":[],"items_purged_floors":[12],"is_endless":false,"potions_floor_spawned":[1,2,5,14],"killed_by":"The Guardian","ascension_level":1}