{"gold_per_floor":[110,35,35,48,63,63,93,107,107,107,118,138,173,27,27,122,122,139,14,47,57,71,71,71],"floor_reached":24,"playtime":2757,"items_purged":["Strike_B","Strike_B","Strike_B"],"score":208,"play_id":"3008fe70-4e10-4e84-9860-af826ed4b3b7","local_time":"20190105143001","is_ascension_mode":false,"campfire_choices":[{"data":"Genetic Algorithm","floor":6,"key":"SMITH"},{"data":"Cold Snap","floor":10,"key":"SMITH"},{"data":"Go for the Eyes","floor":15,"key":"SMITH"},{"data":"All For One","floor":23,"key":"SMITH"}],"neow_cost":"NONE","seed_source_timestamp":390128995504189,"circlet_count":0,"master_deck":["Strike_B","Defend_B","Defend_B","Defend_B","Defend_B","Zap+1","Dualcast+1","Cold Snap+1","Genetic Algorithm+1","All For One+1","Steam","Go for the Eyes+1","Beam Cell","Electrodynamics","Loop","Defragment","Capacitor"],"relics":["Cracked Core","Prayer Wheel","Pocketwatch","Ice Cream","White Beast Statue","Red Mask"],"potions_floor_usage":[],"damage_taken":[{"damage":5,"enemies":"Small Slimes","floor":1,"turns":3},{"damage":0,"enemies":"Cultist","floor":4,"turns":3},{"damage":0,"enemies":"2 Louse","floor":5,"turns":2},{"damage":20,"enemies":"3 Sentries","floor":7,"turns":8},{"damage":10,"enemies":"Gremlin Gang","floor":8,"turns":6},{"damage":4,"enemies":"Large Slime","floor":11,"turns":5},{"damage":0,"enemies":"3 Louse","floor":12,"turns":3},{"damage":16,"enemies":"Gremlin Nob","floor":13,"turns":4},{"damage":11,"enemies":"The Guardian","floor":16,"turns":9},{"damage":0,"enemies":"Chosen","floor":18,"turns":4},{"damage":34,"enemies":"Masked Bandits","floor":20,"turns":4},{"damage":0,"enemies":"Shell Parasite","floor":21,"turns":5},{"damage":7,"enemies":"Centurion and Healer","floor":22,"turns":6},{"damage":35,"enemies":"Slavers","floor":24,"turns":3}],"seed_played":"4360573290525619086","potions_obtained":[{"floor":4,"key":"Strength Potion"},{"floor":5,"key":"SteroidPotion"},{"floor":8,"key":"Strength Potion"}],"is_trial":false,"path_per_floor":["M","$","?","M","M","R","E","M","T","R","M","M","E","$","R","B",null,"M","$","?","M","M","R","E"],"character_chosen":"DEFECT","items_purchased":["Beam Cell"],"campfire_rested":0,"item_purchase_floors":[14],"current_hp_per_floor":[70,70,70,70,70,70,50,40,40,40,36,36,20,20,20,9,75,75,75,41,41,34,34,0],"gold":71,"neow_bonus":"UPGRADE_CARD","is_prod":false,"is_daily":false,"chose_seed":false,"campfire_upgraded":4,"win_rate":0.0,"timestamp":1546695001,"path_taken":["M","$","?","M","M","R","E","M","T","R","M","?","E","$","R","BOSS","M","$","?","M","M","R","E"],"build_version":"2019-01-03v4","purchased_purges":3,"victory":false,"max_hp_per_floor":[75,75,75,75,75,75,75,75,75,75,75,75,75,75,75,75,75,75,75,75,75,75,75,75],"card_choices":[{"not_picked":["Go for the Eyes","BootSequence","White Noise"],"picked":"SKIP","floor":1},{"not_picked":["Fusion","Leap"],"picked":"Cold Snap","floor":4},{"not_picked":["Rebound","Steam Power"],"picked":"Genetic Algorithm","floor":5},{"not_picked":["Skim","Sweeping Beam","Beam Cell"],"picked":"SKIP","floor":7},{"not_picked":["Steam Power","Stack","Hologram"],"picked":"SKIP","floor":8},{"not_picked":["Static Discharge","Cold Snap","Stack"],"picked":"SKIP","floor":8},{"not_picked":["Sweeping Beam","Lockon"],"picked":"All For One","floor":11},{"not_picked":["Rebound","Auto Shields","Steam Power"],"picked":"SKIP","floor":11},{"not_picked":["Rebound","Auto Shields","Steam Power"],"picked":"SKIP","floor":11},{"not_picked":["Leap","Hello World"],"picked":"Steam","floor":12},{"not_picked":["Leap","Seek","Stack"],"picked":"SKIP","floor":12},{"not_picked":["Cold Snap","All For One"],"picked":"Go for the Eyes","floor":13},{"not_picked":["All For One","Buffer"],"picked":"Electrodynamics","floor":16},{"not_picked":["Coolheaded","Redo"],"picked":"Loop","floor":18},{"not_picked":["Cold Snap","Aggregate","Reprogram"],"picked":"SKIP","floor":18},{"not_picked":["Reinforced Body","Static Discharge"],"picked":"Defragment","floor":20},{"not_picked":["Skim","Force Field+1","Rebound"],"picked":"SKIP","floor":21},{"not_picked":["Barrage","Chaos","Ball Lightning+1"],"picked":"SKIP","floor":21},{"not_picked":["Steam Power","Chill"],"picked":"Capacitor","floor":22},{"not_picked":["Consume+1","Blizzard","Force Field"],"picked":"SKIP","floor":22}],"player_experience":162381,"relics_obtained":[{"floor":7,"key":"Prayer Wheel"},{"floor":9,"key":"Pocketwatch"},{"floor":13,"key":"Ice Cream"},{"floor":20,"key":"Red Mask"}],"event_choices":[{"damage_healed":0,"gold_gain":0,"player_choice":"Forge","damage_taken":0,"max_hp_gain":0,"max_hp_loss":0,"event_name":"Accursed Blacksmith","floor":3,"gold_loss":0,"cards_upgraded":["Zap"]},{"damage_healed":0,"gold_gain":0,"player_choice":"Fought Bandits","damage_taken":0,"max_hp_gain":0,"max_hp_loss":0,"event_name":"Masked Bandits","floor":20,"gold_loss":0}],"is_beta":false,"boss_relics":[{"not_picked":["Cursed Key","Snecko Eye"],"picked":"White Beast Statue"}],"items_purged_floors":[2,14,19],"is_endless":false,"potions_floor_spawned":[4,5,8,13,16,18,20,21,22],"killed_by":"Slavers","ascension_level":0}