{"gold_per_floor":[119,119,136,51,51,85,105,105,157,157,175,194,221,240,240,335,335,351,370,50,66,66,66,84,84,107,118,132,132,142,152,152,257,257,275,96,96,196,20,55,55,71,98,98,98,117,117,136,136,136],"floor_reached":51,"playtime":3334,"items_purged":["Strike_B","Strike_B","Strike_B"],"score":758,"play_id":"ce6b47bc-030e-40d5-8933-c4bc521db4b2","local_time":"20190109230215","is_ascension_mode":true,"campfire_choices":[{"data":"Zap","floor":8,"key":"SMITH"},{"data":"Defragment","floor":10,"key":"SMITH"},{"floor":15,"key":"REST"},{"floor":23,"key":"REST"},{"data":"Defragment","floor":25,"key":"SMITH"},{"floor":32,"key":"REST"},{"data":"Loop","floor":41,"key":"SMITH"},{"data":"Fission","floor":44,"key":"SMITH"},{"data":"Barrage","floor":47,"key":"SMITH"},{"floor":49,"key":"REST"}],"neow_cost":"NONE","seed_source_timestamp":93267276382418,"circlet_count":0,"master_deck":["Strike_B","Defend_B","Defend_B","Defend_B","Defend_B","Zap+1","Dualcast","Capacitor","Sweeping Beam","Go for the Eyes","Defragment+1","Ball Lightning","Defragment+1","Cold Snap","Barrage+1","Cold Snap","Seek","Hologram","Loop+1","Leap","Leap+1","Coolheaded","Glacier","Sunder+1","Fission+1","Skim+1","Parasite","Doom and Gloom+1","Rebound+1","Amplify"],"relics":["Cracked Core","NeowsBlessing","Bag of Marbles","Dream Catcher","Cables","Black Star","Molten Egg 2","Potion Belt","CultistMask","Eternal Feather","Girya","Emotion Chip","Centennial Puzzle","Regal Pillow"],"potions_floor_usage":[19,21,22,28,28,31,33,35,38,40,46,48,50,50,50,50],"damage_taken":[{"damage":0,"enemies":"Cultist","floor":1,"turns":1},{"damage":0,"enemies":"2 Louse","floor":3,"turns":1},{"damage":0,"enemies":"Gremlin Nob","floor":6,"turns":1},{"damage":8,"enemies":"Small Slimes","floor":7,"turns":2},{"damage":3,"enemies":"3 Louse","floor":11,"turns":2},{"damage":9,"enemies":"Red Slaver","floor":12,"turns":2},{"damage":26,"enemies":"Lagavulin","floor":13,"turns":5},{"damage":0,"enemies":"Large Slime","floor":14,"turns":4},{"damage":8,"enemies":"Slime Boss","floor":16,"turns":8},{"damage":2,"enemies":"3 Byrds","floor":18,"turns":4},{"damage":8,"enemies":"2 Thieves","floor":19,"turns":5},{"damage":19,"enemies":"Snake Plant","floor":21,"turns":3},{"damage":30,"enemies":"Colosseum Slavers","floor":22,"turns":4},{"damage":9,"enemies":"Snecko","floor":24,"turns":5},{"damage":17,"enemies":"Chosen and Byrds","floor":27,"turns":4},{"damage":10,"enemies":"Cultist and Chosen","floor":28,"turns":5},{"damage":0,"enemies":"Centurion and Healer","floor":30,"turns":9},{"damage":7,"enemies":"3 Cultists","floor":31,"turns":5},{"damage":9,"enemies":"Automaton","floor":33,"turns":12},{"damage":3,"enemies":"3 Darklings","floor":35,"turns":6},{"damage":21,"enemies":"Mind Bloom Boss Battle","floor":38,"turns":8},{"damage":42,"enemies":"Giant Head","floor":40,"turns":15},{"damage":10,"enemies":"Orb Walker","floor":42,"turns":5},{"damage":22,"enemies":"Writhing Mass","floor":46,"turns":7},{"damage":16,"enemies":"Sphere and 2 Shapes","floor":48,"turns":5},{"damage":47,"enemies":"Donu and Deca","floor":50,"turns":14}],"seed_played":"-8217646532903508432","potions_obtained":[{"floor":1,"key":"Regen Potion"},{"floor":3,"key":"Energy Potion"},{"floor":12,"key":"SteroidPotion"},{"floor":13,"key":"Block Potion"},{"floor":19,"key":"Block Potion"},{"floor":24,"key":"Fire Potion"},{"floor":28,"key":"Explosive Potion"},{"floor":30,"key":"LiquidBronze"},{"floor":33,"key":"AttackPotion"},{"floor":35,"key":"FocusPotion"},{"floor":45,"key":"Poison Potion"},{"floor":45,"key":"Energy Potion"},{"floor":45,"key":"SpeedPotion"},{"floor":46,"key":"Swift Potion"},{"floor":48,"key":"Strength Potion"}],"is_trial":false,"path_per_floor":["M","?","M","$","?","E","M","R","T","R","M","M","E","M","R","B",null,"M","M","$","M","?","R","M","R","T","M","M","?","M","M","R","B",null,"M","$","$","?","$","E","R","M","T","R","?","M","R","M","R","B",null],"character_chosen":"DEFECT","items_purchased":["Go for the Eyes","Defragment","Molten Egg 2","GamblersBrew","Weak Potion"],"campfire_rested":4,"item_purchase_floors":[4,4,20,36,39],"current_hp_per_floor":[75,75,75,75,75,75,67,67,67,67,64,55,29,29,51,43,75,73,65,65,46,28,50,41,41,41,24,14,14,14,7,29,20,75,72,72,72,51,51,9,24,14,14,29,29,7,22,6,58,11],"gold":136,"neow_bonus":"THREE_ENEMY_KILL","is_prod":false,"is_daily":false,"chose_seed":false,"campfire_upgraded":6,"win_rate":0,"timestamp":1547103735,"path_taken":["M","?","M","$","?","E","M","R","T","R","M","M","E","M","R","BOSS","M","M","$","M","?","R","M","R","T","M","M","?","?","M","R","BOSS","M","?","$","?","$","E","R","M","T","R","?","M","R","M","R","BOSS"],"build_version":"2019-01-03v4","purchased_purges":3,"victory":true,"max_hp_per_floor":[75,75,75,75,75,75,75,75,75,75,75,75,75,75,75,75,75,75,75,75,75,75,75,75,75,75,75,75,75,75,75,75,75,75,75,75,75,75,75,75,75,75,75,75,75,75,75,75,75,75],"card_choices":[{"not_picked":["Barrage","Beam Cell"],"picked":"Capacitor","floor":1},{"not_picked":["Rebound","Sunder"],"picked":"Sweeping Beam","floor":3},{"not_picked":["Stack","Skim"],"picked":"Ball Lightning","floor":6},{"not_picked":["Turbo","Melter","Compile Driver"],"picked":"SKIP","floor":7},{"not_picked":["Hello World","FTL"],"picked":"Defragment","floor":11},{"not_picked":["Force Field","Darkness"],"picked":"Cold Snap","floor":12},{"not_picked":["Rebound","Static Discharge","Stack"],"picked":"SKIP","floor":13},{"not_picked":["Genetic Algorithm","Cold Snap"],"picked":"Barrage","floor":14},{"not_picked":["Steam","Self Repair"],"picked":"Cold Snap","floor":15},{"not_picked":["Rainbow","Biased Cognition"],"picked":"Seek","floor":16},{"not_picked":["Rip and Tear","Rebound","Beam Cell"],"picked":"SKIP","floor":18},{"not_picked":["Compile Driver","Stack"],"picked":"Hologram","floor":19},{"not_picked":["Streamline+1","Barrage+1","Hologram+1"],"picked":"SKIP","floor":21},{"not_picked":["Leap","Sweeping Beam+1"],"picked":"Loop","floor":23},{"not_picked":["Sweeping Beam+1","Ball Lightning+1"],"picked":"Leap","floor":24},{"not_picked":["Aggregate+1","FTL+1"],"picked":"Leap+1","floor":27},{"not_picked":["Stack","Redo","Hyperbeam+1"],"picked":"SKIP","floor":28},{"not_picked":["Recycle","Redo"],"picked":"Coolheaded","floor":30},{"not_picked":["Go for the Eyes+1","Defragment+1"],"picked":"Glacier","floor":31},{"not_picked":["Self Repair","Leap"],"picked":"Sunder+1","floor":32},{"not_picked":["Hyperbeam+1","Biased Cognition"],"picked":"Fission","floor":33},{"not_picked":["Rebound+1","Double Energy+1","Cold Snap+1"],"picked":"SKIP","floor":35},{"not_picked":["Stack+1","Redo"],"picked":"Skim+1","floor":38},{"not_picked":["Go for the Eyes+1","Multi-Cast","Stack+1"],"picked":"SKIP","floor":40},{"not_picked":["BootSequence","Ball Lightning+1","Sunder+1"],"picked":"SKIP","floor":42},{"not_picked":["Gash+1","Barrage+1"],"picked":"Doom and Gloom+1","floor":46},{"not_picked":["Compile Driver+1","Steam+1"],"picked":"Rebound+1","floor":48},{"not_picked":["Turbo","Rebound+1"],"picked":"Amplify","floor":49}],"player_experience":129241,"relics_obtained":[{"floor":6,"key":"Bag of Marbles"},{"floor":9,"key":"Dream Catcher"},{"floor":13,"key":"Cables"},{"floor":26,"key":"Potion Belt"},{"floor":38,"key":"Girya"},{"floor":40,"key":"Emotion Chip"},{"floor":40,"key":"Centennial Puzzle"},{"floor":43,"key":"Regal Pillow"}],"event_choices":[{"damage_healed":0,"gold_gain":0,"player_choice":"Ignored","damage_taken":0,"max_hp_gain":0,"max_hp_loss":0,"event_name":"Golden Wing","floor":2,"gold_loss":0},{"damage_healed":0,"gold_gain":0,"player_choice":"Leave","damage_taken":0,"max_hp_gain":0,"max_hp_loss":0,"event_name":"The Cleric","floor":5,"gold_loss":0},{"damage_healed":0,"gold_gain":0,"player_choice":"Fight","damage_taken":0,"max_hp_gain":0,"max_hp_loss":0,"event_name":"Colosseum","floor":22,"gold_loss":0},{"damage_healed":0,"gold_gain":0,"player_choice":"Fled From Nobs","damage_taken":0,"max_hp_gain":0,"max_hp_loss":0,"event_name":"Colosseum","floor":22,"gold_loss":0},{"damage_healed":0,"gold_gain":0,"player_choice":"Trade","damage_taken":0,"relics_obtained":["CultistMask"],"max_hp_gain":0,"max_hp_loss":0,"event_name":"FaceTrader","floor":29,"gold_loss":0},{"damage_healed":0,"gold_gain":0,"player_choice":"Fight","damage_taken":0,"max_hp_gain":0,"max_hp_loss":0,"event_name":"MindBloom","floor":38,"gold_loss":0},{"damage_healed":0,"gold_gain":0,"player_choice":"Got Potions","damage_taken":0,"max_hp_gain":0,"max_hp_loss":0,"event_name":"Lab","floor":45,"gold_loss":0}],"is_beta":false,"boss_relics":[{"not_picked":["Coffee Dripper","Snecko Eye"],"picked":"Black Star"},{"not_picked":["White Beast Statue","Lizard Tail"],"picked":"Eternal Feather"}],"items_purged_floors":[20,36,39],"is_endless":false,"potions_floor_spawned":[1,3,12,13,19,24,28,30,33,35,46,48],"ascension_level":2}