{"gold_per_floor":[114,114,189,115,61,77,111,111,136,136,168,185,185,204,204,280,280,291,291],"floor_reached":19,"playtime":359,"items_purged":[],"score":380,"play_id":"4bd20820-a5ec-4adc-b35e-b45aac7feb87","local_time":"20190213012234","is_ascension_mode":true,"campfire_choices":[{"data":"Whirlwind","floor":8,"key":"SMITH"},{"data":"Bash","floor":10,"key":"SMITH"},{"data":"Inflame","floor":13,"key":"SMITH"},{"floor":15,"key":"DIG"}],"neow_cost":"NONE","seed_source_timestamp":30328272539200,"circlet_count":0,"master_deck":["AscendersBane","Strike_R","Strike_R","Strike_R","Strike_R","Defend_R","Defend_R","Defend_R","Bash+1","Whirlwind+1","Inflame+1","Body Slam+1","Battle Trance","Limit Break"],"relics":["Burning Blood","NeowsBlessing","Molten Egg 2","Shovel","Art of War","Lantern","Gremlin Horn","Empty Cage"],"potions_floor_usage":[16,16,18],"damage_taken":[{"damage":0,"enemies":"Jaw Worm","floor":1,"turns":1},{"damage":0,"enemies":"Small Slimes","floor":6,"turns":1},{"damage":0,"enemies":"Gremlin Nob","floor":7,"turns":1},{"damage":20,"enemies":"3 Sentries","floor":11,"turns":4},{"damage":0,"enemies":"Cultist","floor":12,"turns":2},{"damage":24,"enemies":"Gremlin Gang","floor":14,"turns":3},{"damage":33,"enemies":"Hexaghost","floor":16,"turns":7},{"damage":41,"enemies":"Shell Parasite","floor":18,"turns":4},{"damage":29,"enemies":"3 Byrds","floor":19,"turns":2}],"seed_played":"6783303677511191850","potions_obtained":[{"floor":1,"key":"SkillPotion"},{"floor":7,"key":"PowerPotion"},{"floor":18,"key":"Fruit Juice"}],"is_trial":false,"path_per_floor":["M","?","?","$","$","M","E","R","T","R","E","M","R","M","R","B",null,"M","M"],"character_chosen":"IRONCLAD","items_purchased":["Inflame","Body Slam+1"],"campfire_rested":0,"item_purchase_floors":[4,5],"current_hp_per_floor":[74,63,52,52,52,58,64,64,64,64,50,56,56,38,38,11,59,29,0],"gold":291,"neow_bonus":"THREE_ENEMY_KILL","is_prod":false,"is_daily":false,"chose_seed":false,"campfire_upgraded":3,"win_rate":0,"timestamp":1550013754,"path_taken":["M","?","?","?","$","M","E","R","T","R","E","?","R","?","R","BOSS","M","M"],"build_version":"2019-01-23","purchased_purges":0,"victory":false,"max_hp_per_floor":[75,75,75,75,75,75,75,75,75,75,75,75,75,75,75,75,75,80,80],"card_choices":[{"not_picked":["Blood for Blood","Corruption"],"picked":"Whirlwind","floor":1},{"not_picked":["Pommel Strike+1","Blood for Blood+1"],"picked":"Battle Trance","floor":6},{"not_picked":["Power Through","Perfected Strike+1","Headbutt+1"],"picked":"SKIP","floor":7},{"not_picked":["Whirlwind+1","Brutality","Blood for Blood+1"],"picked":"SKIP","floor":11},{"not_picked":["Warcry","Flex","Rage"],"picked":"SKIP","floor":12},{"not_picked":["Shrug It Off","Headbutt+1","Evolve"],"picked":"SKIP","floor":14},{"not_picked":["Juggernaut","Exhume"],"picked":"Limit Break","floor":16},{"not_picked":["Pommel Strike+1","Dropkick+1","Clothesline+1"],"picked":"SKIP","floor":18}],"player_experience":727914,"relics_obtained":[{"floor":7,"key":"Shovel"},{"floor":9,"key":"Art of War"},{"floor":11,"key":"Lantern"},{"floor":15,"key":"Gremlin Horn"}],"event_choices":[{"damage_healed":0,"gold_gain":0,"player_choice":"Success","damage_taken":11,"relics_obtained":["Molten Egg 2"],"max_hp_gain":0,"max_hp_loss":0,"event_name":"Scrap Ooze","floor":2,"gold_loss":0},{"damage_healed":0,"gold_gain":75,"player_choice":"Gather Gold","damage_taken":11,"max_hp_gain":0,"max_hp_loss":0,"event_name":"World of Goop","floor":3,"gold_loss":0}],"is_beta":false,"boss_relics":[{"not_picked":["Snecko Eye","Runic Dome"],"picked":"Empty Cage"}],"items_purged_floors":[],"is_endless":false,"potions_floor_spawned":[1,7,18],"killed_by":"3 Byrds","ascension_level":18}