{"gold_per_floor":[111,6,6,17,17,17,28,28,28,28,53,83,99,109,109,109],"floor_reached":16,"playtime":435,"items_purged":[],"score":160,"play_id":"4314cb38-fc36-41eb-9d0a-0ec1f49cf193","local_time":"20190124160426","is_ascension_mode":true,"campfire_choices":[{"data":"Cleave","floor":6,"key":"SMITH"},{"data":"Clothesline","floor":10,"key":"SMITH"},{"data":"True Grit","floor":15,"key":"SMITH"}],"neow_cost":"NONE","seed_source_timestamp":484884188106640,"circlet_count":0,"master_deck":["AscendersBane","Strike_R","Strike_R","Strike_R","Strike_R","Strike_R","Defend_R","Defend_R","Defend_R","Defend_R","Bash","Cleave+1","Armaments+1","Trip+1","Sword Boomerang","Clothesline+1","Shrug It Off","True Grit+1"],"relics":["Burning Blood","Smiling Mask","Bag of Marbles","Lantern","Dream Catcher"],"potions_floor_usage":[16],"damage_taken":[{"damage":10,"enemies":"Small Slimes","floor":1,"turns":3},{"damage":0,"enemies":"2 Louse","floor":4,"turns":2},{"damage":0,"enemies":"Cultist","floor":7,"turns":3},{"damage":35,"enemies":"Lagavulin","floor":12,"turns":7},{"damage":6,"enemies":"Looter","floor":13,"turns":2},{"damage":1,"enemies":"Blue Slaver","floor":14,"turns":3},{"damage":59,"enemies":"Hexaghost","floor":16,"turns":12}],"seed_played":"-3462228333037948877","potions_obtained":[{"floor":12,"key":"Swift Potion"}],"is_trial":false,"path_per_floor":["M","$","?","M","?","R","M","?","T","R","T","E","M","M","R","B"],"character_chosen":"IRONCLAD","items_purchased":["Armaments","Trip"],"campfire_rested":0,"item_purchase_floors":[2,2],"current_hp_per_floor":[68,68,68,74,74,74,80,80,80,80,80,51,51,56,56,0],"gold":109,"neow_bonus":"RANDOM_COMMON_RELIC","is_prod":false,"is_daily":false,"chose_seed":false,"campfire_upgraded":3,"win_rate":0,"timestamp":1548363866,"path_taken":["M","$","?","M","?","R","?","?","T","R","?","E","?","M","R","BOSS"],"build_version":"2019-01-23","purchased_purges":0,"victory":false,"max_hp_per_floor":[80,80,80,80,80,80,80,80,80,80,80,80,80,80,80,80],"card_choices":[{"not_picked":["Heavy Blade","Shrug It Off"],"picked":"Cleave","floor":1},{"not_picked":["Headbutt","Sever Soul"],"picked":"Sword Boomerang","floor":4},{"not_picked":["Offering","Headbutt"],"picked":"Clothesline","floor":7},{"not_picked":["Sentinel","Sword Boomerang","Warcry"],"picked":"SKIP","floor":12},{"not_picked":["Wild Strike","Body Slam"],"picked":"Shrug It Off","floor":13},{"not_picked":["Sentinel","Armaments"],"picked":"True Grit","floor":14}],"player_experience":560990,"relics_obtained":[{"floor":9,"key":"Bag of Marbles"},{"floor":11,"key":"Lantern"},{"floor":12,"key":"Dream Catcher"}],"event_choices":[{"damage_healed":0,"gold_gain":0,"player_choice":"Grow","damage_taken":0,"max_hp_gain":0,"max_hp_loss":0,"event_name":"Living Wall","floor":3,"gold_loss":0,"cards_upgraded":["Armaments"]},{"damage_healed":0,"gold_gain":0,"player_choice":"Forge","damage_taken":0,"max_hp_gain":0,"max_hp_loss":0,"event_name":"Accursed Blacksmith","floor":5,"gold_loss":0,"cards_upgraded":["Trip"]},{"damage_healed":0,"gold_gain":0,"player_choice":"Leave","damage_taken":0,"max_hp_gain":0,"max_hp_loss":0,"event_name":"The Cleric","floor":8,"gold_loss":0}],"is_beta":true,"boss_relics":[],"items_purged_floors":[],"is_endless":false,"potions_floor_spawned":[12],"killed_by":"Hexaghost","ascension_level":12}