{"gold_per_floor":[99,99,99,99,69,69,69,69,69,69,6,6,6,6,6,6,6,6,6,6,6,6,6,6,6,6,6,6,6,6,6],"floor_reached":31,"playtime":1740,"items_purged":[],"score":493,"play_id":"e66a9da6-e602-4c8f-94ca-9add308b8cdd","local_time":"20181005135650","is_ascension_mode":true,"campfire_choices":[{"floor":7,"key":"REST"},{"floor":15,"key":"REST"},{"floor":23,"key":"REST"},{"floor":25,"key":"REST"},{"data":"Armaments","floor":27,"key":"SMITH"}],"neow_cost":"NONE","seed_source_timestamp":0,"circlet_count":0,"master_deck":["Strike_R","Strike_R","Strike_R","Defend_R","Defend_R","Bash","Pommel Strike","Whirlwind","Thunderclap","Armaments+1","Perfected Strike","Perfected Strike","True Grit","Inflame+1","Barricade+1","Thunderclap+1","Sentinel+1","Double Tap+1","Pommel Strike","Sentinel+1","Twin Strike+1","True Grit+1"],"special_seed":0,"relics":["Ectoplasm","Mummified Hand","Frozen Egg 2","Dodecahedron","Shovel","Toxic Egg 2","Astrolabe","Question Card","Juzu Bracelet"],"potions_floor_usage":[12,12,18,22,22,24,30],"damage_taken":[{"damage":7.0,"enemies":"Small Slimes","floor":1.0,"turns":3.0},{"damage":0.0,"enemies":"Cultist","floor":2.0,"turns":3.0},{"damage":3.0,"enemies":"2 Louse","floor":3.0,"turns":3.0},{"damage":0.0,"enemies":"Large Slime","floor":4.0,"turns":4.0},{"damage":2.0,"enemies":"Looter","floor":5.0,"turns":3.0},{"damage":35.0,"enemies":"Lagavulin","floor":6.0,"turns":6.0},{"damage":7,"enemies":"Exordium Wildlife","floor":8,"turns":3},{"damage":20,"enemies":"3 Sentries","floor":10,"turns":6},{"damage":0,"enemies":"Lagavulin","floor":12,"turns":2},{"damage":3,"enemies":"Gremlin Gang","floor":13,"turns":2},{"damage":0,"enemies":"Slime Boss","floor":16,"turns":6},{"damage":7,"enemies":"Shell Parasite","floor":18,"turns":2},{"damage":17,"enemies":"Colosseum Slavers","floor":19,"turns":3},{"damage":15,"enemies":"3 Byrds","floor":21,"turns":4},{"damage":12,"enemies":"Centurion and Healer","floor":22,"turns":5},{"damage":26,"enemies":"Book of Stabbing","floor":24,"turns":4},{"damage":18,"enemies":"Cultist and Chosen","floor":30,"turns":6},{"damage":41,"enemies":"Gremlin Leader","floor":31,"turns":6}],"seed_played":"-7745583056931659243","potions_obtained":[{"floor":2.0,"key":"PowerPotion"},{"floor":6.0,"key":"AttackPotion"},{"floor":10,"key":"AttackPotion"},{"floor":13,"key":"Explosive Potion"},{"floor":16,"key":"BloodPotion"},{"floor":18,"key":"Block Potion"},{"floor":21,"key":"Energy Potion"},{"floor":24,"key":"Fire Potion"}],"is_trial":false,"path_per_floor":["M","M","M","M","M","E","R","M","T","E","?","E","M","?","R","B",null,"M","?","?","M","M","R","E","R","T","R","?","?","M"],"character_chosen":"IRONCLAD","items_purchased":[],"campfire_rested":4,"item_purchase_floors":[],"current_hp_per_floor":[65,65,62,62,60,25,49,42,42,22,22,22,19,19,43,43,71,64,47,47,32,28,52,26,50,50,50,50,50,32,0],"gold":6,"neow_bonus":"BOSS_RELIC","is_prod":false,"is_daily":false,"chose_seed":false,"campfire_upgraded":1,"win_rate":0,"timestamp":1538762210,"path_taken":["M","M","M","M","M","E","R","M","T","E","?","E","M","?","R","BOSS","M","?","?","M","M","R","E","R","T","R","?","?","M","E"],"build_version":"2018-10-04","purchased_purges":0,"victory":false,"max_hp_per_floor":[80,80,80,80,80,80,80,80,80,80,80,80,80,80,80,80,80,80,80,80,80,80,80,80,80,80,80,80,80,80,80],"card_choices":[{"not_picked":["Dropkick","Disarm"],"picked":"Pommel Strike","floor":1.0},{"not_picked":["Thunderclap","Seeing Red"],"picked":"Whirlwind","floor":2.0},{"not_picked":["Power Through","Corruption"],"picked":"Thunderclap","floor":3.0},{"not_picked":["Bloodletting","Flame Barrier"],"picked":"Armaments","floor":4.0},{"not_picked":["Brutality","Searing Blow","Sword Boomerang"],"picked":"SKIP","floor":5.0},{"not_picked":["Pummel","Headbutt"],"picked":"Perfected Strike","floor":6.0},{"not_picked":["Body Slam","Wild Strike"],"picked":"Perfected Strike","floor":8},{"not_picked":["Clash","Iron Wave"],"picked":"True Grit","floor":10},{"not_picked":["Shrug It Off","Flex"],"picked":"Inflame+1","floor":12},{"not_picked":["Thunderclap","Berserk+1","Clash"],"picked":"SKIP","floor":13},{"not_picked":["Double Tap+1","Berserk+1"],"picked":"Barricade+1","floor":16},{"not_picked":["Iron Wave","Warcry+1"],"picked":"Pommel Strike","floor":18},{"not_picked":["Havoc+1","Whirlwind"],"picked":"Sentinel+1","floor":21},{"not_picked":["Iron Wave","Second Wind+1"],"picked":"Twin Strike+1","floor":22},{"not_picked":["Whirlwind+1","Clash","Twin Strike"],"picked":"SKIP","floor":24},{"not_picked":["Combust+1","Warcry+1","Barricade+1"],"picked":"True Grit+1","floor":30}],"player_experience":562089,"relics_obtained":[{"floor":6.0,"key":"Mummified Hand"},{"floor":9,"key":"Frozen Egg 2"},{"floor":10,"key":"Dodecahedron"},{"floor":12,"key":"Toxic Egg 2"},{"floor":24,"key":"Question Card"},{"floor":26,"key":"Juzu Bracelet"}],"event_choices":[{"event_name":"WeMeetAgain","player_choice":"Gold","floor":11,"damage_taken":0},{"event_name":"Scrap Ooze","player_choice":"unsuccessful","floor":14,"damage_taken":0},{"event_name":"Colosseum","player_choice":"Fight","floor":19,"damage_taken":0},{"event_name":"Colosseum","player_choice":"Fled From Nobs","floor":19,"damage_taken":0},{"event_name":"N\u0027loth","player_choice":"Ignored","floor":20,"damage_taken":0},{"event_name":"Purifier","player_choice":"One Purge","floor":28,"damage_taken":0},{"event_name":"Beggar","player_choice":"Ignored","floor":29,"damage_taken":0}],"is_beta":false,"boss_relics":[{"not_picked":["Pandora\u0027s Box","Mark of Pain"],"picked":"Astrolabe"}],"items_purged_floors":[],"is_endless":false,"potions_floor_spawned":[2,6,10,13,16,18,19,21,24],"killed_by":"Gremlin Leader","ascension_level":8}