{"gold_per_floor":[119,2,12,12,32,32,42,142,142,174,185,30,30,45,45,142,142,154,154,107,107,126,126,137,52,52,52,68,84,84,84],"floor_reached":31,"playtime":1354,"items_purged":[],"score":356,"play_id":"3ff98e79-3e30-4985-af59-c9ae89ac1a29","local_time":"20190127192132","is_ascension_mode":true,"campfire_choices":[{"data":"Noxious Fumes","floor":6,"key":"SMITH"},{"floor":13,"key":"REST"},{"data":"Cloak And Dagger","floor":15,"key":"SMITH"},{"data":"After Image","floor":23,"key":"SMITH"},{"data":"Caltrops","floor":27,"key":"SMITH"}],"neow_cost":"NONE","seed_source_timestamp":754993773987942,"circlet_count":0,"master_deck":["AscendersBane","Defend_G+1","Defend_G+1","Defend_G+1","Defend_G+1","Defend_G+1","Strike_G+1","Strike_G+1","Strike_G+1","Strike_G+1","Strike_G+1","Survivor","Neutralize","Noxious Fumes+1","Deadly Poison","Masterful Stab","Caltrops+1","All Out Attack","Deflect","Endless Agony","Accuracy","Backstab","Cloak And Dagger+1","After Image+1","Slice","Decay","Dagger Spray+1","Slice","Infinite Blades"],"relics":["Ring of the Serpent","NeowsBlessing","Shuriken","Dodecahedron","Ninja Scroll","Orichalcum","Omamori"],"potions_floor_usage":[31],"damage_taken":[{"damage":0,"enemies":"Cultist","floor":1,"turns":1},{"damage":0,"enemies":"Jaw Worm","floor":3,"turns":1},{"damage":0,"enemies":"Small Slimes","floor":5,"turns":1},{"damage":7,"enemies":"2 Fungi Beasts","floor":7,"turns":3},{"damage":25,"enemies":"3 Sentries","floor":10,"turns":8},{"damage":0,"enemies":"Exordium Thugs","floor":11,"turns":3},{"damage":4,"enemies":"Large Slime","floor":14,"turns":4},{"damage":30,"enemies":"The Guardian","floor":16,"turns":8},{"damage":12,"enemies":"3 Byrds","floor":18,"turns":4},{"damage":2,"enemies":"Shell Parasite","floor":22,"turns":3},{"damage":0,"enemies":"Chosen and Byrds","floor":24,"turns":4},{"damage":15,"enemies":"Snake Plant","floor":28,"turns":3},{"damage":7,"enemies":"Centurion and Healer","floor":29,"turns":5},{"damage":10,"enemies":"Colosseum Slavers","floor":30,"turns":4},{"damage":11,"enemies":"Snecko","floor":31,"turns":3}],"seed_played":"-4158788711131937815","potions_obtained":[{"floor":5,"key":"EssenceOfSteel"},{"floor":7,"key":"GamblersBrew"},{"floor":10,"key":"PowerPotion"},{"floor":16,"key":"Block Potion"}],"is_trial":false,"path_per_floor":["M","$","M","?","M","R","M","?","T","E","M","$","R","M","R","B",null,"M","?","$","?","M","R","M","?","T","R","M","M","?","M"],"character_chosen":"THE_SILENT","items_purchased":["Noxious Fumes","Deadly Poison","Accuracy","Backstab","Slice"],"campfire_rested":1,"item_purchase_floors":[2,2,12,12,20],"current_hp_per_floor":[63,63,63,63,63,63,56,56,56,31,31,31,52,48,48,18,57,45,45,45,45,43,43,43,43,43,43,28,21,11,0],"gold":84,"neow_bonus":"THREE_ENEMY_KILL","is_prod":false,"is_daily":false,"chose_seed":false,"campfire_upgraded":4,"win_rate":0,"timestamp":1548634892,"path_taken":["M","$","M","?","?","R","M","?","T","E","M","?","R","?","R","BOSS","M","?","$","?","?","R","M","?","T","R","M","M","?","M"],"build_version":"2019-01-23","purchased_purges":0,"victory":false,"max_hp_per_floor":[70,70,70,70,70,70,70,70,70,70,70,70,70,70,70,70,70,70,70,70,70,70,70,70,70,70,70,70,70,70,70],"card_choices":[{"not_picked":["PiercingWail","Deadly Poison"],"picked":"Dagger Spray","floor":1},{"not_picked":["Flechettes","Prepared"],"picked":"Masterful Stab","floor":3},{"not_picked":["Acrobatics","Quick Slash"],"picked":"Caltrops","floor":5},{"not_picked":["Reflex","Slice"],"picked":"All Out Attack","floor":7},{"not_picked":["Quick Slash","Tactician"],"picked":"Deflect","floor":10},{"not_picked":["Reflex","Malaise"],"picked":"Endless Agony","floor":11},{"not_picked":["Quick Slash","Leg Sweep"],"picked":"Cloak And Dagger","floor":14},{"not_picked":["Night Terror","Adrenaline"],"picked":"After Image","floor":16},{"not_picked":["PiercingWail","Prepared","Flechettes"],"picked":"SKIP","floor":18},{"not_picked":["Dagger Throw","Deflect","Eviscerate+1"],"picked":"SKIP","floor":22},{"not_picked":["All Out Attack","Outmaneuver"],"picked":"Dagger Spray+1","floor":24},{"not_picked":["Deflect","Bane"],"picked":"Slice","floor":28},{"not_picked":["Noxious Fumes","Skewer"],"picked":"Infinite Blades","floor":29}],"player_experience":563654,"relics_obtained":[{"floor":9,"key":"Dodecahedron"},{"floor":10,"key":"Ninja Scroll"},{"floor":26,"key":"Omamori"}],"event_choices":[{"cards_removed":["Dagger Spray"],"damage_healed":0,"gold_gain":0,"player_choice":"Gave Card","damage_taken":0,"relics_obtained":["Shuriken"],"max_hp_gain":0,"max_hp_loss":0,"event_name":"WeMeetAgain","floor":4,"gold_loss":0},{"damage_healed":0,"gold_gain":100,"player_choice":"Pray","damage_taken":0,"max_hp_gain":0,"max_hp_loss":0,"event_name":"Golden Shrine","floor":8,"gold_loss":0},{"damage_healed":0,"gold_gain":0,"player_choice":"Simplicity","damage_taken":0,"max_hp_gain":0,"max_hp_loss":0,"event_name":"Back to Basics","floor":19,"gold_loss":0,"cards_upgraded":["Defend_G","Defend_G","Defend_G","Defend_G","Defend_G","Strike_G","Strike_G","Strike_G","Strike_G","Strike_G"]},{"damage_healed":0,"gold_gain":0,"player_choice":"Cursed","damage_taken":0,"max_hp_gain":0,"max_hp_loss":0,"event_name":"Wheel of Change","floor":21,"gold_loss":0,"cards_obtained":["Decay"]},{"damage_healed":0,"gold_gain":0,"player_choice":"Obtained Relic","damage_taken":0,"relics_obtained":["Orichalcum"],"max_hp_gain":0,"max_hp_loss":0,"event_name":"Addict","floor":25,"gold_loss":85},{"damage_healed":0,"gold_gain":0,"player_choice":"Fight","damage_taken":0,"max_hp_gain":0,"max_hp_loss":0,"event_name":"Colosseum","floor":30,"gold_loss":0},{"damage_healed":0,"gold_gain":0,"player_choice":"Fled From Nobs","damage_taken":0,"max_hp_gain":0,"max_hp_loss":0,"event_name":"Colosseum","floor":30,"gold_loss":0}],"is_beta":true,"boss_relics":[{"not_picked":["Ectoplasm","Astrolabe"],"picked":"Ring of the Serpent"}],"items_purged_floors":[],"is_endless":false,"potions_floor_spawned":[5,7,10,16,18],"killed_by":"Snecko","ascension_level":10}