{"gold_per_floor":[140,152,164,181,195,195,228,228,228,246,262,279,279,308,308,413,413,424,443,469,495,505,505,505],"floor_reached":24,"playtime":773,"items_purged":[],"score":276,"play_id":"722992ae-e263-4ea6-88e6-60241b1f9dc3","local_time":"20190129205112","is_ascension_mode":true,"campfire_choices":[{"data":"Zap","floor":6.0,"key":"SMITH"},{"floor":13,"key":"REST"},{"data":"Electrodynamics","floor":15,"key":"SMITH"},{"data":"Echo Form","floor":23,"key":"SMITH"}],"neow_cost":"NONE","seed_source_timestamp":1043111273229788,"circlet_count":0,"master_deck":["Strike_B","Strike_B","Strike_B","Strike_B","Defend_B","Defend_B","Defend_B","Defend_B","Zap+1","Dualcast","Sweeping Beam+1","Compile Driver","Go for the Eyes","Conserve Battery","Beam Cell","Electrodynamics+1","Streamline","Echo Form+1","Conserve Battery","Capacitor+1","Shame"],"special_seed":0,"relics":["Cracked Core","Tiny Chest","Gremlin Horn","Bottled Tornado","Molten Egg 2","Cursed Key","Red Mask","Strawberry"],"potions_floor_usage":[14,14,22,22,24],"damage_taken":[{"damage":1.0,"enemies":"Cultist","floor":1.0,"turns":4.0},{"damage":9.0,"enemies":"2 Louse","floor":2.0,"turns":2.0},{"damage":6.0,"enemies":"Small Slimes","floor":3.0,"turns":3.0},{"damage":7.0,"enemies":"Exordium Wildlife","floor":4.0,"turns":3.0},{"damage":4.0,"enemies":"Red Slaver","floor":5.0,"turns":3.0},{"damage":18.0,"enemies":"Gremlin Nob","floor":7.0,"turns":3.0},{"damage":0,"enemies":"Lots of Slimes","floor":10,"turns":1},{"damage":4,"enemies":"Gremlin Gang","floor":11,"turns":2},{"damage":0,"enemies":"Exordium Thugs","floor":12,"turns":3},{"damage":15,"enemies":"Lagavulin","floor":14,"turns":3},{"damage":10,"enemies":"Slime Boss","floor":16,"turns":6},{"damage":0,"enemies":"Chosen","floor":18,"turns":3},{"damage":18,"enemies":"2 Thieves","floor":19,"turns":3},{"damage":0,"enemies":"Masked Bandits","floor":20,"turns":2},{"damage":14,"enemies":"Centurion and Healer","floor":22,"turns":3},{"damage":41,"enemies":"Book of Stabbing","floor":24,"turns":5}],"seed_played":"5439173850539421501","potions_obtained":[{"floor":2.0,"key":"Swift Potion"},{"floor":3.0,"key":"Swift Potion"},{"floor":5.0,"key":"Swift Potion"},{"floor":7,"key":"Poison Potion"},{"floor":12,"key":"LiquidBronze"},{"floor":18,"key":"FearPotion"},{"floor":22,"key":"Ancient Potion"}],"is_trial":false,"path_per_floor":["M","M","M","M","M","R","E","?","T","M","M","M","R","E","R","B",null,"M","M","?","T","M","R","E"],"character_chosen":"DEFECT","items_purchased":[],"campfire_rested":1,"item_purchase_floors":[],"current_hp_per_floor":[67,58,52,45,41,41,23,23,23,23,19,19,41,26,26,16,60,60,42,42,49,35,35,0],"gold":505,"neow_bonus":"RANDOM_COMMON_RELIC","is_prod":false,"is_daily":false,"chose_seed":false,"campfire_upgraded":3,"win_rate":0,"timestamp":1548823872,"path_taken":["M","M","M","M","?","R","E","?","T","M","M","M","R","E","R","BOSS","M","M","?","?","?","R","E"],"build_version":"2019-01-23","purchased_purges":0,"victory":false,"max_hp_per_floor":[75,75,75,75,75,75,75,75,75,75,75,75,75,75,75,75,75,75,75,75,82,82,82,82],"card_choices":[{"not_picked":["Redo","Stack"],"picked":"Sweeping Beam","floor":1.0},{"not_picked":["Fusion","Undo"],"picked":"Compile Driver","floor":2.0},{"not_picked":["Redo","Fusion"],"picked":"Go for the Eyes","floor":3.0},{"not_picked":["Rebound","Darkness"],"picked":"Conserve Battery","floor":4.0},{"not_picked":["Gash","Steam"],"picked":"Beam Cell","floor":5.0},{"not_picked":["Rebound","Beam Cell"],"picked":"Electrodynamics","floor":7},{"not_picked":["Coolheaded","Rip and Tear"],"picked":"Streamline","floor":10},{"not_picked":["Steam","Ball Lightning","Blizzard"],"picked":"SKIP","floor":11},{"not_picked":["Steam Power","Stack","Reprogram"],"picked":"SKIP","floor":12},{"not_picked":["Sweeping Beam","Rebound","Force Field"],"picked":"SKIP","floor":14},{"not_picked":["Electrodynamics","Multi-Cast"],"picked":"Echo Form","floor":16},{"not_picked":["Chaos","Steam","Compile Driver+1"],"picked":"SKIP","floor":18},{"not_picked":["Go for the Eyes+1","Turbo"],"picked":"Conserve Battery","floor":19},{"not_picked":["Blizzard+1","Compile Driver+1"],"picked":"Capacitor+1","floor":20},{"not_picked":["Turbo","Reprogram","Beam Cell+1"],"picked":"SKIP","floor":22}],"player_experience":281313,"relics_obtained":[{"floor":7,"key":"Gremlin Horn"},{"floor":9,"key":"Bottled Tornado"},{"floor":14,"key":"Molten Egg 2"},{"floor":20,"key":"Red Mask"},{"floor":21,"key":"Strawberry"}],"event_choices":[{"damage_healed":0,"gold_gain":0,"player_choice":"Grow","damage_taken":0,"max_hp_gain":0,"max_hp_loss":0,"event_name":"Living Wall","floor":8,"gold_loss":0,"cards_upgraded":["Sweeping Beam"]},{"damage_healed":0,"gold_gain":0,"player_choice":"Fought Bandits","damage_taken":0,"max_hp_gain":0,"max_hp_loss":0,"event_name":"Masked Bandits","floor":20,"gold_loss":0}],"is_beta":false,"boss_relics":[{"not_picked":["Sozu","Fusion Hammer"],"picked":"Cursed Key"}],"items_purged_floors":[],"is_endless":false,"potions_floor_spawned":[2,3,5,7,12,18,22],"killed_by":"Book of Stabbing","ascension_level":6}