{"gold_per_floor":[117,131,141,191,204,204,233,301,354,354,379,391,434,462,474,557,569,591,616,660,684,61,61],"floor_reached":23,"playtime":1785,"items_purged":["Strike_B"],"score":422,"play_id":"8483e8d1-4dcf-4f43-a4a3-4f0455e694f9","local_time":"20190208201935","is_ascension_mode":true,"campfire_choices":[{"data":"Sunder","floor":6,"key":"SMITH"},{"floor":10,"key":"REST"},{"data":"Fission","floor":15,"key":"SMITH"}],"neow_cost":"NONE","seed_source_timestamp":1893681514328261,"circlet_count":0,"master_deck":["AscendersBane","Strike_B","Strike_B","Strike_B","Defend_B","Defend_B","Defend_B","Defend_B","Zap+1","Dualcast","Sunder+1","Ball Lightning","Compile Driver","Go for the Eyes","Beam Cell","Coolheaded","Fission+1","Cold Snap","Rainbow","Stack+1","Glacier","Defragment","Conserve Battery"],"relics":["Cracked Core","Kunai","PreservedInsect","MawBank","Smiling Mask","Snecko Eye","Red Mask","Torii"],"potions_floor_usage":[7,19,20,23,23],"damage_taken":[{"damage":2,"enemies":"2 Louse","floor":1,"turns":2},{"damage":0,"enemies":"Cultist","floor":2,"turns":3},{"damage":0,"enemies":"Small Slimes","floor":3,"turns":2},{"damage":13,"enemies":"Blue Slaver","floor":5,"turns":3},{"damage":25,"enemies":"Lagavulin","floor":7,"turns":5},{"damage":8,"enemies":"Gremlin Nob","floor":11,"turns":3},{"damage":3,"enemies":"Lagavulin","floor":13,"turns":5},{"damage":4,"enemies":"Exordium Thugs","floor":14,"turns":3},{"damage":20,"enemies":"The Guardian","floor":16,"turns":14},{"damage":2,"enemies":"Spheric Guardian","floor":18,"turns":3},{"damage":7,"enemies":"2 Thieves","floor":19,"turns":4},{"damage":5,"enemies":"Masked Bandits","floor":20,"turns":3},{"damage":1,"enemies":"Centurion and Healer","floor":21,"turns":5},{"damage":73,"enemies":"Gremlin Leader","floor":23,"turns":6}],"seed_played":"-5689761881248745936","potions_obtained":[{"floor":3,"key":"Poison Potion"},{"floor":5,"key":"Fire Potion"},{"floor":11,"key":"Dexterity Potion"},{"floor":14,"key":"Strength Potion"}],"is_trial":false,"path_per_floor":["M","M","M","?","M","R","E","?","T","R","E","?","E","M","R","B",null,"M","M","?","M","$","E"],"character_chosen":"DEFECT","items_purchased":["Torii","Defragment","Regen Potion","Block Potion","Conserve Battery"],"campfire_rested":1,"item_purchase_floors":[22,22,22,22,22],"current_hp_per_floor":[69,69,69,69,56,56,31,31,31,54,46,46,43,39,39,19,63,61,54,49,48,48,0],"gold":61,"neow_bonus":"TEN_PERCENT_HP_BONUS","is_prod":false,"is_daily":false,"chose_seed":false,"campfire_upgraded":2,"win_rate":0,"timestamp":1549685975,"path_taken":["M","M","M","?","?","R","E","?","T","R","E","?","E","M","R","BOSS","M","M","?","M","$","E"],"build_version":"2019-01-23","purchased_purges":1,"victory":false,"max_hp_per_floor":[78,78,78,78,78,78,78,78,78,78,78,78,78,78,78,78,78,78,78,78,78,78,78],"card_choices":[{"not_picked":["Leap","Barrage"],"picked":"Sunder","floor":1},{"not_picked":["Leap","Conserve Battery"],"picked":"Ball Lightning","floor":2},{"not_picked":["Go for the Eyes","Capacitor"],"picked":"Compile Driver","floor":3},{"not_picked":["Barrage","Heatsinks"],"picked":"Go for the Eyes","floor":5},{"not_picked":["Tempest","Steam"],"picked":"Beam Cell","floor":7},{"not_picked":["Recycle","Hello World"],"picked":"Coolheaded","floor":11},{"not_picked":["Skim","Storm"],"picked":"Fission","floor":13},{"not_picked":["Rebound","Ball Lightning"],"picked":"Cold Snap","floor":14},{"not_picked":["Amplify","Creative AI"],"picked":"Rainbow","floor":16},{"not_picked":["Rip and Tear","BootSequence","Go for the Eyes"],"picked":"SKIP","floor":18},{"not_picked":["Beam Cell","FTL"],"picked":"Stack+1","floor":19},{"not_picked":["Conserve Battery","White Noise"],"picked":"Glacier","floor":21}],"player_experience":828770,"relics_obtained":[{"floor":7,"key":"Kunai"},{"floor":9,"key":"PreservedInsect"},{"floor":11,"key":"MawBank"},{"floor":13,"key":"Smiling Mask"},{"floor":20,"key":"Red Mask"}],"event_choices":[{"damage_healed":0,"gold_gain":50,"player_choice":"Pray","damage_taken":0,"max_hp_gain":0,"max_hp_loss":0,"event_name":"Golden Shrine","floor":4,"gold_loss":0},{"damage_healed":0,"gold_gain":68,"player_choice":"Gained Gold","damage_taken":0,"max_hp_gain":0,"max_hp_loss":0,"event_name":"Golden Wing","floor":8,"gold_loss":0},{"damage_healed":0,"gold_gain":0,"player_choice":"Upgraded","damage_taken":0,"max_hp_gain":0,"max_hp_loss":0,"event_name":"Upgrade Shrine","floor":12,"gold_loss":0,"cards_upgraded":["Zap"]},{"damage_healed":0,"gold_gain":0,"player_choice":"Fought Bandits","damage_taken":0,"max_hp_gain":0,"max_hp_loss":0,"event_name":"Masked Bandits","floor":20,"gold_loss":0}],"is_beta":false,"boss_relics":[{"not_picked":["White Beast Statue","Cursed Key"],"picked":"Snecko Eye"}],"items_purged_floors":[22],"is_endless":false,"potions_floor_spawned":[3,5,11,14],"killed_by":"Gremlin Leader","ascension_level":20}