{"gold_per_floor":[109,128,128,56,73,96,96,123,123,123,151,169,169,179,179,279,279,289,300,300,315,15,15,42,42,42,52,69,69,83,97,97,195,195,212,225,244,262,272,272,8,8,8,8,33,53,69,81,81,81],"floor_reached":51,"playtime":5069,"items_purged":["Strike_G"],"score":748,"play_id":"981de64d-ef81-45d9-990b-0a008216a23e","local_time":"20180918134038","is_ascension_mode":true,"campfire_choices":[{"data":"Deadly Poison","floor":7.0,"key":"SMITH"},{"floor":10.0,"key":"REST"},{"floor":15.0,"key":"REST"},{"floor":23,"key":"REST"},{"floor":25,"key":"REST"},{"floor":29,"key":"REST"},{"data":"Noxious Fumes","floor":32,"key":"SMITH"},{"floor":40,"key":"REST"},{"data":"Sadistic Nature","floor":44,"key":"SMITH"},{"floor":49,"key":"REST"}],"neow_cost":"NONE","seed_source_timestamp":0,"circlet_count":0,"master_deck":["Defend_G","Defend_G","Defend_G","Defend_G","Defend_G","Strike_G","Strike_G","Strike_G","Strike_G","Survivor","Neutralize","Noxious Fumes+1","Deadly Poison+1","Prepared","Bane","Backflip","Poisoned Stab","Adrenaline","Noxious Fumes+1","Leg Sweep","Venomology","Sucker Punch","Wraith Form v2","Outmaneuver","Corpse Explosion","Crippling Poison+1","Cloak And Dagger","Poisoned Stab+1","Adrenaline","Bouncing Flask","Outmaneuver+1","PiercingWail+1","Sucker Punch+1","Bane+1","Sadistic Nature+1","Madness","Madness","Footwork+1"],"special_seed":0,"relics":["Ring of the Snake","NeowsBlessing","Art of War","Orichalcum","Singing Bowl","Pear","Sundial","Velvet Choker","FossilizedHelix","Bronze Scales","The Courier","Eternal Feather","Frozen Egg 2","Shuriken"],"potions_floor_usage":[21,27,33,33,36,37,39,45,46,48,50,50,50,50],"damage_taken":[{"damage":0.0,"enemies":"Small Slimes","floor":1.0,"turns":1.0},{"damage":0.0,"enemies":"Jaw Worm","floor":2.0,"turns":1.0},{"damage":0.0,"enemies":"Cultist","floor":5.0,"turns":1.0},{"damage":27.0,"enemies":"Lagavulin","floor":8.0,"turns":6.0},{"damage":20.0,"enemies":"Gremlin Nob","floor":11.0,"turns":4.0},{"damage":19.0,"enemies":"Exordium Thugs","floor":12.0,"turns":4.0},{"damage":8.0,"enemies":"Large Slime","floor":14.0,"turns":5.0},{"damage":29.0,"enemies":"Slime Boss","floor":16.0,"turns":8.0},{"damage":11.0,"enemies":"Chosen","floor":18.0,"turns":5.0},{"damage":18,"enemies":"2 Thieves","floor":19,"turns":4},{"damage":4,"enemies":"Cultist and Chosen","floor":21,"turns":8},{"damage":32,"enemies":"Gremlin Leader","floor":24,"turns":6},{"damage":0,"enemies":"Chosen and Byrds","floor":27,"turns":6},{"damage":0,"enemies":"Centurion and Healer","floor":28,"turns":4},{"damage":8,"enemies":"Snake Plant","floor":30,"turns":3},{"damage":0,"enemies":"Chosen and Byrds","floor":31,"turns":5},{"damage":15,"enemies":"Champ","floor":33,"turns":11},{"damage":0,"enemies":"3 Shapes","floor":35,"turns":3},{"damage":13,"enemies":"3 Darklings","floor":36,"turns":4},{"damage":30,"enemies":"Spire Growth","floor":37,"turns":5},{"damage":20,"enemies":"Sphere and 2 Shapes","floor":38,"turns":5},{"damage":5,"enemies":"Maw","floor":39,"turns":7},{"damage":35,"enemies":"Nemesis","floor":45,"turns":9},{"damage":6,"enemies":"Spire Growth","floor":46,"turns":6},{"damage":0,"enemies":"4 Shapes","floor":47,"turns":3},{"damage":0,"enemies":"3 Darklings","floor":48,"turns":3},{"damage":64,"enemies":"Time Eater","floor":50,"turns":13}],"seed_played":"-7249366136921182894","potions_obtained":[{"floor":1.0,"key":"Block Potion"},{"floor":2.0,"key":"AttackPotion"},{"floor":12.0,"key":"Strength Potion"},{"floor":14.0,"key":"Dexterity Potion"},{"floor":16.0,"key":"Fire Potion"},{"floor":33,"key":"LiquidBronze"},{"floor":47,"key":"GhostInAJar"}],"is_trial":false,"path_per_floor":["M","M","?","$","M","T","R","E","T","R","E","M","?","M","R","B",null,"M","M","?","M","$","R","E","R","T","M","M","R","M","M","R","B",null,"M","M","M","M","M","R","$","?","T","R","E","M","M","M","R","B"],"character_chosen":"THE_SILENT","items_purchased":["Prepared","Bane","FossilizedHelix","Sadistic Nature","EssenceOfSteel"],"campfire_rested":7,"item_purchase_floors":[4,4,22,41,41],"current_hp_per_floor":[70,70,70,70,70,70,70,43,43,64,54,35,28,20,44,15,80,69,51,36,32,32,57,25,50,50,50,50,75,67,69,69,54,87,87,74,44,24,19,66,66,55,55,76,43,37,39,41,89,25],"gold":81,"neow_bonus":"THREE_ENEMY_KILL","is_prod":false,"is_daily":false,"chose_seed":false,"campfire_upgraded":3,"win_rate":0,"timestamp":1537292438,"path_taken":["M","M","?","$","?","?","R","E","T","R","E","?","?","M","R","BOSS","M","M","?","M","$","R","E","R","T","M","M","R","?","M","R","BOSS","M","M","M","M","M","R","$","?","T","R","E","?","M","M","R","BOSS"],"build_version":"2018-09-06","purchased_purges":1,"victory":true,"max_hp_per_floor":[70,70,70,70,70,70,70,70,70,70,80,80,80,80,80,80,80,80,80,85,85,85,85,85,85,85,85,85,85,85,87,87,87,87,87,87,87,87,87,87,87,87,87,87,89,89,91,93,93,93],"card_choices":[{"not_picked":["Reflex","Setup"],"picked":"Noxious Fumes","floor":1.0},{"not_picked":["Deflect","Masterful Stab"],"picked":"Deadly Poison","floor":2.0},{"not_picked":["Accuracy","Slice"],"picked":"Backflip","floor":5.0},{"not_picked":["Underhanded Strike","Heel Hook"],"picked":"Poisoned Stab","floor":8.0},{"not_picked":["Night Terror","Well Laid Plans"],"picked":"Adrenaline","floor":11.0},{"not_picked":["Underhanded Strike","Quick Slash"],"picked":"Noxious Fumes","floor":12.0},{"not_picked":["Accuracy","Backflip"],"picked":"Leg Sweep","floor":14.0},{"not_picked":["Malaise","Die Die Die"],"picked":"Venomology","floor":16.0},{"not_picked":["Skewer","Dagger Throw"],"picked":"Sucker Punch","floor":18.0},{"not_picked":["Acrobatics+1","Slice+1"],"picked":"Wraith Form v2","floor":19},{"not_picked":["Underhanded Strike","Tactician"],"picked":"Outmaneuver","floor":21},{"not_picked":["Heel Hook","Dagger Spray"],"picked":"Corpse Explosion","floor":24},{"not_picked":["Backflip+1","Backstab+1"],"picked":"Crippling Poison+1","floor":27},{"not_picked":["Poisoned Stab+1","Crippling Poison"],"picked":"Cloak And Dagger","floor":28},{"not_picked":["Prepared","Dodge and Roll+1"],"picked":"Poisoned Stab+1","floor":30},{"not_picked":["Blade Dance","Reflex","Accuracy"],"picked":"Singing Bowl","floor":31},{"not_picked":["Tools of the Trade","Glass Knife"],"picked":"Adrenaline","floor":33},{"not_picked":["Dagger Spray+1","Terror"],"picked":"Bouncing Flask","floor":35},{"not_picked":["PiercingWail","Tactician"],"picked":"Outmaneuver+1","floor":36},{"not_picked":["Setup","Tools of the Trade"],"picked":"PiercingWail+1","floor":37},{"not_picked":["Cloak And Dagger","Deadly Poison"],"picked":"Sucker Punch+1","floor":38},{"not_picked":["Slice","Quick Slash"],"picked":"Bane+1","floor":39},{"not_picked":["Underhanded Strike+1","Grand Finale","Blade Dance+1"],"picked":"Singing Bowl","floor":45},{"not_picked":["Slice+1","Calculated Gamble+1"],"picked":"Footwork+1","floor":46},{"not_picked":["Cloak And Dagger","Quick Slash","Sucker Punch"],"picked":"Singing Bowl","floor":47},{"not_picked":["Blade Dance","Reflex+1","Dagger Spray"],"picked":"Singing Bowl","floor":48}],"player_experience":410021,"relics_obtained":[{"floor":6.0,"key":"Art of War"},{"floor":8.0,"key":"Orichalcum"},{"floor":9.0,"key":"Singing Bowl"},{"floor":11.0,"key":"Pear"},{"floor":24,"key":"Bronze Scales"},{"floor":26,"key":"The Courier"},{"floor":43,"key":"Frozen Egg 2"},{"floor":45,"key":"Shuriken"}],"event_choices":[{"event_name":"Living Wall","player_choice":"Grow","floor":3.0,"damage_taken":0.0},{"event_name":"Scrap Ooze","player_choice":"success","floor":13.0,"damage_taken":7.0},{"event_name":"Forgotten Altar","player_choice":"Shed Blood","floor":20,"damage_taken":0},{"event_name":"Winding Halls","player_choice":"Embrace Madness","floor":42,"damage_taken":0}],"is_beta":false,"boss_relics":[{"not_picked":["Pandora\u0027s Box","Lizard Tail"],"picked":"Velvet Choker"},{"not_picked":["White Beast Statue","Snecko Eye"],"picked":"Eternal Feather"}],"items_purged_floors":[41],"is_endless":false,"potions_floor_spawned":[1,2,12,14,16,18,24,27,33,35,38,46,47],"ascension_level":1}