{"gold_per_floor":[115,128,144,144,163,163,163,178,178,208,223,223,248,260,260,332,332,351,325,37,37,37,37,65,65,65,90,90,114,131,142,142,219,219,237,248,348,366,35,35],"floor_reached":40,"playtime":3281,"items_purged":["Strike_B","Strike_B"],"score":1026,"play_id":"99e82b8d-65e7-4025-a22d-ef0866d76ccd","local_time":"20190206200535","is_ascension_mode":true,"campfire_choices":[{"data":"Zap","floor":6,"key":"SMITH"},{"floor":12,"key":"REST"},{"data":"Sweeping Beam","floor":15,"key":"SMITH"},{"data":"Conserve Battery","floor":23,"key":"SMITH"},{"data":"Hologram","floor":25,"key":"SMITH"},{"floor":28,"key":"REST"},{"floor":32,"key":"REST"}],"neow_cost":"NONE","seed_source_timestamp":1718540169254390,"circlet_count":0,"master_deck":["AscendersBane","Strike_B","Strike_B","Defend_B+1","Defend_B+1","Defend_B","Defend_B","Zap+1","Dualcast","Sweeping Beam+1","Compile Driver","Conserve Battery+1","Steam","Ball Lightning","Echo Form","Cold Snap","Core Surge","Gash","Echo Form","Fusion","Hologram+1","Creative AI","Reinforced Body+1"],"relics":["Cracked Core","Anchor","Shuriken","Kunai","Snecko Eye","Runic Capacitor","Letter Opener","Symbiotic Virus","Blood Vial","Smiling Mask","Inserter","Shovel","ClockworkSouvenir"],"potions_floor_usage":[5,13,16,16,16,24,27,33,36,38,40,40],"damage_taken":[{"damage":1,"enemies":"Cultist","floor":1,"turns":4},{"damage":0,"enemies":"2 Louse","floor":2,"turns":2},{"damage":0,"enemies":"Small Slimes","floor":3,"turns":2},{"damage":6,"enemies":"Exordium Thugs","floor":5,"turns":4},{"damage":0,"enemies":"Exordium Wildlife","floor":8,"turns":2},{"damage":27,"enemies":"3 Sentries","floor":10,"turns":7},{"damage":0,"enemies":"3 Louse","floor":11,"turns":3},{"damage":0,"enemies":"Gremlin Nob","floor":13,"turns":3},{"damage":0,"enemies":"Lots of Slimes","floor":14,"turns":2},{"damage":0,"enemies":"Slime Boss","floor":16,"turns":7},{"damage":7,"enemies":"Spheric Guardian","floor":18,"turns":5},{"damage":10,"enemies":"2 Thieves","floor":19,"turns":4},{"damage":7,"enemies":"Gremlin Leader","floor":24,"turns":5},{"damage":40,"enemies":"Slavers","floor":27,"turns":6},{"damage":13,"enemies":"Snake Plant","floor":30,"turns":4},{"damage":0,"enemies":"Cultist and Chosen","floor":31,"turns":4},{"damage":26,"enemies":"Champ","floor":33,"turns":11},{"damage":31,"enemies":"Orb Walker","floor":35,"turns":4},{"damage":0,"enemies":"3 Shapes","floor":36,"turns":7},{"damage":0,"enemies":"Mind Bloom Boss Battle","floor":37,"turns":8},{"damage":31,"enemies":"Spire Growth","floor":38,"turns":8},{"damage":9,"enemies":"Reptomancer","floor":40,"turns":2}],"seed_played":"3613565054137392505","potions_obtained":[{"floor":2,"key":"Fire Potion"},{"floor":8,"key":"FearPotion"},{"floor":10,"key":"EntropicBrew"},{"floor":14,"key":"Regen Potion"},{"floor":18,"key":"Energy Potion"},{"floor":27,"key":"AttackPotion"},{"floor":31,"key":"Explosive Potion"},{"floor":33,"key":"Explosive Potion"},{"floor":35,"key":"Block Potion"},{"floor":37,"key":"SpeedPotion"}],"is_trial":false,"path_per_floor":["M","M","M","?","M","R","?","M","T","E","M","R","E","M","R","B",null,"M","M","$","?","$","R","E","R","T","E","R","T","M","M","R","B",null,"M","M","?","M","$","E"],"character_chosen":"DEFECT","items_purchased":["Runic Capacitor","ClockworkSouvenir","Block Potion"],"campfire_rested":3,"item_purchase_floors":[20,39,39],"current_hp_per_floor":[63,63,63,68,62,62,39,39,39,12,12,34,34,34,34,49,69,62,52,52,52,52,52,45,45,45,5,27,27,16,18,40,16,61,32,34,36,7,7,0],"gold":35,"neow_bonus":"RANDOM_COMMON_RELIC","is_prod":false,"is_daily":false,"chose_seed":false,"campfire_upgraded":4,"win_rate":0,"timestamp":1549512335,"path_taken":["M","M","M","?","M","R","?","M","T","E","M","R","E","M","R","BOSS","M","M","$","?","?","R","E","R","T","E","R","?","M","M","R","BOSS","M","M","?","M","$","E"],"build_version":"2019-01-23","purchased_purges":2,"victory":false,"max_hp_per_floor":[71,71,71,76,76,76,76,76,76,76,76,76,76,76,76,76,76,76,76,76,76,76,76,76,76,76,76,76,76,76,76,76,76,76,76,76,76,76,76,76],"card_choices":[{"not_picked":["Coolheaded","Hologram"],"picked":"Sweeping Beam","floor":1},{"not_picked":["Conserve Battery","Streamline"],"picked":"Compile Driver","floor":2},{"not_picked":["Turbo","Double Energy"],"picked":"Conserve Battery","floor":3},{"not_picked":["Rebound","Conserve Battery"],"picked":"Steam","floor":5},{"not_picked":["Tempest","Coolheaded"],"picked":"Ball Lightning","floor":8},{"not_picked":["Hologram","Leap"],"picked":"Echo Form","floor":10},{"not_picked":["Turbo","Leap"],"picked":"Cold Snap","floor":11},{"not_picked":["Consume","Storm"],"picked":"Core Surge","floor":13},{"not_picked":["Doom and Gloom","Cold Snap"],"picked":"Gash","floor":14},{"not_picked":["Machine Learning","Buffer"],"picked":"Echo Form","floor":16},{"not_picked":["Rebound","Compile Driver","Skim"],"picked":"SKIP","floor":18},{"not_picked":["Barrage","Static Discharge"],"picked":"Fusion","floor":19},{"not_picked":["Stack","Rebound"],"picked":"Hologram","floor":24},{"not_picked":["Go for the Eyes","Thunder Strike","Heatsinks+1"],"picked":"SKIP","floor":27},{"not_picked":["Beam Cell","Turbo","Sunder"],"picked":"SKIP","floor":30},{"not_picked":["Sweeping Beam","Go for the Eyes","Steam"],"picked":"SKIP","floor":31},{"not_picked":["Core Surge","Buffer"],"picked":"Creative AI","floor":33},{"not_picked":["Rebound+1","Steam"],"picked":"Reinforced Body+1","floor":35},{"not_picked":["Steam+1","Gash+1","Auto Shields+1"],"picked":"SKIP","floor":36},{"not_picked":["Sweeping Beam","Storm","Capacitor+1"],"picked":"SKIP","floor":38}],"player_experience":816449,"relics_obtained":[{"floor":10,"key":"Shuriken"},{"floor":13,"key":"Kunai"},{"floor":24,"key":"Letter Opener"},{"floor":26,"key":"Symbiotic Virus"},{"floor":27,"key":"Blood Vial"},{"floor":29,"key":"Smiling Mask"},{"floor":37,"key":"Shovel"}],"event_choices":[{"damage_healed":0,"gold_gain":0,"player_choice":"Donut","damage_taken":0,"max_hp_gain":5,"max_hp_loss":0,"event_name":"Big Fish","floor":4,"gold_loss":0},{"damage_healed":0,"gold_gain":0,"player_choice":"Entered Light","damage_taken":23,"max_hp_gain":0,"max_hp_loss":0,"event_name":"Shining Light","floor":7,"gold_loss":0,"cards_upgraded":["Defend_B","Defend_B"]},{"damage_healed":0,"gold_gain":0,"player_choice":"Ignored","damage_taken":0,"max_hp_gain":0,"max_hp_loss":0,"event_name":"Vampires","floor":21,"gold_loss":0},{"damage_healed":0,"gold_gain":0,"player_choice":"Fight","damage_taken":0,"max_hp_gain":0,"max_hp_loss":0,"event_name":"MindBloom","floor":37,"gold_loss":0}],"is_beta":false,"boss_relics":[{"not_picked":["Orrery","Tiny House"],"picked":"Snecko Eye"},{"not_picked":["Velvet Choker","Pandora\u0027s Box"],"picked":"Inserter"}],"items_purged_floors":[20,39],"is_endless":false,"potions_floor_spawned":[2,8,10,11,14,18,27,31,33,35,37],"killed_by":"Reptomancer","ascension_level":20}