{"gold_per_floor":[110,129,143,143,153,153,179,191,217,229,275,349,378,401,413,529,541,567,589,0,0,0,0,25,25,52,52,63,83,83,83],"floor_reached":31,"playtime":3291,"items_purged":["Defend_B"],"score":332,"play_id":"7e89f3d4-3688-4157-a622-289cb52d7933","local_time":"20180907140557","is_ascension_mode":true,"campfire_choices":[{"data":"Multi-Cast","floor":6.0,"key":"SMITH"},{"floor":10.0,"key":"REST"},{"floor":15.0,"key":"REST"},{"floor":23,"key":"REST"},{"floor":25,"key":"REST"}],"neow_cost":"NONE","seed_source_timestamp":186342649433159,"circlet_count":0,"master_deck":["Defend_B","Defend_B","Defend_B","Zap","Dualcast","Multi-Cast+1","FTL","Glacier","Tempest","Multi-Cast","Fission","Conserve Battery","Coolheaded","Double Energy","Reboot","Conserve Battery","Cold Snap","Echo Form","Turbo","Conserve Battery","Apotheosis","Echo Form","Turbo","Go for the Eyes+1","Bite","Bite","Bite","Bite","Bite"],"special_seed":0,"relics":["Cracked Core","Centennial Puzzle","Bronze Scales","Juzu Bracelet","Busted Crown","Membership Card","StoneCalendar","Bottled Lightning","Nloth\u0027s Gift","Dodecahedron","Regal Pillow","Nilry\u0027s Codex"],"potions_floor_usage":[31],"damage_taken":[{"damage":9.0,"enemies":"Jaw Worm","floor":1.0,"turns":3.0},{"damage":1.0,"enemies":"Cultist","floor":2.0,"turns":3.0},{"damage":4.0,"enemies":"Small Slimes","floor":3.0,"turns":3.0},{"damage":0.0,"enemies":"Exordium Wildlife","floor":5.0,"turns":2.0},{"damage":29.0,"enemies":"Lagavulin","floor":7.0,"turns":7.0},{"damage":6.0,"enemies":"Looter","floor":8.0,"turns":4.0},{"damage":10.0,"enemies":"Gremlin Nob","floor":11.0,"turns":3.0},{"damage":18.0,"enemies":"3 Sentries","floor":12.0,"turns":6.0},{"damage":7.0,"enemies":"Red Slaver","floor":13.0,"turns":3.0},{"damage":6.0,"enemies":"Large Slime","floor":14.0,"turns":4.0},{"damage":25.0,"enemies":"Hexaghost","floor":16.0,"turns":14.0},{"damage":8.0,"enemies":"3 Byrds","floor":18.0,"turns":3.0},{"damage":33,"enemies":"2 Thieves","floor":19,"turns":4},{"damage":26,"enemies":"Book of Stabbing","floor":24,"turns":5},{"damage":22,"enemies":"Snake Plant","floor":28,"turns":3},{"damage":22,"enemies":"Shelled Parasite and Fungi","floor":29,"turns":4},{"damage":20,"enemies":"Centurion and Healer","floor":31,"turns":3}],"seed_played":"8968411468531371304","potions_obtained":[{"floor":1.0,"key":"EssenceOfSteel"},{"floor":2.0,"key":"Block Potion"},{"floor":8.0,"key":"EssenceOfSteel"},{"floor":16.0,"key":"SteroidPotion"},{"floor":19,"key":"SneckoOil"},{"floor":24,"key":"FearPotion"}],"is_trial":false,"path_per_floor":["M","M","M","?","M","R","E","M","T","R","E","?","M","M","R","B",null,"M","M","$","?","?","R","E","R","T","?","M","M","?"],"character_chosen":"DEFECT","items_purchased":["Membership Card","StoneCalendar","Bottled Lightning","Apotheosis"],"campfire_rested":4,"item_purchase_floors":[20,20,20,20],"current_hp_per_floor":[66,65,61,61,61,61,32,26,26,48,38,20,13,7,29,4,75,67,34,34,34,34,56,30,52,52,36,34,12,12,0],"gold":83,"neow_bonus":"ONE_RANDOM_RARE_CARD","is_prod":false,"is_daily":false,"chose_seed":false,"campfire_upgraded":1,"win_rate":0,"timestamp":1536343557,"path_taken":["M","M","M","?","M","R","E","M","T","R","E","?","M","M","R","BOSS","M","M","$","?","?","R","E","R","T","?","M","M","?","M"],"build_version":"2018-09-06","purchased_purges":1,"victory":false,"max_hp_per_floor":[75,75,75,75,75,75,75,75,75,75,75,75,75,75,75,75,75,75,75,75,75,75,75,75,75,75,75,75,75,52,52],"card_choices":[{"not_picked":["BootSequence","Compile Driver"],"picked":"FTL","floor":1.0},{"not_picked":["Turbo","Hologram"],"picked":"Glacier","floor":2.0},{"not_picked":["Scrape","Barrage"],"picked":"Tempest","floor":3.0},{"not_picked":["Go for the Eyes","Cold Snap"],"picked":"Fission","floor":5.0},{"not_picked":["Steam","Chill"],"picked":"Conserve Battery","floor":7.0},{"not_picked":["Steam","Sweeping Beam"],"picked":"Coolheaded","floor":8.0},{"not_picked":["Leap","Redo"],"picked":"Double Energy","floor":11.0},{"not_picked":["Melter","Darkness"],"picked":"Reboot","floor":12.0},{"not_picked":["Rebound","Ball Lightning"],"picked":"Conserve Battery","floor":13.0},{"not_picked":["Hologram","Compile Driver"],"picked":"Cold Snap","floor":14.0},{"not_picked":["Machine Learning","Electrodynamics"],"picked":"Echo Form","floor":16.0},{"not_picked":[],"picked":"Turbo","floor":18.0},{"not_picked":[],"picked":"Conserve Battery","floor":19},{"not_picked":[],"picked":"Turbo","floor":24},{"not_picked":["Turbo"],"picked":"SKIP","floor":28},{"not_picked":[],"picked":"Go for the Eyes+1","floor":29}],"player_experience":303425,"relics_obtained":[{"floor":7.0,"key":"Centennial Puzzle"},{"floor":9.0,"key":"MawBank"},{"floor":11.0,"key":"Bronze Scales"},{"floor":24,"key":"Dodecahedron"},{"floor":26,"key":"Regal Pillow"},{"floor":27,"key":"Nilry\u0027s Codex"}],"event_choices":[{"event_name":"Match and Keep!","player_choice":"1 cards matched","floor":4.0,"damage_taken":0.0},{"event_name":"Dead Adventurer","player_choice":"Searched \u00273\u0027 times","floor":12.0,"damage_taken":0.0},{"event_name":"Duplicator","player_choice":"One dupe","floor":21,"damage_taken":0},{"event_name":"N\u0027loth","player_choice":"Traded a MawBank","floor":22,"damage_taken":0},{"event_name":"Cursed Tome","player_choice":"Obtained Book","floor":27,"damage_taken":0},{"event_name":"Vampires","player_choice":"Became a vampire","floor":30,"damage_taken":0}],"is_beta":false,"boss_relics":[{"not_picked":["Empty Cage","Runic Pyramid"],"picked":"Busted Crown"}],"items_purged_floors":[20],"is_endless":false,"potions_floor_spawned":[1,2,8,11,13,16,19,24,28],"killed_by":"Centurion and Healer","ascension_level":3}