{"gold_per_floor":[118,131,145,165,184,211,211,281,359,379,393,413,413,432,432,432],"floor_reached":16,"playtime":687,"items_purged":[],"score":211,"play_id":"ee86c604-15f8-403d-865f-ffa7c13b500c","local_time":"20190211135018","is_ascension_mode":true,"campfire_choices":[{"floor":13,"key":"REST"},{"data":"Loop","floor":15,"key":"SMITH"}],"neow_cost":"NONE","seed_source_timestamp":248444039374700,"circlet_count":0,"master_deck":["AscendersBane","Strike_B","Strike_B","Strike_B","Strike_B","Defend_B","Defend_B","Defend_B","Defend_B","Zap","Dualcast","Beam Cell","Undo","Leap","Melter","Sweeping Beam","Recycle+1","Conserve Battery+1","Chaos+1","Loop+1"],"relics":["Cracked Core","Ancient Tea Set","Toxic Egg 2","Pear"],"potions_floor_usage":[6,14,16],"damage_taken":[{"damage":0,"enemies":"Cultist","floor":1,"turns":4},{"damage":3,"enemies":"2 Louse","floor":2,"turns":2},{"damage":0,"enemies":"Small Slimes","floor":3,"turns":4},{"damage":6,"enemies":"3 Louse","floor":4,"turns":5},{"damage":0,"enemies":"Red Slaver","floor":5,"turns":3},{"damage":36,"enemies":"Gremlin Nob","floor":6,"turns":4},{"damage":6,"enemies":"Lots of Slimes","floor":10,"turns":3},{"damage":0,"enemies":"2 Fungi Beasts","floor":11,"turns":4},{"damage":0,"enemies":"Large Slime","floor":12,"turns":5},{"damage":0,"enemies":"Red Slaver","floor":14,"turns":3},{"damage":48,"enemies":"Slime Boss","floor":16,"turns":8}],"seed_played":"1308473142755327748","potions_obtained":[{"floor":2,"key":"SmokeBomb"},{"floor":3,"key":"Energy Potion"},{"floor":5,"key":"Swift Potion"},{"floor":11,"key":"Dexterity Potion"},{"floor":12,"key":"Block Potion"}],"is_trial":false,"path_per_floor":["M","M","M","M","M","E","?","?","T","M","M","M","R","M","R","B"],"character_chosen":"DEFECT","items_purchased":[],"campfire_rested":1,"item_purchase_floors":[],"current_hp_per_floor":[64,61,61,55,55,19,19,19,29,23,23,23,47,47,47,0],"gold":432,"neow_bonus":"RANDOM_COMMON_RELIC","is_prod":false,"is_daily":false,"chose_seed":false,"campfire_upgraded":1,"win_rate":0,"timestamp":1549911018,"path_taken":["M","M","M","?","M","E","?","?","T","M","M","M","R","M","R","BOSS"],"build_version":"2019-01-23","purchased_purges":0,"victory":false,"max_hp_per_floor":[71,71,71,71,71,71,71,71,81,81,81,81,81,81,81,81],"card_choices":[{"not_picked":["Compile Driver","Lockon"],"picked":"Beam Cell","floor":1},{"not_picked":["White Noise","Steam"],"picked":"Undo","floor":2},{"not_picked":["White Noise","Beam Cell"],"picked":"Leap","floor":3},{"not_picked":["Skim","Storm"],"picked":"Melter","floor":4},{"not_picked":["Rebound","Redo","Hologram"],"picked":"SKIP","floor":5},{"not_picked":["Undo","Beam Cell"],"picked":"Sweeping Beam","floor":6},{"not_picked":["Redo+1","Undo+1"],"picked":"Recycle+1","floor":10},{"not_picked":["Storm","Steam+1"],"picked":"Conserve Battery+1","floor":11},{"not_picked":["Reprogram+1","Conserve Battery+1"],"picked":"Chaos+1","floor":12},{"not_picked":["Barrage","Sunder"],"picked":"Loop","floor":14}],"player_experience":1200797,"relics_obtained":[{"floor":6,"key":"Toxic Egg 2"},{"floor":9,"key":"Pear"}],"event_choices":[{"damage_healed":0,"gold_gain":0,"player_choice":"Ignored","damage_taken":0,"max_hp_gain":0,"max_hp_loss":0,"event_name":"Shining Light","floor":7,"gold_loss":0},{"damage_healed":0,"gold_gain":70,"player_choice":"Gained Gold","damage_taken":0,"max_hp_gain":0,"max_hp_loss":0,"event_name":"Golden Wing","floor":8,"gold_loss":0}],"is_beta":false,"boss_relics":[],"items_purged_floors":[],"is_endless":false,"potions_floor_spawned":[2,3,5,11,12],"killed_by":"Slime Boss","ascension_level":19}