{"gold_per_floor":[114,128,145,156,175,208,208,158,184,209,209,209,223,250,250,345,345,363,363,375,7,7,34,34,44,97,97,0,20,20,35,35,137,137,150,164,209,209,220,220,251,251,301,301,635,97,97,97,97,97],"floor_reached":50,"playtime":4351,"items_purged":["Strike_G","Strike_G+1"],"score":553,"play_id":"60e991d1-5c5c-49fb-a477-5abedb8badb6","local_time":"20190118165608","is_ascension_mode":false,"campfire_choices":[{"floor":7.0,"key":"REST"},{"floor":12.0,"key":"REST"},{"floor":15.0,"key":"RECALL"},{"floor":27.0,"key":"REST"},{"data":"A Thousand Cuts","floor":32.0,"key":"SMITH"},{"floor":40.0,"key":"REST"},{"floor":42.0,"key":"REST"},{"data":"Adrenaline","floor":47,"key":"SMITH"},{"data":"Leg Sweep","floor":49,"key":"SMITH"}],"neow_cost":"NONE","seed_source_timestamp":0,"circlet_count":0,"master_deck":["Defend_G+1","Defend_G+1","Defend_G+1","Defend_G+1","Defend_G+1","Strike_G+1","Strike_G+1","Survivor+1","Neutralize","Leg Sweep+1","Dagger Throw","A Thousand Cuts+1","Infinite Blades","Deflect+1","Well Laid Plans","Backstab","Corpse Explosion","Dagger Throw","Backstab","Distraction","Backflip","Noxious Fumes","Deadly Poison","Catalyst","Adrenaline+1","A Thousand Cuts+1","Prepared","Chrysalis","Mayhem","Flechettes+1","Madness","Madness"],"special_seed":0,"relics":["Eternal Feather","Blood Vial","Juzu Bracelet","Ancient Tea Set","Busted Crown","Nloth\u0027s Gift","Sundial","Nunchaku","Dream Catcher","MutagenicStrength","Velvet Choker","WingedGreaves","Molten Egg 2","War Paint","Old Coin","Lee\u0027s Waffle"],"potions_floor_usage":[45,50],"damage_taken":[{"damage":8.0,"enemies":"Cultist","floor":1.0,"turns":5.0},{"damage":0.0,"enemies":"Small Slimes","floor":2.0,"turns":4.0},{"damage":0.0,"enemies":"2 Louse","floor":3.0,"turns":3.0},{"damage":2.0,"enemies":"Blue Slaver","floor":4.0,"turns":5.0},{"damage":6.0,"enemies":"Exordium Wildlife","floor":5.0,"turns":5.0},{"damage":26.0,"enemies":"Lagavulin","floor":6.0,"turns":13.0},{"damage":20.0,"enemies":"3 Sentries","floor":10.0,"turns":9.0},{"damage":10.0,"enemies":"Lots of Slimes","floor":13.0,"turns":5.0},{"damage":68.0,"enemies":"Slime Boss","floor":16.0,"turns":13.0},{"damage":15.0,"enemies":"2 Thieves","floor":18.0,"turns":4.0},{"damage":13.0,"enemies":"3 Byrds","floor":20.0,"turns":3.0},{"damage":17.0,"enemies":"Book of Stabbing","floor":23.0,"turns":6.0},{"damage":11.0,"enemies":"Sentry and Sphere","floor":25.0,"turns":6.0},{"damage":11.0,"enemies":"Snecko","floor":29.0,"turns":7.0},{"damage":18.0,"enemies":"Shelled Parasite and Fungi","floor":31.0,"turns":6.0},{"damage":41.0,"enemies":"Collector","floor":33.0,"turns":9.0},{"damage":0.0,"enemies":"3 Shapes","floor":35.0,"turns":4.0},{"damage":16.0,"enemies":"3 Darklings","floor":36.0,"turns":2.0},{"damage":42.0,"enemies":"2 Orb Walkers","floor":37.0,"turns":4.0},{"damage":10.0,"enemies":"4 Shapes","floor":39.0,"turns":4.0},{"damage":23.0,"enemies":"Nemesis","floor":41.0,"turns":7.0},{"damage":45,"enemies":"Giant Head","floor":45,"turns":9},{"damage":86,"enemies":"Time Eater","floor":50,"turns":10}],"seed_played":"-2363575604995079739","potions_obtained":[{"floor":3.0,"key":"EssenceOfSteel"},{"floor":4.0,"key":"Block Potion"},{"floor":13.0,"key":"Energy Potion"},{"floor":20.0,"key":"AttackPotion"},{"floor":23.0,"key":"EntropicBrew"},{"floor":25.0,"key":"SkillPotion"},{"floor":29.0,"key":"Dexterity Potion"},{"floor":36.0,"key":"SpeedPotion"},{"floor":41.0,"key":"Weak Potion"},{"floor":45,"key":"Explosive Potion"}],"is_trial":false,"path_per_floor":["M","M","M","M","M","E","R","?","T","E","?","R","M","T","R","B",null,"M","?","M","$","?","E","?","M","T","R","$","M","?","M","R","B",null,"M","M","?","?","M","R","E","R","T","?","E","$","R","?","R","B"],"character_chosen":"THE_SILENT","items_purchased":["Sundial","Distraction","Noxious Fumes","Deadly Poison","Lee\u0027s Waffle","Mayhem","Flechettes+1"],"campfire_rested":5,"item_purchase_floors":[21,21,28,28,46,46,46],"current_hp_per_floor":[62,62,62,60,54,28,58,58,58,40,37,67,59,59,68,2,70,55,55,44,44,44,29,52,43,43,70,70,59,59,43,58,19,70,70,54,14,14,6,42,21,57,57,57,14,77,77,67,77,0],"gold":97,"neow_bonus":"BOSS_RELIC","is_prod":false,"is_daily":false,"chose_seed":false,"campfire_upgraded":3,"win_rate":0,"timestamp":1547848568,"path_taken":["M","?","M","M","M","E","R","?","T","E","?","R","M","?","R","BOSS","M","?","M","$","?","E","?","M","T","R","?","M","?","M","R","BOSS","M","M","?","?","M","R","E","R","T","?","E","$","R","?","R","BOSS"],"build_version":"2019-01-17v2","purchased_purges":2,"victory":false,"max_hp_per_floor":[70,70,70,70,70,70,70,70,70,70,70,70,70,70,70,70,70,70,70,70,70,70,70,70,70,70,70,70,70,70,70,70,70,70,70,70,70,70,70,70,70,70,70,70,70,77,77,77,77,77],"card_choices":[{"not_picked":["Prepared","Dagger Throw"],"picked":"Leg Sweep","floor":1.0},{"not_picked":["Prepared","Setup"],"picked":"Dagger Throw","floor":2.0},{"not_picked":["Deflect","Underhanded Strike"],"picked":"A Thousand Cuts","floor":3.0},{"not_picked":["Deadly Poison","Endless Agony"],"picked":"Infinite Blades","floor":4.0},{"not_picked":["Underhanded Strike","Deadly Poison"],"picked":"Deflect","floor":5.0},{"not_picked":["Poisoned Stab","Outmaneuver","Slice"],"picked":"SKIP","floor":6.0},{"not_picked":["Eviscerate","Doppelganger"],"picked":"Well Laid Plans","floor":10.0},{"not_picked":["Sucker Punch","Infinite Blades"],"picked":"Backstab","floor":13.0},{"not_picked":["Venomology","Grand Finale"],"picked":"Corpse Explosion","floor":16.0},{"not_picked":[],"picked":"Dagger Throw","floor":18.0},{"not_picked":[],"picked":"Backstab","floor":20.0},{"not_picked":["Storm of Steel"],"picked":"SKIP","floor":23.0},{"not_picked":["Bane"],"picked":"SKIP","floor":25.0},{"not_picked":["Bane"],"picked":"SKIP","floor":25.0},{"not_picked":[],"picked":"Backflip","floor":27.0},{"not_picked":[],"picked":"Catalyst","floor":29.0},{"not_picked":[],"picked":"Adrenaline","floor":31.0},{"not_picked":[],"picked":"A Thousand Cuts","floor":33.0},{"not_picked":["Choke"],"picked":"SKIP","floor":35.0},{"not_picked":["Tools of the Trade"],"picked":"SKIP","floor":36.0},{"not_picked":[],"picked":"Prepared","floor":39.0},{"not_picked":["Prepared+1"],"picked":"SKIP","floor":41.0},{"not_picked":[],"picked":"Chrysalis","floor":44},{"not_picked":["Prepared"],"picked":"SKIP","floor":45}],"player_experience":888930,"relics_obtained":[{"floor":6.0,"key":"Blood Vial"},{"floor":10.0,"key":"Juzu Bracelet"},{"floor":14.0,"key":"Bag of Marbles"},{"floor":23.0,"key":"Nunchaku"},{"floor":26.0,"key":"Dream Catcher"},{"floor":37.0,"key":"WingedGreaves"},{"floor":41.0,"key":"Molten Egg 2"},{"floor":43.0,"key":"War Paint"},{"floor":45,"key":"Old Coin"}],"event_choices":[{"cards_removed":["Strike_G"],"damage_healed":0.0,"max_hp_gain":0.0,"max_hp_loss":0.0,"gold_gain":0.0,"event_name":"The Cleric","player_choice":"Card Removal","floor":8.0,"gold_loss":50.0,"damage_taken":0.0},{"damage_healed":0.0,"max_hp_gain":0.0,"max_hp_loss":0.0,"gold_gain":0.0,"event_name":"Scrap Ooze","player_choice":"Success","floor":11.0,"gold_loss":0.0,"damage_taken":3.0,"relics_obtained":["Ancient Tea Set"]},{"damage_healed":0.0,"max_hp_gain":0.0,"max_hp_loss":0.0,"gold_gain":0.0,"event_name":"N\u0027loth","player_choice":"Traded Relic","floor":19.0,"relics_lost":["Bag of Marbles"],"gold_loss":0.0,"damage_taken":0.0,"relics_obtained":["Nloth\u0027s Gift"]},{"damage_healed":0.0,"max_hp_gain":0.0,"max_hp_loss":0.0,"gold_gain":0.0,"event_name":"Back to Basics","player_choice":"Simplicity","floor":22.0,"gold_loss":0.0,"damage_taken":0.0,"cards_upgraded":["Defend_G","Defend_G","Defend_G","Defend_G","Defend_G","Strike_G","Strike_G","Strike_G"]},{"damage_healed":23.0,"max_hp_gain":0.0,"max_hp_loss":0.0,"gold_gain":0.0,"event_name":"The Library","player_choice":"Heal","floor":24.0,"gold_loss":0.0,"damage_taken":0.0},{"damage_healed":0.0,"max_hp_gain":0.0,"max_hp_loss":0.0,"gold_gain":0.0,"event_name":"Drug Dealer","player_choice":"Inject Mutagens","floor":30.0,"gold_loss":0.0,"damage_taken":0.0,"relics_obtained":["MutagenicStrength"]},{"damage_healed":0.0,"max_hp_gain":0.0,"max_hp_loss":0.0,"gold_gain":0.0,"event_name":"Mysterious Sphere","player_choice":"Fight","floor":37.0,"gold_loss":0.0,"damage_taken":0.0},{"damage_healed":0.0,"max_hp_gain":0.0,"max_hp_loss":0.0,"gold_gain":0.0,"event_name":"Upgrade Shrine","player_choice":"Upgraded","floor":38.0,"gold_loss":0.0,"damage_taken":0.0,"cards_upgraded":["A Thousand Cuts"]},{"damage_healed":0,"gold_gain":0,"player_choice":"Memory 1","damage_taken":0,"max_hp_gain":0,"max_hp_loss":0,"event_name":"SensoryStone","floor":44,"gold_loss":0},{"damage_healed":0,"gold_gain":0,"player_choice":"Embrace Madness","damage_taken":10,"max_hp_gain":0,"max_hp_loss":0,"event_name":"Winding Halls","floor":48,"gold_loss":0,"cards_obtained":["Madness","Madness"]}],"is_beta":false,"boss_relics":[{"not_picked":["WristBlade","Empty Cage"],"picked":"Busted Crown"},{"not_picked":["Snecko Eye","Pandora\u0027s Box"],"picked":"Velvet Choker"}],"items_purged_floors":[21,46],"is_endless":false,"potions_floor_spawned":[3,4,13,20,23,25,29,36,41,45],"killed_by":"Time Eater","ascension_level":0}