{"gold_per_floor":[117,134,114,129,145,170,170,125,125,125,44,61,61,91,91,91],"floor_reached":16,"playtime":1204,"items_purged":[],"score":121,"play_id":"abf60930-c34c-4269-a99e-8082a9a6eede","local_time":"20190203225319","is_ascension_mode":true,"campfire_choices":[{"data":"Anger","floor":7,"key":"SMITH"},{"data":"True Grit","floor":10,"key":"SMITH"},{"floor":13,"key":"REST"},{"data":"Whirlwind","floor":15,"key":"SMITH"}],"neow_cost":"NONE","seed_source_timestamp":0,"circlet_count":0,"master_deck":["Strike_R","Strike_R","Strike_R","Strike_R","Strike_R","Defend_R","Defend_R","Defend_R","Defend_R","Bash","Madness","Headbutt","Cleave","Shrug It Off","Anger+1","Berserk","True Grit+1","Feel No Pain","Whirlwind+1","Shrug It Off"],"special_seed":0,"relics":["Burning Blood","Mummified Hand","Bottled Flame","Singing Bowl"],"potions_floor_usage":[16,16],"damage_taken":[{"damage":9.0,"enemies":"Jaw Worm","floor":1.0,"turns":4.0},{"damage":1.0,"enemies":"Cultist","floor":2.0,"turns":3.0},{"damage":5.0,"enemies":"Small Slimes","floor":4.0,"turns":3.0},{"damage":17.0,"enemies":"Looter","floor":5.0,"turns":4.0},{"damage":27,"enemies":"3 Sentries","floor":6,"turns":6},{"damage":0,"enemies":"Large Slime","floor":12,"turns":4},{"damage":45,"enemies":"Lagavulin","floor":14,"turns":9},{"damage":39,"enemies":"Hexaghost","floor":16,"turns":9}],"seed_played":"-3393980908225343292","potions_obtained":[{"floor":1.0,"key":"Ancient Potion"},{"floor":3.0,"key":"FairyPotion"},{"floor":5,"key":"Dexterity Potion"},{"floor":12,"key":"Swift Potion"}],"is_trial":false,"path_per_floor":["M","M","?","M","M","E","R","$","T","R","$","M","R","E","R","B"],"character_chosen":"IRONCLAD","items_purchased":["True Grit","Feel No Pain"],"campfire_rested":1,"item_purchase_floors":[8,11],"current_hp_per_floor":[77,80,80,80,69,48,48,48,48,48,48,54,78,39,39,0],"gold":91,"neow_bonus":"RANDOM_COLORLESS","is_prod":false,"is_daily":false,"chose_seed":false,"campfire_upgraded":3,"win_rate":0,"timestamp":1549230799,"path_taken":["M","M","?","?","?","E","R","$","T","R","$","M","R","E","R","BOSS"],"build_version":"2019-01-23","purchased_purges":0,"victory":false,"max_hp_per_floor":[80,80,80,80,80,80,80,80,80,80,80,80,80,80,80,80],"card_choices":[{"not_picked":["Shockwave","Shrug It Off"],"picked":"Headbutt","floor":1.0},{"not_picked":["Iron Wave","Wild Strike"],"picked":"Cleave","floor":2.0},{"not_picked":["Dropkick","Second Wind"],"picked":"Shrug It Off","floor":4.0},{"not_picked":["Clash","Seeing Red"],"picked":"Anger","floor":5},{"not_picked":["Wild Strike","Double Tap"],"picked":"Berserk","floor":6},{"not_picked":["Iron Wave","Evolve"],"picked":"Whirlwind","floor":12},{"not_picked":["Flex","Pummel"],"picked":"Shrug It Off","floor":14}],"player_experience":311858,"relics_obtained":[{"floor":6,"key":"Mummified Hand"},{"floor":9,"key":"Bottled Flame"},{"floor":14,"key":"Singing Bowl"}],"event_choices":[{"damage_healed":0.0,"max_hp_gain":0.0,"max_hp_loss":0.0,"gold_gain":0.0,"event_name":"The Woman in Blue","player_choice":"Bought 1 Potion","floor":3.0,"gold_loss":0.0,"damage_taken":0.0}],"is_beta":false,"boss_relics":[],"items_purged_floors":[],"is_endless":false,"potions_floor_spawned":[1,5,12],"killed_by":"Hexaghost","ascension_level":2}