{"gold_per_floor":[109,122,132,35,35,35,67,67,114,174,189,189,209,238,238,335,335,349,365,185,197,221,253,253,273,273,273,287,304,304,335,335,431,431,448,448,154,170,219,219,239,272,344,344,344,363,363,73,73,73],"floor_reached":51,"playtime":4465,"items_purged":["Strike_B","Strike_B"],"score":781,"play_id":"4600872b-7964-4512-84a4-3a2b06934f73","local_time":"20190111143451","is_ascension_mode":true,"campfire_choices":[{"data":"Streamline","floor":6,"key":"SMITH"},{"data":"Cold Snap","floor":8,"key":"SMITH"},{"data":"Beam Cell","floor":12,"key":"SMITH"},{"data":"Zap","floor":15,"key":"SMITH"},{"floor":24,"key":"REST"},{"floor":30,"key":"REST"},{"data":"Loop","floor":32,"key":"SMITH"},{"floor":40,"key":"REST"},{"floor":44,"key":"REST"},{"floor":49,"key":"REST"}],"neow_cost":"NONE","seed_source_timestamp":129833549199769,"circlet_count":0,"master_deck":["Defend_B","Defend_B+1","Defend_B+1","Defend_B","Zap+1","Gash","Streamline+1","Conserve Battery","Cold Snap+1","Seek","Beam Cell+1","Ball Lightning","Electrodynamics","Redo","Doom and Gloom","Self Repair","Machine Learning","Reinforced Body","Rebound+1","Loop+1","Fission","Leap","Scrape","Defragment","Gash","Force Field","Gash+1","Parasite","Hologram","Defragment"],"relics":["Cracked Core","War Paint","Pen Nib","Tiny Chest","Singing Bowl","Lizard Tail","Bag of Preparation","Bottled Lightning","Bottled Tornado","Peace Pipe","Orichalcum","Busted Crown","Bronze Scales","Thread and Needle","Runic Capacitor"],"potions_floor_usage":[14,16,19,23,23,33,39,42,50,50,50],"damage_taken":[{"damage":0,"enemies":"Cultist","floor":1,"turns":4},{"damage":1,"enemies":"2 Louse","floor":2,"turns":2},{"damage":1,"enemies":"Small Slimes","floor":3,"turns":3},{"damage":10,"enemies":"3 Sentries","floor":7,"turns":8},{"damage":3,"enemies":"Lagavulin","floor":10,"turns":5},{"damage":0,"enemies":"Red Slaver","floor":11,"turns":1},{"damage":0,"enemies":"Large Slime","floor":13,"turns":3},{"damage":9,"enemies":"3 Sentries","floor":14,"turns":3},{"damage":23,"enemies":"Hexaghost","floor":16,"turns":6},{"damage":0,"enemies":"Spheric Guardian","floor":18,"turns":3},{"damage":14,"enemies":"2 Thieves","floor":19,"turns":3},{"damage":41,"enemies":"Snake Plant","floor":21,"turns":3},{"damage":18,"enemies":"Book of Stabbing","floor":23,"turns":4},{"damage":11,"enemies":"Cultist and Chosen","floor":25,"turns":6},{"damage":6,"enemies":"Shelled Parasite and Fungi","floor":28,"turns":2},{"damage":0,"enemies":"3 Cultists","floor":29,"turns":3},{"damage":0,"enemies":"Gremlin Leader","floor":31,"turns":4},{"damage":66,"enemies":"Automaton","floor":33,"turns":10},{"damage":9,"enemies":"3 Shapes","floor":35,"turns":4},{"damage":8,"enemies":"Orb Walker","floor":38,"turns":3},{"damage":46,"enemies":"2 Orb Walkers","floor":39,"turns":4},{"damage":9,"enemies":"3 Darklings","floor":41,"turns":4},{"damage":34,"enemies":"Nemesis","floor":42,"turns":8},{"damage":24,"enemies":"Writhing Mass","floor":46,"turns":5},{"damage":73,"enemies":"Time Eater","floor":50,"turns":10}],"seed_played":"1327672301386055264","potions_obtained":[{"floor":1,"key":"Block Potion"},{"floor":7,"key":"PowerPotion"},{"floor":10,"key":"Explosive Potion"},{"floor":14,"key":"PowerPotion"},{"floor":18,"key":"FocusPotion"},{"floor":23,"key":"AttackPotion"},{"floor":31,"key":"Regen Potion"},{"floor":33,"key":"FearPotion"},{"floor":35,"key":"EssenceOfSteel"},{"floor":41,"key":"PowerPotion"},{"floor":42,"key":"SkillPotion"},{"floor":47,"key":"PowerPotion"},{"floor":47,"key":"PowerPotion"}],"is_trial":false,"path_per_floor":["M","M","M","$","?","R","E","R","T","E","M","R","M","E","R","B",null,"M","M","$","M","T","E","R","M","T","?","M","M","R","E","R","B",null,"M","?","$","M","?","R","M","E","T","R","?","M","?","$","R","B",null],"character_chosen":"DEFECT","items_purchased":["Cold Snap","Doom and Gloom","Defragment","Gash","PowerPotion","Bronze Scales","Runic Capacitor","Hologram","Defragment"],"campfire_rested":5,"item_purchase_floors":[4,20,37,37,37,37,48,48,48],"current_hp_per_floor":[75,74,73,73,73,73,63,63,63,60,60,60,60,53,53,30,77,79,65,65,24,24,6,29,25,25,25,21,28,52,59,59,14,81,72,72,72,66,27,51,44,17,17,42,42,20,20,20,44,22],"gold":73,"neow_bonus":"REMOVE_CARD","is_prod":false,"is_daily":false,"chose_seed":false,"campfire_upgraded":5,"win_rate":0,"timestamp":1547213691,"path_taken":["M","M","?","$","?","R","E","R","T","E","M","R","M","E","R","BOSS","M","M","$","M","?","E","R","M","T","?","?","M","R","E","R","BOSS","M","?","$","?","?","R","M","E","T","R","?","?","?","$","R","BOSS"],"build_version":"2019-01-10","purchased_purges":2,"victory":true,"max_hp_per_floor":[75,75,75,75,75,75,75,75,75,75,75,75,75,77,77,77,77,79,79,79,79,79,79,79,79,79,79,81,81,81,81,81,81,81,81,81,81,83,83,83,85,85,85,85,81,83,83,83,83,83],"card_choices":[{"not_picked":["Consume","Ball Lightning"],"picked":"Gash","floor":1},{"not_picked":["Sweeping Beam","Cold Snap"],"picked":"Streamline","floor":2},{"not_picked":["Scrape","Coolheaded"],"picked":"Conserve Battery","floor":3},{"not_picked":["Turbo","Leap"],"picked":"Seek","floor":7},{"not_picked":["Undo","Cold Snap"],"picked":"Beam Cell","floor":10},{"not_picked":["Coolheaded","Undo","Steam"],"picked":"SKIP","floor":11},{"not_picked":["Reinforced Body","Lockon"],"picked":"Ball Lightning","floor":13},{"not_picked":["Lockon","Leap","Skim"],"picked":"Singing Bowl","floor":14},{"not_picked":["Reboot","Hyperbeam"],"picked":"Electrodynamics","floor":16},{"not_picked":["Conserve Battery","Stack","Turbo"],"picked":"Singing Bowl","floor":18},{"not_picked":["Skim","Cold Snap"],"picked":"Redo","floor":19},{"not_picked":["Barrage+1","Cold Snap"],"picked":"Self Repair","floor":21},{"not_picked":["Hyperbeam","Turbo"],"picked":"Machine Learning","floor":23},{"not_picked":["Redo","Stack+1"],"picked":"Reinforced Body","floor":25},{"not_picked":["Streamline","Recycle","Barrage"],"picked":"Singing Bowl","floor":28},{"not_picked":["Sweeping Beam","Chaos"],"picked":"Rebound+1","floor":29},{"not_picked":["Sunder","Storm"],"picked":"Loop","floor":31},{"not_picked":["Meteor Strike","Machine Learning"],"picked":"Fission","floor":33},{"not_picked":[],"picked":"Leap","floor":35},{"not_picked":["Aggregate"],"picked":"Singing Bowl","floor":38},{"not_picked":[],"picked":"Force Field","floor":39},{"not_picked":["Hello World+1"],"picked":"Singing Bowl","floor":41},{"not_picked":[],"picked":"Gash+1","floor":42},{"not_picked":["FTL"],"picked":"Singing Bowl","floor":46}],"player_experience":240999,"relics_obtained":[{"floor":7,"key":"War Paint"},{"floor":9,"key":"Pen Nib"},{"floor":10,"key":"Tiny Chest"},{"floor":14,"key":"Singing Bowl"},{"floor":22,"key":"Bag of Preparation"},{"floor":23,"key":"Bottled Lightning"},{"floor":26,"key":"Bottled Tornado"},{"floor":31,"key":"Orichalcum"},{"floor":39,"key":"Thread and Needle"}],"event_choices":[{"cards_removed":["Strike_B"],"damage_healed":0,"gold_gain":0,"player_choice":"Offered Basic","damage_taken":0,"max_hp_gain":0,"max_hp_loss":0,"event_name":"Bonfire Elementals","floor":5,"gold_loss":0},{"damage_healed":0,"gold_gain":0,"player_choice":"Gave Potion","damage_taken":0,"relics_obtained":["Peace Pipe"],"max_hp_gain":0,"max_hp_loss":0,"event_name":"WeMeetAgain","floor":27,"gold_loss":0},{"damage_healed":0,"gold_gain":0,"cards_transformed":["Dualcast"],"player_choice":"Transformed","damage_taken":0,"max_hp_gain":0,"max_hp_loss":0,"event_name":"Transmorgrifier","floor":36,"gold_loss":0,"cards_obtained":["Scrape"]},{"damage_healed":0,"gold_gain":0,"player_choice":"Fight","damage_taken":0,"max_hp_gain":0,"max_hp_loss":0,"event_name":"Mysterious Sphere","floor":39,"gold_loss":0},{"damage_healed":0,"gold_gain":0,"player_choice":"Max HP","damage_taken":0,"max_hp_gain":0,"max_hp_loss":4,"event_name":"Winding Halls","floor":45,"gold_loss":0},{"damage_healed":0,"gold_gain":0,"player_choice":"Got Potions","damage_taken":0,"max_hp_gain":0,"max_hp_loss":0,"event_name":"Lab","floor":47,"gold_loss":0}],"is_beta":false,"boss_relics":[{"not_picked":["Runic Pyramid","Runic Dome"],"picked":"Lizard Tail"},{"not_picked":["Empty Cage","Nuclear Battery"],"picked":"Busted Crown"}],"items_purged_floors":[4,20],"is_endless":false,"potions_floor_spawned":[1,7,10,14,18,23,31,33,35,41,42],"ascension_level":2}