{"gold_per_floor":[111,127,2,2,15,43,62,62,88,88,106,140,140,157,157,259,259,273,287,0,16,16,16,42,42,66,66,100,111,111,111],"floor_reached":31,"playtime":7367,"items_purged":["Strike_G"],"score":372,"play_id":"2eed1406-ce94-4352-b6b5-160b731ce3aa","local_time":"20190209031859","is_ascension_mode":true,"campfire_choices":[{"data":"Neutralize","floor":8.0,"key":"SMITH"},{"data":"Well Laid Plans","floor":13.0,"key":"SMITH"},{"data":"Footwork","floor":15.0,"key":"SMITH"},{"data":"Leg Sweep","floor":23.0,"key":"SMITH"},{"data":"Bouncing Flask","floor":25.0,"key":"SMITH"},{"floor":27.0,"key":"REST"}],"neow_cost":"NONE","seed_source_timestamp":0,"circlet_count":0,"master_deck":["Defend_G","Defend_G","Defend_G","Defend_G","Strike_G","Survivor","Neutralize+1","Dagger Spray","Footwork+1","Backflip","Well Laid Plans+1","Dagger Spray","Die Die Die","Flying Knee","Footwork","Leg Sweep+1","Poisoned Stab","Bullet Time","Cloak And Dagger+1","Dodge and Roll+1","Envenom+1","Bouncing Flask+1","Deadly Poison+1","PiercingWail"],"special_seed":0,"relics":["Ring of the Snake","Omamori","Boot","Happy Flower","Astrolabe","PreservedInsect","Bronze Scales","Potion Belt","Dream Catcher","Anchor"],"potions_floor_usage":[28,28],"damage_taken":[{"damage":0.0,"enemies":"Jaw Worm","floor":1.0,"turns":4.0},{"damage":1.0,"enemies":"Small Slimes","floor":2.0,"turns":4.0},{"damage":3.0,"enemies":"2 Louse","floor":5.0,"turns":3.0},{"damage":17.0,"enemies":"3 Sentries","floor":6.0,"turns":8.0},{"damage":5.0,"enemies":"Looter","floor":7.0,"turns":4.0},{"damage":1.0,"enemies":"Exordium Wildlife","floor":11.0,"turns":2.0},{"damage":0.0,"enemies":"Lagavulin","floor":12.0,"turns":8.0},{"damage":8.0,"enemies":"Exordium Thugs","floor":14.0,"turns":5.0},{"damage":24.0,"enemies":"Hexaghost","floor":16.0,"turns":17.0},{"damage":7.0,"enemies":"Spheric Guardian","floor":18.0,"turns":10.0},{"damage":5.0,"enemies":"Shell Parasite","floor":19.0,"turns":5.0},{"damage":9.0,"enemies":"Snecko","floor":21.0,"turns":5.0},{"damage":23.0,"enemies":"Gremlin Leader","floor":24.0,"turns":5.0},{"damage":28,"enemies":"Slavers","floor":28,"turns":3},{"damage":4,"enemies":"Snake Plant","floor":29,"turns":3},{"damage":36,"enemies":"Sentry and Sphere","floor":31,"turns":5}],"seed_played":"-1881961274487285268","potions_obtained":[{"floor":2.0,"key":"Dexterity Potion"},{"floor":5.0,"key":"Regen Potion"},{"floor":7.0,"key":"Block Potion"},{"floor":12.0,"key":"Fruit Juice"},{"floor":14.0,"key":"PowerPotion"},{"floor":18.0,"key":"FairyPotion"},{"floor":21.0,"key":"FearPotion"},{"floor":28,"key":"Dexterity Potion"}],"is_trial":false,"path_per_floor":["M","M","$","?","M","E","M","R","T","?","M","E","R","M","R","B",null,"M","M","$","M","?","R","E","R","T","R","E","M","?","M"],"character_chosen":"THE_SILENT","items_purchased":["Backflip","Well Laid Plans","PreservedInsect","Bouncing Flask"],"campfire_rested":1,"item_purchase_floors":[3,3,20,20],"current_hp_per_floor":[70,69,69,69,66,49,44,44,44,67,66,66,66,63,63,39,75,68,63,63,54,54,54,31,31,31,53,37,33,33,0],"gold":111,"neow_bonus":"TRANSFORM_CARD","is_prod":false,"is_daily":false,"chose_seed":false,"campfire_upgraded":5,"win_rate":0,"timestamp":1549678739,"path_taken":["M","M","$","?","M","E","M","R","T","?","M","E","R","M","R","BOSS","M","M","$","M","?","R","E","R","T","R","E","M","?","M"],"build_version":"2019-01-23","purchased_purges":1,"victory":false,"max_hp_per_floor":[70,70,70,70,70,70,70,70,70,70,70,70,70,75,75,75,75,75,75,75,75,75,75,75,75,75,75,75,75,75,75],"card_choices":[{"not_picked":["Prepared","Concentrate","Outmaneuver"],"picked":"SKIP","floor":1.0},{"not_picked":["Well Laid Plans","Calculated Gamble"],"picked":"Footwork","floor":2.0},{"not_picked":["Quick Slash","Deflect"],"picked":"Dagger Spray","floor":5.0},{"not_picked":["Bane","Catalyst"],"picked":"Die Die Die","floor":6.0},{"not_picked":["Underhanded Strike","Bane"],"picked":"Flying Knee","floor":7.0},{"not_picked":["Sucker Punch","Bane"],"picked":"Footwork","floor":11.0},{"not_picked":["Outmaneuver","Prepared"],"picked":"Leg Sweep","floor":12.0},{"not_picked":["Slice","Dagger Throw"],"picked":"Poisoned Stab","floor":14.0},{"not_picked":["Storm of Steel","Malaise"],"picked":"Bullet Time","floor":16.0},{"not_picked":["Underhanded Strike","Prepared","Sucker Punch"],"picked":"SKIP","floor":18.0},{"not_picked":["Bane","Outmaneuver+1","Backflip"],"picked":"SKIP","floor":19.0},{"not_picked":["Outmaneuver","Blade Dance"],"picked":"Deadly Poison+1","floor":21.0},{"not_picked":["Outmaneuver","Deflect+1","Dagger Spray"],"picked":"SKIP","floor":24.0},{"not_picked":["Escape Plan","Footwork"],"picked":"PiercingWail","floor":28},{"not_picked":["Dagger Throw","Reflex","Acrobatics"],"picked":"SKIP","floor":29}],"player_experience":314330,"relics_obtained":[{"floor":6.0,"key":"Omamori"},{"floor":9.0,"key":"Boot"},{"floor":12.0,"key":"Happy Flower"},{"floor":24.0,"key":"Bronze Scales"},{"floor":26.0,"key":"Potion Belt"},{"floor":28,"key":"Dream Catcher"}],"event_choices":[{"damage_healed":0.0,"max_hp_gain":0.0,"max_hp_loss":0.0,"gold_gain":0.0,"event_name":"Golden Wing","player_choice":"Ignored","floor":4.0,"gold_loss":0.0,"damage_taken":0.0},{"damage_healed":23.0,"max_hp_gain":0.0,"max_hp_loss":0.0,"gold_gain":0.0,"event_name":"Big Fish","player_choice":"Banana","floor":10.0,"gold_loss":0.0,"damage_taken":0.0},{"damage_healed":0,"gold_gain":0,"player_choice":"Opened","damage_taken":0,"relics_obtained":["Anchor"],"max_hp_gain":0,"max_hp_loss":0,"event_name":"The Mausoleum","floor":30,"gold_loss":0}],"is_beta":false,"boss_relics":[{"not_picked":["Pandora\u0027s Box","White Beast Statue"],"picked":"Astrolabe"}],"items_purged_floors":[20],"is_endless":false,"potions_floor_spawned":[2,5,7,12,14,18,21,28],"killed_by":"Sentry and Sphere","ascension_level":4}