{"gold_per_floor":[117,117,134,134,134,165,28,56,83,83],"floor_reached":10,"playtime":550,"items_purged":[],"score":85,"play_id":"46438c0c-e517-4d4f-99d7-bc279f16edf4","local_time":"20180907015503","is_ascension_mode":true,"campfire_choices":[],"neow_cost":"","seed_source_timestamp":145162054641713,"circlet_count":0,"master_deck":["Strike_B+1","Strike_B","Strike_B","Strike_B","Defend_B","Defend_B","Defend_B","Defend_B","Zap","Dualcast","Doom and Gloom+1","Ball Lightning","Amplify","Defragment","Blind","Ball Lightning"],"special_seed":0,"relics":["Cracked Core","Lantern","Torii","The Courier","Oddly Smooth Stone"],"potions_floor_usage":[],"damage_taken":[{"damage":10.0,"enemies":"Small Slimes","floor":1.0,"turns":3.0},{"damage":1.0,"enemies":"Cultist","floor":3.0,"turns":3.0},{"damage":10.0,"enemies":"Gremlin Nob","floor":6.0,"turns":3.0},{"damage":27,"enemies":"Lagavulin","floor":8,"turns":6},{"damage":9,"enemies":"2 Louse","floor":10,"turns":1}],"seed_played":"6368534033640669415","potions_obtained":[{"floor":2.0,"key":"SneckoOil"},{"floor":2.0,"key":"Swift Potion"},{"floor":2.0,"key":"Swift Potion"},{"floor":3.0,"key":"Swift Potion"}],"is_trial":false,"path_per_floor":["M","?","M","?","?","E","$","E","T"],"character_chosen":"DEFECT","items_purchased":["Defragment","Blind"],"campfire_rested":0,"item_purchase_floors":[7,7],"current_hp_per_floor":[65,65,64,49,42,32,32,5,5,0],"gold":83,"neow_bonus":"","is_prod":false,"is_daily":false,"chose_seed":false,"campfire_upgraded":0,"win_rate":0,"timestamp":1536299703,"path_taken":["M","?","M","?","?","E","?","E","T","M"],"build_version":"2018-09-06","purchased_purges":0,"victory":false,"max_hp_per_floor":[75,75,75,75,75,75,75,75,75,75],"card_choices":[{"not_picked":["Compile Driver","Rebound"],"picked":"Doom and Gloom","floor":1.0},{"not_picked":["Sweeping Beam","Barrage"],"picked":"Ball Lightning","floor":3.0},{"not_picked":["Coolheaded","Gash"],"picked":"Amplify","floor":6.0},{"not_picked":["Hologram","Sunder"],"picked":"Ball Lightning","floor":8}],"player_experience":300738,"relics_obtained":[{"floor":6.0,"key":"Torii"},{"floor":8,"key":"The Courier"},{"floor":9,"key":"Oddly Smooth Stone"}],"event_choices":[{"event_name":"The Lab","player_choice":"Got Potions","floor":2.0,"damage_taken":0.0},{"event_name":"Shining Light","player_choice":"Entered Light","floor":4.0,"damage_taken":0.0},{"event_name":"Scrap Ooze","player_choice":"success","floor":5.0,"damage_taken":7.0}],"is_beta":false,"boss_relics":[],"items_purged_floors":[],"is_endless":false,"potions_floor_spawned":[3],"killed_by":"2 Louse","ascension_level":3}