{"gold_per_floor":[115,115,76,96,106,116,116,116,116,116,141,141,207,227,227,227],"floor_reached":16,"playtime":1503,"items_purged":[],"score":100,"play_id":"eb35af6a-016c-47f7-8d51-6e2d3d50a633","local_time":"20180706014730","is_ascension_mode":false,"campfire_choices":[{"data":"Inflame","floor":8,"key":"SMITH"},{"data":"Armaments","floor":10,"key":"SMITH"},{"floor":15,"key":"REST"}],"neow_cost":"","seed_source_timestamp":2009255769466133,"circlet_count":0,"master_deck":["Strike_R","Strike_R","Strike_R","Strike_R","Strike_R","Defend_R","Defend_R","Defend_R+1","Defend_R+1","Bash","Inflame+1","Blood for Blood","Armaments+1","Battle Trance","Berserk","Parasite","Seeing Red","Seeing Red"],"relics":["Burning Blood","Mummified Hand","Bottled Flame","Golden Idol"],"potions_floor_usage":[],"damage_taken":[{"damage":11,"enemies":"Jaw Worm","floor":1,"turns":3},{"damage":6,"enemies":"2 Louse","floor":4,"turns":3},{"damage":1,"enemies":"Cultist","floor":5,"turns":3},{"damage":8,"enemies":"2 Fungi Beasts","floor":6,"turns":5},{"damage":20,"enemies":"Lagavulin","floor":11,"turns":5},{"damage":14,"enemies":"Blue Slaver","floor":14,"turns":3},{"damage":62,"enemies":"The Guardian","floor":16,"turns":6}],"seed_played":"425339354141316472","potions_obtained":[{"floor":4,"key":"GamblersBrew"},{"floor":5,"key":"SpeedPotion"},{"floor":6,"key":"LiquidBronze"}],"is_trial":false,"path_per_floor":["M","?","$","M","M","M","?","R","T","R","E","?","?","M","R"],"character_chosen":"IRONCLAD","items_purchased":["Blood for Blood"],"campfire_rested":1,"item_purchase_floors":[3],"current_hp_per_floor":[75,59,59,59,64,62,80,80,80,80,66,46,46,38,62,0],"gold":227,"neow_bonus":"","is_prod":false,"is_daily":false,"chose_seed":false,"campfire_upgraded":2,"win_rate":0.0,"timestamp":1530856050,"path_taken":["M","?","$","M","M","M","?","R","T","R","E","?","?","M","R","BOSS"],"build_version":"2018-07-05","purchased_purges":0,"victory":false,"max_hp_per_floor":[80,80,80,80,80,80,80,80,80,80,80,80,80,80,80,80],"card_choices":[{"not_picked":["Body Slam","Twin Strike"],"picked":"Inflame","floor":1},{"not_picked":["Fire Breathing","Pommel Strike"],"picked":"Armaments","floor":4},{"not_picked":["Clothesline","Sword Boomerang"],"picked":"Battle Trance","floor":5},{"not_picked":["Thunderclap","Anger"],"picked":"Berserk","floor":6},{"not_picked":["Pommel Strike","Twin Strike"],"picked":"Seeing Red","floor":11},{"not_picked":["Iron Wave","Clothesline"],"picked":"Seeing Red","floor":14}],"player_experience":1008,"relics_obtained":[{"floor":9,"key":"Mummified Hand"},{"floor":11,"key":"Bottled Flame"}],"event_choices":[{"event_name":"Shining Light","player_choice":"Entered Light","floor":2,"damage_taken":0},{"event_name":"Mushrooms","player_choice":"Healed and dodged fight","floor":7,"damage_taken":0},{"event_name":"Golden Idol","player_choice":"Take Damage","floor":12,"damage_taken":0},{"event_name":"Golden Wing","player_choice":"Gained Gold","floor":13,"damage_taken":0}],"boss_relics":[],"items_purged_floors":[],"is_endless":false,"potions_floor_spawned":[4,5,6],"killed_by":"The Guardian","ascension_level":0}