{"gold_per_floor":[111,129,129,148,168,168,93,105,178,178,178,193,220,239,239,343,343,355,49,49,66,80,80],"floor_reached":23,"playtime":1909,"items_purged":["Strike_R","Strike_R"],"score":195,"play_id":"76f2ae88-1c28-411f-9299-58e5b98ad7af","local_time":"20190106060659","is_ascension_mode":false,"campfire_choices":[{"data":"True Grit","floor":6.0,"key":"SMITH"},{"data":"Cleave","floor":10.0,"key":"SMITH"},{"data":"Pommel Strike","floor":15.0,"key":"SMITH"}],"neow_cost":"NONE","seed_source_timestamp":0,"circlet_count":0,"master_deck":["Strike_R+1","Strike_R+1","Strike_R","Defend_R","Defend_R","Defend_R","Defend_R","Bash+1","Cleave+1","Shrug It Off","True Grit+1","Pommel Strike+1","Feed","Flex"],"special_seed":0,"relics":["Burning Blood","Bottled Lightning","Magic Flower","White Beast Statue","Toy Ornithopter"],"potions_floor_usage":[21,21,22,23],"damage_taken":[{"damage":5.0,"enemies":"Cultist","floor":1.0,"turns":4.0},{"damage":6.0,"enemies":"2 Louse","floor":2.0,"turns":2.0},{"damage":11.0,"enemies":"Jaw Worm","floor":4.0,"turns":2.0},{"damage":10.0,"enemies":"Exordium Wildlife","floor":5.0,"turns":4.0},{"damage":4.0,"enemies":"Blue Slaver","floor":8.0,"turns":5.0},{"damage":6.0,"enemies":"Red Slaver","floor":12.0,"turns":4.0},{"damage":13.0,"enemies":"Lagavulin","floor":13.0,"turns":8.0},{"damage":5.0,"enemies":"Lots of Slimes","floor":14.0,"turns":3.0},{"damage":74.0,"enemies":"Hexaghost","floor":16.0,"turns":13.0},{"damage":70.0,"enemies":"3 Byrds","floor":18.0,"turns":9.0},{"damage":8,"enemies":"2 Thieves","floor":21,"turns":3},{"damage":30,"enemies":"Snake Plant","floor":22,"turns":6},{"damage":71,"enemies":"Gremlin Leader","floor":23,"turns":8}],"seed_played":"-1965413796681964982","potions_obtained":[{"floor":1.0,"key":"Fire Potion"},{"floor":4.0,"key":"Poison Potion"},{"floor":8.0,"key":"SteroidPotion"},{"floor":12.0,"key":"PowerPotion"},{"floor":13.0,"key":"Strength Potion"},{"floor":16.0,"key":"Regen Potion"},{"floor":18.0,"key":"Poison Potion"},{"floor":21,"key":"PowerPotion"},{"floor":22,"key":"Ancient Potion"}],"is_trial":false,"path_per_floor":["M","M","?","M","M","R","$","M","T","R","?","M","E","M","R","B",null,"M","$","?","M","M","E"],"character_chosen":"IRONCLAD","items_purchased":["Toy Ornithopter"],"campfire_rested":0,"item_purchase_floors":[19],"current_hp_per_floor":[80,80,64,59,55,55,55,57,57,57,80,80,73,77,77,12,80,48,48,48,70,62,0],"gold":80,"neow_bonus":"UPGRADE_CARD","is_prod":false,"is_daily":false,"chose_seed":false,"campfire_upgraded":3,"win_rate":0.0,"timestamp":1546751219,"path_taken":["M","?","?","M","M","R","$","M","T","R","?","?","E","M","R","BOSS","M","$","?","M","M","E"],"build_version":"2019-01-03v4","purchased_purges":2,"victory":false,"max_hp_per_floor":[80,80,80,80,80,80,80,80,80,80,80,80,80,80,80,80,80,83,83,83,86,89,89],"card_choices":[{"not_picked":["True Grit","Shrug It Off"],"picked":"Cleave","floor":1.0},{"not_picked":["Entrench","Cleave"],"picked":"Shrug It Off","floor":2.0},{"not_picked":["Fire Breathing","Rupture","Second Wind"],"picked":"SKIP","floor":4.0},{"not_picked":["Shockwave","Warcry"],"picked":"True Grit","floor":5.0},{"not_picked":["Corruption","Blood for Blood","Carnage"],"picked":"SKIP","floor":8.0},{"not_picked":["Wild Strike","Anger"],"picked":"Pommel Strike","floor":12.0},{"not_picked":["Sword Boomerang","Dropkick","Reckless Charge"],"picked":"SKIP","floor":13.0},{"not_picked":["Wild Strike","Twin Strike","Impervious"],"picked":"SKIP","floor":14.0},{"not_picked":["Double Tap","Juggernaut"],"picked":"Feed","floor":16.0},{"not_picked":["Headbutt","True Grit+1","Hemokinesis"],"picked":"SKIP","floor":18.0},{"not_picked":["Fire Breathing+1","Dropkick+1","Entrench"],"picked":"SKIP","floor":21},{"not_picked":["Sword Boomerang","Pummel+1"],"picked":"Flex","floor":22}],"player_experience":175757,"relics_obtained":[{"floor":9.0,"key":"Bottled Lightning"},{"floor":13.0,"key":"Magic Flower"}],"event_choices":[{"damage_healed":0.0,"max_hp_gain":0.0,"max_hp_loss":0.0,"gold_gain":0.0,"event_name":"Shining Light","player_choice":"Entered Light","floor":3.0,"gold_loss":0.0,"damage_taken":16.0,"cards_upgraded":["Strike_R","Strike_R"]},{"damage_healed":23.0,"max_hp_gain":0.0,"max_hp_loss":0.0,"gold_gain":0.0,"event_name":"Wheel of Change","player_choice":"Full Heal","floor":11.0,"gold_loss":0.0,"damage_taken":0.0},{"damage_healed":0.0,"max_hp_gain":0.0,"max_hp_loss":0.0,"gold_gain":0.0,"event_name":"Beggar","player_choice":"Ignored","floor":20.0,"gold_loss":0.0,"damage_taken":0.0}],"is_beta":false,"boss_relics":[{"not_picked":["Velvet Choker","Calling Bell"],"picked":"White Beast Statue"}],"items_purged_floors":[7,19],"is_endless":false,"potions_floor_spawned":[1,4,8,12,13,16,18,21,22],"killed_by":"Gremlin Leader","ascension_level":0}