{"gold_per_floor":[116,135,135,146,162,162,197,197,267,267,293,293,95,123,123,197,197,148,165,90,90,103,103,132,132,200,217,217,417,431,28,28,105,105,119,129,129,156,31,31,61,61,133,133,0,18,18,34,34,34],"floor_reached":50,"playtime":2446,"items_purged":["Strike_G","Strike_G","Endless Agony"],"score":1092,"play_id":"d1579318-3118-44b6-ae0e-b5cda5e60823","local_time":"20190212211723","is_ascension_mode":true,"campfire_choices":[{"data":"Noxious Fumes","floor":6.0,"key":"SMITH"},{"data":"Footwork","floor":8.0,"key":"SMITH"},{"data":"Noxious Fumes","floor":15.0,"key":"SMITH"},{"floor":23.0,"key":"REST"},{"floor":28.0,"key":"REST"},{"floor":32,"key":"REST"},{"floor":40,"key":"REST"},{"data":"Wraith Form v2","floor":42,"key":"SMITH"},{"floor":44,"key":"REST"},{"floor":49,"key":"REST"}],"neow_cost":"NONE","seed_source_timestamp":2823908588968701,"circlet_count":0,"master_deck":["AscendersBane","Defend_G","Defend_G","Defend_G","Defend_G","Defend_G","Survivor","Neutralize","Noxious Fumes+1","Quick Slash","Footwork+1","Crippling Poison","PiercingWail","Noxious Fumes+1","Leg Sweep","Night Terror","Crippling Poison","Corpse Explosion","Deflect","Catalyst","Well Laid Plans","Wraith Form v2+1","Leg Sweep","Deadly Poison","Finesse","Well Laid Plans","Prepared+1"],"special_seed":0,"relics":["Ring of the Serpent","Bronze Scales","Torii","Letter Opener","Vajra","Odd Mushroom","Shuriken","Art of War","Empty Cage","Happy Flower","Blood Vial","Toxic Egg 2","Red Mask","Turnip"],"potions_floor_usage":[30,33,33,48],"damage_taken":[{"damage":0.0,"enemies":"2 Louse","floor":1.0,"turns":2.0},{"damage":0.0,"enemies":"Cultist","floor":2.0,"turns":3.0},{"damage":4.0,"enemies":"Jaw Worm","floor":4.0,"turns":3.0},{"damage":0.0,"enemies":"2 Fungi Beasts","floor":5.0,"turns":4.0},{"damage":26.0,"enemies":"Gremlin Nob","floor":7.0,"turns":4.0},{"damage":3.0,"enemies":"3 Sentries","floor":11.0,"turns":6.0},{"damage":2.0,"enemies":"The Mushroom Lair","floor":14.0,"turns":4.0},{"damage":12.0,"enemies":"The Guardian","floor":16.0,"turns":11.0},{"damage":11.0,"enemies":"2 Thieves","floor":18.0,"turns":5.0},{"damage":0.0,"enemies":"Spheric Guardian","floor":19.0,"turns":4.0},{"damage":19.0,"enemies":"Snake Plant","floor":22.0,"turns":5.0},{"damage":31.0,"enemies":"Gremlin Leader","floor":24.0,"turns":8.0},{"damage":14.0,"enemies":"Centurion and Healer","floor":27.0,"turns":10.0},{"damage":21,"enemies":"Cultist and Chosen","floor":30,"turns":10},{"damage":17,"enemies":"Collector","floor":33,"turns":8},{"damage":21,"enemies":"Orb Walker","floor":35,"turns":6},{"damage":0,"enemies":"3 Shapes","floor":36,"turns":3},{"damage":32,"enemies":"Reptomancer","floor":41,"turns":9},{"damage":9,"enemies":"3 Darklings","floor":46,"turns":4},{"damage":11,"enemies":"Spire Growth","floor":48,"turns":6},{"damage":43,"enemies":"Awakened One","floor":50,"turns":14}],"seed_played":"8085041209298211346","potions_obtained":[{"floor":1.0,"key":"Explosive Potion"},{"floor":2.0,"key":"Swift Potion"},{"floor":7.0,"key":"PowerPotion"},{"floor":11.0,"key":"Regen Potion"},{"floor":24.0,"key":"SneckoOil"},{"floor":30,"key":"PowerPotion"},{"floor":33,"key":"Strength Potion"},{"floor":41,"key":"SpeedPotion"},{"floor":48,"key":"SteroidPotion"}],"is_trial":false,"path_per_floor":["M","M","?","M","M","R","E","R","T","?","E","?","$","?","R","B",null,"M","M","?","?","M","R","E","?","T","M","R","?","M","$","R","B",null,"M","M","?","T","$","R","E","R","T","R","?","M","T","M","R","B"],"character_chosen":"THE_SILENT","items_purchased":["Noxious Fumes","Leg Sweep","Well Laid Plans","Art of War","Fire Potion"],"campfire_rested":6,"item_purchase_floors":[13,13,31,31,31],"current_hp_per_floor":[59,59,59,55,55,55,29,29,29,29,26,26,26,24,24,27,56,45,45,45,45,26,45,14,27,27,13,32,32,11,11,30,13,53,32,32,32,32,32,51,19,19,19,38,38,31,31,22,41,0],"gold":34,"neow_bonus":"RANDOM_COMMON_RELIC","is_prod":false,"is_daily":false,"chose_seed":false,"campfire_upgraded":4,"win_rate":0,"timestamp":1550002643,"path_taken":["M","M","?","?","M","R","E","R","T","?","E","?","$","?","R","BOSS","M","M","?","?","?","R","E","?","T","M","R","?","?","$","R","BOSS","M","M","?","?","$","R","E","R","T","R","?","M","?","M","R","BOSS"],"build_version":"2019-02-06","purchased_purges":3,"victory":false,"max_hp_per_floor":[66,66,66,66,66,66,66,66,66,66,66,66,66,66,66,66,66,66,66,66,66,66,66,66,66,66,66,66,66,66,66,66,66,66,66,66,66,66,66,66,66,66,66,66,66,66,66,66,66,66],"card_choices":[{"not_picked":["Dagger Spray","Blade Dance"],"picked":"Endless Agony","floor":1.0},{"not_picked":["Well Laid Plans","Backflip"],"picked":"Noxious Fumes","floor":2.0},{"not_picked":["Concentrate","Dagger Spray","Bane"],"picked":"SKIP","floor":4.0},{"not_picked":["Blur","Cloak And Dagger"],"picked":"Footwork","floor":5.0},{"not_picked":["Blade Dance","PiercingWail"],"picked":"Crippling Poison","floor":7.0},{"not_picked":["Slice","Terror"],"picked":"PiercingWail","floor":11.0},{"not_picked":["Glass Knife","Corpse Explosion"],"picked":"Night Terror","floor":16.0},{"not_picked":["Dagger Spray","Flying Knee"],"picked":"Crippling Poison","floor":18.0},{"not_picked":["Prepared","Reflex","Quick Slash"],"picked":"SKIP","floor":19.0},{"not_picked":["Slice","Finisher+1","Tactician"],"picked":"SKIP","floor":22.0},{"not_picked":["Accuracy+1","Finisher"],"picked":"Corpse Explosion","floor":24.0},{"not_picked":["Slice","Bane"],"picked":"Deflect","floor":27.0},{"not_picked":["Dagger Throw","Deflect"],"picked":"Catalyst","floor":30},{"not_picked":["Phantasmal Killer","Glass Knife"],"picked":"Wraith Form v2","floor":33},{"not_picked":["Prepared","Crippling Poison+1"],"picked":"Leg Sweep","floor":35},{"not_picked":["Underhanded Strike","Masterful Stab"],"picked":"Deadly Poison","floor":36},{"not_picked":["Mayhem","Secret Weapon"],"picked":"Finesse","floor":37},{"not_picked":["Sucker Punch","Dagger Throw","Corpse Explosion"],"picked":"SKIP","floor":41},{"not_picked":["Blur+1","Cloak And Dagger+1"],"picked":"Well Laid Plans","floor":46},{"not_picked":["Blade Dance+1","Deflect+1"],"picked":"Prepared+1","floor":48}],"player_experience":2984723,"relics_obtained":[{"floor":7.0,"key":"Torii"},{"floor":9.0,"key":"Letter Opener"},{"floor":11.0,"key":"Vajra"},{"floor":14.0,"key":"Odd Mushroom"},{"floor":24.0,"key":"Shuriken"},{"floor":38,"key":"Happy Flower"},{"floor":41,"key":"Blood Vial"},{"floor":43,"key":"Toxic Egg 2"},{"floor":47,"key":"Turnip"}],"event_choices":[{"damage_healed":0.0,"max_hp_gain":0.0,"max_hp_loss":0.0,"gold_gain":0.0,"event_name":"Match and Keep!","player_choice":"2 cards matched","floor":3.0,"gold_loss":0.0,"damage_taken":0.0,"cards_obtained":["Dash","Quick Slash"]},{"damage_healed":0.0,"max_hp_gain":0.0,"max_hp_loss":0.0,"gold_gain":0.0,"event_name":"Shining Light","player_choice":"Ignored","floor":10.0,"gold_loss":0.0,"damage_taken":0.0},{"cards_removed":["Strike_G"],"damage_healed":0.0,"max_hp_gain":0.0,"max_hp_loss":0.0,"gold_gain":0.0,"event_name":"Living Wall","player_choice":"Forget","floor":12.0,"gold_loss":0.0,"damage_taken":0.0},{"damage_healed":0.0,"max_hp_gain":0.0,"max_hp_loss":0.0,"gold_gain":0.0,"event_name":"Mushrooms","player_choice":"Fought Mushrooms","floor":14.0,"gold_loss":0.0,"damage_taken":0.0},{"cards_removed":["Strike_G"],"damage_healed":0.0,"max_hp_gain":0.0,"max_hp_loss":0.0,"gold_gain":0.0,"event_name":"Beggar","player_choice":"Gave Gold","floor":20.0,"gold_loss":75.0,"damage_taken":0.0},{"damage_healed":0.0,"max_hp_gain":0.0,"max_hp_loss":0.0,"gold_gain":0.0,"event_name":"N\u0027loth","player_choice":"Ignored","floor":21.0,"gold_loss":0.0,"damage_taken":0.0},{"damage_healed":13.0,"max_hp_gain":0.0,"max_hp_loss":0.0,"gold_gain":0.0,"event_name":"The Library","player_choice":"Heal","floor":25.0,"gold_loss":0.0,"damage_taken":0.0},{"damage_healed":0,"gold_gain":250,"player_choice":"Bet on Owner","damage_taken":0,"max_hp_gain":0,"max_hp_loss":0,"event_name":"The Joust","floor":29,"gold_loss":50},{"damage_healed":0,"gold_gain":0,"player_choice":"Memory 1","damage_taken":0,"max_hp_gain":0,"max_hp_loss":0,"event_name":"SensoryStone","floor":37,"gold_loss":0},{"damage_healed":0,"gold_gain":0,"player_choice":"Paid","damage_taken":0,"relics_obtained":["Red Mask"],"max_hp_gain":0,"max_hp_loss":0,"event_name":"Tomb of Lord Red Mask","floor":45,"gold_loss":133}],"is_beta":true,"boss_relics":[{"not_picked":["White Beast Statue","Runic Dome"],"picked":"Ring of the Serpent"},{"not_picked":["Calling Bell","Pandora\u0027s Box"],"picked":"Empty Cage"}],"items_purged_floors":[13,31,39],"is_endless":false,"potions_floor_spawned":[1,2,7,11,24,30,33,41,48],"killed_by":"Awakened One","ascension_level":20}