{"gold_per_floor":[17,36,36,36,49,49,62,162,162,175,192,212,212,226,226,330,330,341,341,351,351,363,363,407,422,422,422,167,167,95,115,115,115],"floor_reached":33,"playtime":1184,"items_purged":[],"score":243,"play_id":"e9ea3738-105d-47dc-bdf8-05d72c2e7aad","local_time":"20190114012417","is_ascension_mode":false,"campfire_choices":[{"data":"Dramatic Entrance","floor":6.0,"key":"SMITH"},{"data":"Clothesline","floor":13.0,"key":"SMITH"},{"data":"Shockwave","floor":15.0,"key":"SMITH"},{"data":"Spot Weakness","floor":23.0,"key":"SMITH"},{"floor":27.0,"key":"REST"},{"floor":32,"key":"REST"}],"neow_cost":"NO_GOLD","seed_source_timestamp":348559632829822,"circlet_count":0,"master_deck":["Strike_R","Strike_R","Strike_R","Strike_R","Strike_R","Defend_R","Defend_R","Defend_R","Defend_R","Bash","Transmutation+1","Dramatic Entrance+1","Twin Strike","Dropkick","Shockwave+1","Rage","Clothesline+1","Bludgeon","Uppercut","Immolate","Power Through","Spot Weakness+1","Infernal Blade","Shrug It Off+1","Mayhem","Metallicize","Disarm","Warcry+1"],"special_seed":0,"relics":["Burning Blood"],"potions_floor_usage":[31,31,33,33],"damage_taken":[{"damage":0.0,"enemies":"Cultist","floor":1.0,"turns":3.0},{"damage":7.0,"enemies":"2 Louse","floor":2.0,"turns":2.0},{"damage":6.0,"enemies":"Jaw Worm","floor":5.0,"turns":3.0},{"damage":0.0,"enemies":"Exordium Wildlife","floor":7.0,"turns":2.0},{"damage":0.0,"enemies":"Looter","floor":10.0,"turns":1.0},{"damage":5.0,"enemies":"Blue Slaver","floor":11.0,"turns":5.0},{"damage":26.0,"enemies":"Exordium Thugs","floor":12.0,"turns":4.0},{"damage":0.0,"enemies":"Large Slime","floor":14.0,"turns":3.0},{"damage":67.0,"enemies":"Hexaghost","floor":16.0,"turns":12.0},{"damage":1.0,"enemies":"Chosen","floor":18.0,"turns":4.0},{"damage":12.0,"enemies":"2 Thieves","floor":20.0,"turns":4.0},{"damage":22.0,"enemies":"Centurion and Healer","floor":22.0,"turns":8.0},{"damage":30.0,"enemies":"Sentry and Sphere","floor":24.0,"turns":7.0},{"damage":27.0,"enemies":"Snake Plant","floor":25.0,"turns":7.0},{"damage":32,"enemies":"3 Cultists","floor":31,"turns":6},{"damage":52,"enemies":"Automaton","floor":33,"turns":8}],"seed_played":"-2652250389278719411","potions_obtained":[{"floor":5.0,"key":"Fire Potion"},{"floor":11.0,"key":"BloodPotion"},{"floor":12.0,"key":"Weak Potion"},{"floor":16.0,"key":"Weak Potion"},{"floor":18.0,"key":"Energy Potion"},{"floor":24.0,"key":"BloodPotion"},{"floor":25.0,"key":"SkillPotion"},{"floor":31,"key":"Poison Potion"}],"is_trial":false,"path_per_floor":["M","M","?","?","M","R","M","?","T","M","M","M","R","M","R","B",null,"M","?","M","?","M","R","M","M","T","R","$","?","$","M","R","B"],"character_chosen":"IRONCLAD","items_purchased":["Mayhem","Metallicize","Disarm"],"campfire_rested":2,"item_purchase_floors":[28,28,30],"current_hp_per_floor":[80,79,79,79,79,79,80,80,80,80,80,60,60,66,66,13,80,80,80,74,74,58,58,34,13,13,37,37,37,37,19,43,0],"gold":115,"neow_bonus":"RANDOM_COLORLESS_2","is_prod":false,"is_daily":false,"chose_seed":false,"campfire_upgraded":4,"win_rate":0,"timestamp":1547447057,"path_taken":["M","M","?","?","M","R","M","?","T","M","?","M","R","M","R","BOSS","M","?","M","?","M","R","M","M","T","R","$","?","?","?","R","BOSS"],"build_version":"2019-01-10","purchased_purges":0,"victory":false,"max_hp_per_floor":[80,80,80,80,80,80,80,80,80,80,80,80,80,80,80,80,80,80,80,80,80,80,80,80,80,80,80,80,80,80,80,80,80],"card_choices":[{"not_picked":["Headbutt","Wild Strike"],"picked":"Twin Strike","floor":1.0},{"not_picked":["Cleave","Seeing Red"],"picked":"Dropkick","floor":2.0},{"not_picked":["Thunderclap","Heavy Blade"],"picked":"Shockwave","floor":5.0},{"not_picked":["True Grit","Carnage"],"picked":"Rage","floor":7.0},{"not_picked":["Body Slam","Rage","Pommel Strike"],"picked":"SKIP","floor":10.0},{"not_picked":["Anger","Feel No Pain"],"picked":"Clothesline","floor":11.0},{"not_picked":["Twin Strike","Body Slam"],"picked":"Bludgeon","floor":12.0},{"not_picked":["Dual Wield","Cleave"],"picked":"Uppercut","floor":14.0},{"not_picked":["Exhume","Fiend Fire"],"picked":"Immolate","floor":16.0},{"not_picked":["Perfected Strike","Havoc","Sentinel"],"picked":"SKIP","floor":18.0},{"not_picked":["Headbutt","Body Slam","Searing Blow"],"picked":"SKIP","floor":20.0},{"not_picked":["Shrug It Off","Bloodletting"],"picked":"Spot Weakness","floor":22.0},{"not_picked":["True Grit","Berserk"],"picked":"Infernal Blade","floor":24.0},{"not_picked":["True Grit","Anger"],"picked":"Shrug It Off+1","floor":25.0},{"not_picked":["Whirlwind","Anger"],"picked":"Warcry+1","floor":31}],"player_experience":541393,"relics_obtained":[],"event_choices":[{"damage_healed":0.0,"max_hp_gain":0.0,"max_hp_loss":0.0,"gold_gain":0.0,"event_name":"Liars Game","player_choice":"Ignored","floor":3.0,"gold_loss":0.0,"damage_taken":0.0},{"damage_healed":0.0,"max_hp_gain":0.0,"max_hp_loss":0.0,"gold_gain":0.0,"event_name":"Living Wall","player_choice":"Grow","floor":4.0,"gold_loss":0.0,"damage_taken":0.0,"cards_upgraded":["Transmutation"]},{"damage_healed":0.0,"max_hp_gain":0.0,"max_hp_loss":0.0,"gold_gain":100.0,"event_name":"Wheel of Change","player_choice":"Gold","floor":8.0,"gold_loss":0.0,"damage_taken":0.0},{"damage_healed":0.0,"max_hp_gain":0.0,"max_hp_loss":0.0,"gold_gain":0.0,"event_name":"The Library","player_choice":"Read","floor":19.0,"gold_loss":0.0,"damage_taken":0.0,"cards_obtained":["Power Through"]},{"damage_healed":0.0,"max_hp_gain":0.0,"max_hp_loss":0.0,"gold_gain":0.0,"event_name":"Ghosts","player_choice":"Ignored","floor":21.0,"gold_loss":0.0,"damage_taken":0.0},{"damage_healed":0.0,"max_hp_gain":0.0,"max_hp_loss":0.0,"gold_gain":0.0,"event_name":"Vampires","player_choice":"Ignored","floor":29.0,"gold_loss":0.0,"damage_taken":0.0}],"is_beta":true,"boss_relics":[{"not_picked":["Astrolabe","Ectoplasm","Black Star"]}],"items_purged_floors":[],"is_endless":false,"potions_floor_spawned":[5,11,12,16,18,24,25,31],"killed_by":"Automaton","ascension_level":0}