{"gold_per_floor":[112,287,302,302,321,321,321,321,392,419,434,449,449,467,467,571,571,587,605,605,119,82,82,92,102,102,102,153,153,172,20,20,120,120,133,0,0,0,0,25,25,25,78,146,191,191,191,211,211,211],"floor_reached":51,"playtime":4296,"items_purged":["Pain"],"score":646,"play_id":"66176c39-be48-4ec7-9655-08941b565543","local_time":"20181106045220","is_ascension_mode":false,"campfire_choices":[{"floor":6,"key":"REST"},{"data":"Machine Learning","floor":8,"key":"SMITH"},{"floor":13,"key":"REST"},{"floor":15,"key":"REST"},{"data":"Coolheaded","floor":23,"key":"SMITH"},{"data":"Blizzard","floor":29,"key":"SMITH"},{"data":"Beam Cell","floor":32,"key":"SMITH"},{"data":"Turbo","floor":42,"key":"SMITH"},{"data":"Seek","floor":47,"key":"SMITH"},{"data":"Thunder Strike","floor":49,"key":"SMITH"}],"neow_cost":"TEN_PERCENT_HP_LOSS","seed_source_timestamp":713613071627031,"circlet_count":0,"master_deck":["Strike_B","Defend_B","Defend_B","Zap","Dualcast","Rainbow","Machine Learning+1","Glacier","Conserve Battery","Cold Snap","Cold Snap","Compile Driver","Conserve Battery","Turbo+1","Blizzard+1","Seek+1","Redo+1","Coolheaded+1","Conserve Battery+1","Forethought+1","Tempest+1","Rainbow+1","Beam Cell+1","White Noise+1","Recycle+1","Thunder Strike+1","Double Energy+1","Chaos+1","Steam+1","Fission+1","Doubt"],"relics":["Cracked Core","Mercury Hourglass","Bottled Flame","Inserter","WarpedTongs","Toxic Egg 2","Pocketwatch","Ancient Tea Set","Juzu Bracelet","Nuclear Battery","Red Mask","Frozen Egg 2","Vajra","Darkstone Periapt","Nunchaku"],"potions_floor_usage":[16,25,33,45,50,50,50],"damage_taken":[{"damage":6,"enemies":"Jaw Worm","floor":1,"turns":4},{"damage":13,"enemies":"Small Slimes","floor":3,"turns":3},{"damage":0,"enemies":"Cultist","floor":5,"turns":4},{"damage":14,"enemies":"Gremlin Nob","floor":10,"turns":4},{"damage":3,"enemies":"Looter","floor":11,"turns":3},{"damage":12,"enemies":"Exordium Thugs","floor":12,"turns":4},{"damage":12,"enemies":"Red Slaver","floor":14,"turns":3},{"damage":26,"enemies":"Hexaghost","floor":16,"turns":11},{"damage":1,"enemies":"Chosen","floor":18,"turns":4},{"damage":0,"enemies":"Spheric Guardian","floor":19,"turns":5},{"damage":1,"enemies":"Centurion and Healer","floor":24,"turns":7},{"damage":10,"enemies":"Snecko","floor":25,"turns":5},{"damage":0,"enemies":"Sentry and Sphere","floor":30,"turns":4},{"damage":20,"enemies":"Collector","floor":33,"turns":7},{"damage":11,"enemies":"Orb Walker","floor":35,"turns":3},{"damage":7,"enemies":"Giant Head","floor":40,"turns":7},{"damage":29,"enemies":"2 Orb Walkers","floor":45,"turns":4},{"damage":2,"enemies":"3 Shapes","floor":48,"turns":2},{"damage":26,"enemies":"Awakened One","floor":50,"turns":8}],"seed_played":"2085184660171271314","potions_obtained":[{"floor":1,"key":"FearPotion"},{"floor":5,"key":"Explosive Potion"},{"floor":12,"key":"EssenceOfSteel"},{"floor":24,"key":"Block Potion"},{"floor":30,"key":"Explosive Potion"},{"floor":35,"key":"GamblersBrew"},{"floor":40,"key":"Dexterity Potion"},{"floor":48,"key":"EssenceOfSteel"}],"is_trial":false,"path_per_floor":["M","?","M","?","M","R","?","R","T","E","M","M","R","M","R","B",null,"M","M","?","$","$","R","M","M","T","?","T","R","M","$","R","B",null,"M","?","?","$","?","E","?","R","T","T","?","?","R","M","R","B",null],"character_chosen":"DEFECT","items_purchased":["FTL","Toxic Egg 2","Conserve Battery+1","Forethought+1","Tempest+1","Juzu Bracelet"],"campfire_rested":3,"item_purchase_floors":[21,21,21,21,22,31],"current_hp_per_floor":[62,62,49,42,42,62,62,62,62,48,45,33,53,41,61,35,68,67,67,67,67,67,67,66,56,56,56,56,56,56,56,56,36,68,57,57,57,57,57,50,50,50,50,50,21,71,71,69,69,43],"gold":211,"neow_bonus":"TRANSFORM_TWO_CARDS","is_prod":false,"is_daily":false,"chose_seed":false,"campfire_upgraded":7,"win_rate":0.0,"timestamp":1541497940,"path_taken":["M","?","M","?","M","R","?","R","T","E","M","?","R","M","R","BOSS","M","M","?","?","$","R","?","M","T","?","?","R","M","$","R","BOSS","M","?","?","$","?","E","?","R","T","?","?","?","R","M","R","BOSS"],"build_version":"2018-11-01","purchased_purges":1,"victory":true,"max_hp_per_floor":[68,68,68,68,68,68,68,68,68,68,68,68,68,68,68,68,68,68,68,68,68,68,68,68,68,68,68,68,68,68,68,68,68,68,68,68,68,68,68,68,65,65,65,65,65,71,71,71,71,71],"card_choices":[{"not_picked":["Melter","Hello World"],"picked":"Glacier","floor":1},{"not_picked":["Redo","Leap"],"picked":"Conserve Battery","floor":3},{"not_picked":["Chaos","Compile Driver"],"picked":"Cold Snap","floor":5},{"not_picked":["Hyperbeam","Biased Cognition"],"picked":"Compile Driver","floor":10},{"not_picked":["Recycle","Reprogram"],"picked":"Conserve Battery","floor":11},{"not_picked":["Aggregate","Reprogram"],"picked":"Turbo","floor":12},{"not_picked":["Steam Power","Barrage"],"picked":"Blizzard","floor":14},{"not_picked":["Rainbow","Electrodynamics"],"picked":"Seek","floor":16},{"not_picked":["Cold Snap","Compile Driver+1"],"picked":"Redo+1","floor":18},{"not_picked":["Ball Lightning+1","Redo"],"picked":"Coolheaded","floor":19},{"not_picked":["Go for the Eyes+1","Darkness+1"],"picked":"Rainbow+1","floor":24},{"not_picked":["Loop","Rip and Tear"],"picked":"Beam Cell","floor":25},{"not_picked":["Ball Lightning","Conserve Battery+1","Sunder"],"picked":"SKIP","floor":30},{"not_picked":["Biased Cognition","Amplify+1"],"picked":"Thunder Strike","floor":33},{"not_picked":["Melter+1","Cold Snap+1"],"picked":"Double Energy+1","floor":35},{"not_picked":["Skim+1","Defragment"],"picked":"Fission+1","floor":40},{"not_picked":["Streamline","Force Field+1","Cold Snap"],"picked":"SKIP","floor":48}],"player_experience":27589,"relics_obtained":[{"floor":9,"key":"Mercury Hourglass"},{"floor":10,"key":"Bottled Flame"},{"floor":26,"key":"Pocketwatch"},{"floor":28,"key":"Ancient Tea Set"},{"floor":40,"key":"Frozen Egg 2"},{"floor":43,"key":"Vajra"},{"floor":44,"key":"Darkstone Periapt"},{"floor":45,"key":"Nunchaku"}],"event_choices":[{"damage_healed":0,"gold_gain":175,"player_choice":"AGREE","damage_taken":0,"max_hp_gain":0,"max_hp_loss":0,"event_name":"Liars Game","floor":2,"gold_loss":0,"cards_obtained":["Doubt"]},{"cards_removed":["Doubt"],"damage_healed":0,"gold_gain":0,"player_choice":"Card Removal","damage_taken":7,"max_hp_gain":0,"max_hp_loss":0,"event_name":"Golden Wing","floor":4,"gold_loss":0},{"damage_healed":0,"gold_gain":0,"cards_transformed":["Strike_B"],"player_choice":"Transformed","damage_taken":0,"max_hp_gain":0,"max_hp_loss":0,"event_name":"Transmorgrifier","floor":7,"gold_loss":0,"cards_obtained":["Cold Snap"]},{"damage_healed":0,"gold_gain":0,"player_choice":"Rummage","damage_taken":0,"relics_obtained":["WarpedTongs"],"max_hp_gain":0,"max_hp_loss":0,"event_name":"Accursed Blacksmith","floor":20,"gold_loss":0,"cards_obtained":["Pain"]},{"damage_healed":0,"gold_gain":0,"cards_transformed":["Strike_B","Strike_B"],"player_choice":"Became Test Subject","damage_taken":0,"max_hp_gain":0,"max_hp_loss":0,"event_name":"Drug Dealer","floor":27,"gold_loss":0,"cards_obtained":["White Noise","Recycle"]},{"damage_healed":0,"gold_gain":0,"player_choice":"Paid","damage_taken":0,"relics_obtained":["Red Mask"],"max_hp_gain":0,"max_hp_loss":0,"event_name":"Tomb of Lord Red Mask","floor":36,"gold_loss":133},{"damage_healed":0,"gold_gain":0,"player_choice":"2 cards matched","damage_taken":0,"max_hp_gain":0,"max_hp_loss":0,"event_name":"Match and Keep!","floor":37,"gold_loss":0,"cards_obtained":["Chaos","Steam"]},{"cards_removed":["FTL"],"damage_healed":0,"gold_gain":0,"player_choice":"Removed Attack","damage_taken":0,"max_hp_gain":0,"max_hp_loss":0,"event_name":"Falling","floor":39,"gold_loss":0},{"damage_healed":0,"gold_gain":0,"player_choice":"Max HP","damage_taken":0,"max_hp_gain":0,"max_hp_loss":3,"event_name":"Winding Halls","floor":41,"gold_loss":0},{"damage_healed":0,"gold_gain":0,"player_choice":"Fight","damage_taken":0,"max_hp_gain":0,"max_hp_loss":0,"event_name":"Mysterious Sphere","floor":45,"gold_loss":0},{"damage_healed":44,"gold_gain":0,"player_choice":"Heal","damage_taken":0,"max_hp_gain":0,"max_hp_loss":0,"event_name":"MindBloom","floor":46,"gold_loss":0,"cards_obtained":["Doubt"]}],"is_beta":false,"boss_relics":[{"not_picked":["Ectoplasm","Lizard Tail"],"picked":"Inserter"},{"not_picked":["Eternal Feather","Philosopher\u0027s Stone"],"picked":"Nuclear Battery"}],"items_purged_floors":[21],"is_endless":false,"potions_floor_spawned":[1,5,12,24,30,35,40,48],"ascension_level":0}