{"gold_per_floor":[215,292,20,38,54,54,80,45,99,99,99,155,187,199,199,303,303,320,280,60,111,124,156,156,166,166,184,204,237,237,248,248,347,347,363,363,376,389,27,27,59,59,84,84,104,120,152,152,152,152],"floor_reached":51,"playtime":2716,"items_purged":["Strike_R","Strike_R"],"score":977,"play_id":"b062b6fb-b46a-40ea-bf76-4ab7118fbeb7","local_time":"20190130232448","is_ascension_mode":true,"campfire_choices":[{"data":"Bludgeon","floor":6,"key":"SMITH"},{"data":"Inflame","floor":10,"key":"SMITH"},{"data":"Disarm","floor":15,"key":"SMITH"},{"data":"Shockwave","floor":24,"key":"SMITH"},{"data":"Shrug It Off","floor":30,"key":"SMITH"},{"data":"Rage","floor":32,"key":"SMITH"},{"floor":40,"key":"REST"},{"data":"Demon Form","floor":42,"key":"SMITH"},{"floor":44,"key":"REST"},{"floor":49,"key":"REST"}],"neow_cost":"NONE","seed_source_timestamp":1136801120692655,"circlet_count":0,"master_deck":["Strike_R","Defend_R+1","Defend_R","Defend_R","Defend_R+1","Bash","Clash","Inflame+1","Bludgeon+1","Warcry","Thunderclap+1","Shrug It Off+1","Metallicize+1","Disarm+1","Shockwave+1","Pummel+1","Demon Form+1","Headbutt+1","Power Through","Rage+1","Feel No Pain","Twin Strike+1","Shrug It Off","Disarm+1","Evolve+1","Blind"],"relics":["Burning Blood","War Paint","Strawberry","Blue Candle","Molten Egg 2","Busted Crown","Bag of Preparation","Centennial Puzzle","The Courier","Ornamental Fan","Smiling Mask","Empty Cage","NlothsMask","Vajra","Ancient Tea Set","Bottled Lightning","Red Skull"],"potions_floor_usage":[14,16,23,27,33,38,46,47],"damage_taken":[{"damage":14,"enemies":"Jaw Worm","floor":1,"turns":3},{"damage":3,"enemies":"2 Louse","floor":4,"turns":2},{"damage":0,"enemies":"Small Slimes","floor":5,"turns":2},{"damage":30,"enemies":"Lagavulin","floor":7,"turns":4},{"damage":8,"enemies":"Gremlin Nob","floor":12,"turns":3},{"damage":13,"enemies":"3 Sentries","floor":13,"turns":7},{"damage":5,"enemies":"Exordium Thugs","floor":14,"turns":3},{"damage":3,"enemies":"The Guardian","floor":16,"turns":10},{"damage":23,"enemies":"Spheric Guardian","floor":18,"turns":5},{"damage":3,"enemies":"Chosen","floor":22,"turns":4},{"damage":12,"enemies":"Slavers","floor":23,"turns":4},{"damage":14,"enemies":"Centurion and Healer","floor":25,"turns":3},{"damage":0,"enemies":"Chosen and Byrds","floor":27,"turns":3},{"damage":6,"enemies":"Snecko","floor":28,"turns":4},{"damage":7,"enemies":"Book of Stabbing","floor":29,"turns":4},{"damage":24,"enemies":"Centurion and Healer","floor":31,"turns":6},{"damage":44,"enemies":"Collector","floor":33,"turns":9},{"damage":14,"enemies":"3 Darklings","floor":35,"turns":8},{"damage":29,"enemies":"Orb Walker","floor":37,"turns":6},{"damage":18,"enemies":"Sphere and 2 Shapes","floor":38,"turns":6},{"damage":18,"enemies":"Giant Head","floor":41,"turns":7},{"damage":2,"enemies":"Spire Growth","floor":45,"turns":6},{"damage":24,"enemies":"Transient","floor":46,"turns":5},{"damage":45,"enemies":"Nemesis","floor":47,"turns":10},{"damage":20,"enemies":"Awakened One","floor":50,"turns":17}],"seed_played":"8678043243382730276","potions_obtained":[{"floor":7,"key":"SpeedPotion"},{"floor":12,"key":"Block Potion"},{"floor":14,"key":"PowerPotion"},{"floor":16,"key":"Weak Potion"},{"floor":22,"key":"Energy Potion"},{"floor":23,"key":"Strength Potion"},{"floor":25,"key":"BloodPotion"},{"floor":29,"key":"Poison Potion"},{"floor":37,"key":"AttackPotion"},{"floor":38,"key":"FearPotion"},{"floor":47,"key":"Block Potion"}],"is_trial":false,"path_per_floor":["M","?","$","M","M","R","E","$","T","R","?","?","E","M","R","B",null,"M","?","$","T","M","E","R","M","T","M","M","E","R","M","R","B",null,"M","?","M","M","$","R","E","R","T","R","M","M","E","?","R","B",null],"character_chosen":"IRONCLAD","items_purchased":["Inflame","Bludgeon","FearPotion","Metallicize","Bag of Preparation","Vajra","Ancient Tea Set","PowerPotion","Shrug It Off"],"campfire_rested":3,"item_purchase_floors":[3,3,3,8,20,39,39,39,39],"current_hp_per_floor":[64,64,64,67,73,73,49,49,56,56,56,54,47,48,48,51,78,61,61,61,61,64,58,58,50,50,64,64,63,63,45,45,7,67,59,59,36,24,24,50,38,38,38,64,68,50,11,11,37,23],"gold":152,"neow_bonus":"HUNDRED_GOLD","is_prod":false,"is_daily":false,"chose_seed":false,"campfire_upgraded":7,"win_rate":0,"timestamp":1548919488,"path_taken":["M","?","$","M","M","R","E","$","T","R","?","?","E","M","R","BOSS","M","?","$","?","M","E","R","M","T","M","?","E","R","M","R","BOSS","M","?","M","M","?","R","E","R","T","R","M","M","E","?","R","BOSS"],"build_version":"2019-01-23","purchased_purges":2,"victory":true,"max_hp_per_floor":[80,80,80,80,80,80,80,80,87,87,87,87,87,87,87,87,87,87,87,87,87,87,87,87,87,87,87,87,87,87,87,87,87,87,87,87,87,87,87,87,87,87,87,87,87,87,87,87,87,87],"card_choices":[{"not_picked":["Sword Boomerang","True Grit"],"picked":"Clash","floor":1},{"not_picked":["Havoc","Second Wind"],"picked":"Warcry","floor":4},{"not_picked":["Body Slam","Pommel Strike"],"picked":"Thunderclap","floor":5},{"not_picked":["Headbutt","Ghostly Armor"],"picked":"Shrug It Off","floor":7},{"not_picked":["Cleave","Pommel Strike"],"picked":"Disarm","floor":12},{"not_picked":["Corruption","Headbutt"],"picked":"Shockwave","floor":13},{"not_picked":["Evolve","Dual Wield"],"picked":"Pummel+1","floor":14},{"not_picked":["Double Tap","Immolate+1"],"picked":"Demon Form","floor":16},{"not_picked":[],"picked":"Headbutt+1","floor":18},{"not_picked":["Warcry"],"picked":"SKIP","floor":22},{"not_picked":["Reckless Charge+1"],"picked":"SKIP","floor":25},{"not_picked":["Clash+1"],"picked":"SKIP","floor":27},{"not_picked":["Headbutt+1"],"picked":"SKIP","floor":28},{"not_picked":[],"picked":"Power Through","floor":29},{"not_picked":[],"picked":"Rage","floor":31},{"not_picked":[],"picked":"Feel No Pain","floor":35},{"not_picked":["Flex"],"picked":"SKIP","floor":37},{"not_picked":[],"picked":"Twin Strike+1","floor":38},{"not_picked":["Juggernaut"],"picked":"SKIP","floor":41},{"not_picked":["Sentinel"],"picked":"SKIP","floor":45},{"not_picked":[],"picked":"Disarm+1","floor":46},{"not_picked":[],"picked":"Evolve+1","floor":47}],"player_experience":288971,"relics_obtained":[{"floor":7,"key":"War Paint"},{"floor":9,"key":"Strawberry"},{"floor":12,"key":"Blue Candle"},{"floor":13,"key":"Molten Egg 2"},{"floor":21,"key":"Centennial Puzzle"},{"floor":23,"key":"The Courier"},{"floor":26,"key":"Ornamental Fan"},{"floor":29,"key":"Smiling Mask"},{"floor":41,"key":"Bottled Lightning"},{"floor":47,"key":"Red Skull"}],"event_choices":[{"damage_healed":0,"gold_gain":77,"player_choice":"Gained Gold","damage_taken":0,"max_hp_gain":0,"max_hp_loss":0,"event_name":"Golden Wing","floor":2,"gold_loss":0},{"damage_healed":0,"gold_gain":0,"player_choice":"Grow","damage_taken":0,"max_hp_gain":0,"max_hp_loss":0,"event_name":"Living Wall","floor":11,"gold_loss":0,"cards_upgraded":["Metallicize"]},{"damage_healed":0,"gold_gain":30,"player_choice":"Searched \u00273\u0027 times","damage_taken":0,"max_hp_gain":0,"max_hp_loss":0,"event_name":"Dead Adventurer","floor":12,"gold_loss":0},{"damage_healed":0,"gold_gain":0,"player_choice":"Upgrade","damage_taken":0,"max_hp_gain":0,"max_hp_loss":0,"event_name":"Designer","floor":19,"gold_loss":40,"cards_upgraded":["Thunderclap"]},{"damage_healed":0,"gold_gain":0,"player_choice":"Trade","damage_taken":0,"relics_obtained":["NlothsMask"],"max_hp_gain":0,"max_hp_loss":0,"event_name":"FaceTrader","floor":36,"gold_loss":0},{"damage_healed":0,"gold_gain":0,"player_choice":"1 cards matched","damage_taken":0,"max_hp_gain":0,"max_hp_loss":0,"event_name":"Match and Keep!","floor":48,"gold_loss":0,"cards_obtained":["Blind"]}],"is_beta":false,"boss_relics":[{"not_picked":["Astrolabe","Coffee Dripper"],"picked":"Busted Crown"},{"not_picked":["Philosopher\u0027s Stone","Lizard Tail"],"picked":"Empty Cage"}],"items_purged_floors":[20,39],"is_endless":false,"potions_floor_spawned":[7,12,14,16,22,23,25,29,31,37,38,45,47],"ascension_level":7}