{"gold_per_floor":[118,136,149,149,74,104,104,132,132,144],"floor_reached":10,"playtime":288,"items_purged":[],"score":133,"play_id":"c8ebf287-71bd-4f52-98ec-475f3e0d74f1","local_time":"20190212224142","is_ascension_mode":true,"campfire_choices":[{"data":"Bash","floor":7,"key":"SMITH"}],"neow_cost":"NONE","seed_source_timestamp":20747027912600,"circlet_count":0,"master_deck":["AscendersBane","Strike_R","Strike_R","Strike_R","Strike_R","Strike_R","Defend_R","Defend_R","Defend_R","Bash+1","Flame Barrier","Ghostly Armor","Limit Break","Feed","Disarm"],"relics":["Burning Blood","NeowsBlessing","Juzu Bracelet","The Courier","MawBank"],"potions_floor_usage":[6,6,10],"damage_taken":[{"damage":0,"enemies":"Cultist","floor":1,"turns":1},{"damage":0,"enemies":"Small Slimes","floor":2,"turns":1},{"damage":0,"enemies":"2 Louse","floor":3,"turns":1},{"damage":26,"enemies":"Lagavulin","floor":6,"turns":8},{"damage":58,"enemies":"3 Sentries","floor":8,"turns":15},{"damage":16,"enemies":"Gremlin Nob","floor":10,"turns":2}],"seed_played":"5283426666510319384","potions_obtained":[{"floor":1,"key":"EssenceOfSteel"},{"floor":2,"key":"Strength Potion"},{"floor":6,"key":"Ancient Potion"}],"is_trial":false,"path_per_floor":["M","M","M","?","?","E","R","E","T","E"],"character_chosen":"IRONCLAD","items_purchased":[],"campfire_rested":0,"item_purchase_floors":[],"current_hp_per_floor":[74,75,75,80,80,60,60,11,11,0],"gold":144,"neow_bonus":"THREE_ENEMY_KILL","is_prod":false,"is_daily":false,"chose_seed":false,"campfire_upgraded":1,"win_rate":0,"timestamp":1550004102,"path_taken":["M","M","?","?","?","E","R","E","T","E"],"build_version":"2019-01-23","purchased_purges":0,"victory":false,"max_hp_per_floor":[75,75,75,80,80,80,80,83,83,83],"card_choices":[{"not_picked":["Warcry","Anger"],"picked":"Flame Barrier","floor":1},{"not_picked":["Clothesline","Anger"],"picked":"Ghostly Armor","floor":2},{"not_picked":["Sword Boomerang","Havoc"],"picked":"Limit Break","floor":3},{"not_picked":["Sword Boomerang","Iron Wave"],"picked":"Feed","floor":6},{"not_picked":["Heavy Blade","Feel No Pain"],"picked":"Disarm","floor":8}],"player_experience":719267,"relics_obtained":[{"floor":6,"key":"Juzu Bracelet"},{"floor":8,"key":"The Courier"},{"floor":9,"key":"MawBank"}],"event_choices":[{"damage_healed":0,"gold_gain":0,"player_choice":"Donut","damage_taken":0,"max_hp_gain":5,"max_hp_loss":0,"event_name":"Big Fish","floor":4,"gold_loss":0},{"cards_removed":["Defend_R"],"damage_healed":0,"gold_gain":0,"player_choice":"Card Removal","damage_taken":0,"max_hp_gain":0,"max_hp_loss":0,"event_name":"The Cleric","floor":5,"gold_loss":75}],"is_beta":false,"boss_relics":[],"items_purged_floors":[],"is_endless":false,"potions_floor_spawned":[1,2,6],"killed_by":"Gremlin Nob","ascension_level":15}