{"gold_per_floor":[110,110,121,140,11,71,71,102,102,121,121,156,167,17,17,119,119,138,138,150,150,164,164,189,234,292,331,357,369,381,419,431,545,557,586,820,832,217,236,270,31,31,58,71,71,148,148,148,148,148],"floor_reached":51,"playtime":2236,"items_purged":["Strike_R","Doubt"],"score":1030,"play_id":"2fbf7fdf-92a0-40d9-a49c-a867008301be","local_time":"20190126163654","is_ascension_mode":true,"campfire_choices":[{"data":"Bludgeon","floor":11,"key":"SMITH"},{"data":"Flame Barrier","floor":15,"key":"SMITH"},{"data":"Cleave","floor":23,"key":"SMITH"},{"data":"Armaments","floor":29,"key":"SMITH"},{"data":"Limit Break","floor":32,"key":"SMITH"},{"floor":42,"key":"REST"},{"data":"Inflame","floor":47,"key":"SMITH"},{"floor":49,"key":"REST"}],"neow_cost":"NONE","seed_source_timestamp":767175498461305,"circlet_count":0,"master_deck":["Strike_R+1","Strike_R+1","Strike_R+1","Strike_R+1","Defend_R+1","Defend_R+1","Defend_R+1","Defend_R+1","Bash","Clash","Cleave+1","Sword Boomerang","Metallicize","Iron Wave","Bludgeon+1","Flame Barrier+1","Inflame+1","Limit Break+1","Intimidate+1","Armaments+1","Clothesline+1","Parasite","Double Tap","Flame Barrier","Reaper","True Grit","Flame Barrier","Inflame+1","Shrug It Off","Shockwave","Injury","Sword Boomerang+1","Decay","Parasite","Forethought","Rampage+1","Shrug It Off"],"relics":["Burning Blood","Tiny Chest","Pocketwatch","Self Forming Clay","Pear","Cursed Key","Sundial","MawBank","Red Mask","Orichalcum","Ornamental Fan","Smiling Mask","Letter Opener","Orrery","Molten Egg 2","Dream Catcher","Mercury Hourglass","Gremlin Horn","Regal Pillow","Bottled Flame","Blue Candle"],"potions_floor_usage":[6,8,10,20,24,27,33,33,35,40,50],"damage_taken":[{"damage":11,"enemies":"Jaw Worm","floor":1,"turns":5},{"damage":3,"enemies":"2 Louse","floor":3,"turns":2},{"damage":0,"enemies":"Cultist","floor":4,"turns":2},{"damage":32,"enemies":"Lagavulin","floor":6,"turns":7},{"damage":18,"enemies":"3 Sentries","floor":8,"turns":6},{"damage":7,"enemies":"Lots of Slimes","floor":10,"turns":2},{"damage":5,"enemies":"Gremlin Nob","floor":12,"turns":3},{"damage":9,"enemies":"3 Louse","floor":13,"turns":2},{"damage":15,"enemies":"Hexaghost","floor":16,"turns":8},{"damage":20,"enemies":"Spheric Guardian","floor":18,"turns":4},{"damage":0,"enemies":"3 Byrds","floor":20,"turns":2},{"damage":3,"enemies":"3 Cultists","floor":22,"turns":5},{"damage":0,"enemies":"Gremlin Leader","floor":24,"turns":5},{"damage":8,"enemies":"Masked Bandits","floor":25,"turns":3},{"damage":2,"enemies":"Slavers","floor":27,"turns":5},{"damage":3,"enemies":"Cultist and Chosen","floor":28,"turns":4},{"damage":12,"enemies":"Gremlin Leader","floor":31,"turns":8},{"damage":68,"enemies":"Champ","floor":33,"turns":8},{"damage":34,"enemies":"3 Darklings","floor":35,"turns":7},{"damage":6,"enemies":"Orb Walker","floor":39,"turns":4},{"damage":43,"enemies":"Nemesis","floor":40,"turns":9},{"damage":14,"enemies":"3 Darklings","floor":44,"turns":4},{"damage":93,"enemies":"Time Eater","floor":50,"turns":8}],"seed_played":"-3652791134672198068","potions_obtained":[{"floor":0,"key":"SteroidPotion"},{"floor":0,"key":"Strength Potion"},{"floor":0,"key":"Weak Potion"},{"floor":6,"key":"SpeedPotion"},{"floor":7,"key":"Strength Potion"},{"floor":8,"key":"FearPotion"},{"floor":12,"key":"GamblersBrew"},{"floor":22,"key":"AttackPotion"},{"floor":24,"key":"Poison Potion"},{"floor":27,"key":"Fire Potion"},{"floor":28,"key":"Energy Potion"}],"is_trial":false,"path_per_floor":["M","?","M","M","$","E","?","E","T","M","R","E","M","$","R","B",null,"M","?","M","?","M","R","E","?","T","E","M","R","T","E","R","B",null,"M","?","?","$","M","E","$","R","T","M","T","T","R","?","R","B",null],"character_chosen":"IRONCLAD","items_purchased":["Metallicize","Iron Wave","Inflame","Molten Egg 2","PowerPotion","Shrug It Off","Energy Potion","Weak Potion","Dream Catcher","Gremlin Horn"],"campfire_rested":2,"item_purchase_floors":[5,5,14,38,38,38,38,38,38,41],"current_hp_per_floor":[75,75,78,80,80,54,54,42,42,41,41,52,49,49,49,40,78,64,64,70,70,73,73,79,77,77,81,84,84,84,78,78,16,72,56,56,56,56,56,21,21,48,48,40,40,40,40,40,82,49],"gold":148,"neow_bonus":"THREE_SMALL_POTIONS","is_prod":false,"is_daily":false,"chose_seed":false,"campfire_upgraded":6,"win_rate":0,"timestamp":1548549414,"path_taken":["M","?","M","M","$","E","?","E","T","M","R","E","?","?","R","BOSS","M","?","M","?","?","R","E","?","T","E","M","R","?","E","R","BOSS","M","?","?","$","M","E","?","R","T","?","?","?","R","?","R","BOSS"],"build_version":"2019-01-23","purchased_purges":2,"victory":true,"max_hp_per_floor":[80,80,80,80,80,80,80,80,80,80,80,90,90,90,90,90,90,90,90,90,90,90,90,90,90,90,90,90,90,90,90,90,90,90,90,90,90,90,90,90,90,90,90,90,90,90,90,90,90,90],"card_choices":[{"not_picked":["Battle Trance","Feel No Pain"],"picked":"Clash","floor":1},{"not_picked":["Thunderclap","Shockwave"],"picked":"Cleave","floor":3},{"not_picked":["Corruption","Clash"],"picked":"Sword Boomerang","floor":4},{"not_picked":["Perfected Strike","Metallicize","Burning Pact"],"picked":"SKIP","floor":6},{"not_picked":["Warcry","Rampage"],"picked":"Bludgeon","floor":8},{"not_picked":["Blood for Blood","Reckless Charge","Carnage"],"picked":"SKIP","floor":10},{"not_picked":["Second Wind","Evolve"],"picked":"Flame Barrier","floor":12},{"not_picked":["Perfected Strike","Warcry","Sword Boomerang"],"picked":"SKIP","floor":13},{"not_picked":["Dark Embrace","Barricade"],"picked":"Limit Break","floor":16},{"not_picked":["Entrench","Sentinel+1","Hemokinesis"],"picked":"SKIP","floor":18},{"not_picked":["Flex","Body Slam"],"picked":"Intimidate+1","floor":20},{"not_picked":["Infernal Blade","Blood for Blood","Uppercut"],"picked":"SKIP","floor":22},{"not_picked":["Heavy Blade","Blood for Blood"],"picked":"Armaments","floor":24},{"not_picked":["Armaments","Reckless Charge+1"],"picked":"Clothesline+1","floor":25},{"not_picked":["Clothesline","Twin Strike"],"picked":"Double Tap","floor":27},{"not_picked":["Cleave","Havoc","Hemokinesis"],"picked":"SKIP","floor":28},{"not_picked":["Shockwave","Rupture"],"picked":"Flame Barrier","floor":31},{"not_picked":["Bludgeon","Brutality"],"picked":"Reaper","floor":33},{"not_picked":["Cleave","Body Slam"],"picked":"True Grit","floor":34},{"not_picked":["Seeing Red","Sword Boomerang"],"picked":"Flame Barrier","floor":34},{"not_picked":["Bloodletting+1","Pommel Strike+1"],"picked":"Inflame+1","floor":35},{"not_picked":["Evolve+1","Hemokinesis+1"],"picked":"Shockwave","floor":39},{"not_picked":["Havoc","Body Slam+1","Clothesline+1"],"picked":"SKIP","floor":40},{"not_picked":["Rage+1","True Grit+1"],"picked":"Sword Boomerang+1","floor":44},{"not_picked":["Rampage+1","Havoc+1"],"picked":"Shrug It Off","floor":49}],"player_experience":262849,"relics_obtained":[{"floor":6,"key":"Tiny Chest"},{"floor":8,"key":"Pocketwatch"},{"floor":9,"key":"Self Forming Clay"},{"floor":12,"key":"Pear"},{"floor":21,"key":"Sundial"},{"floor":24,"key":"MawBank"},{"floor":25,"key":"Red Mask"},{"floor":26,"key":"Orichalcum"},{"floor":27,"key":"Ornamental Fan"},{"floor":30,"key":"Smiling Mask"},{"floor":31,"key":"Letter Opener"},{"floor":40,"key":"Mercury Hourglass"},{"floor":43,"key":"Regal Pillow"},{"floor":45,"key":"Bottled Flame"},{"floor":46,"key":"Blue Candle"}],"event_choices":[{"damage_healed":0,"gold_gain":0,"player_choice":"Ignored","damage_taken":0,"max_hp_gain":0,"max_hp_loss":0,"event_name":"Liars Game","floor":2,"gold_loss":0},{"damage_healed":0,"gold_gain":0,"player_choice":"Got Potions","damage_taken":0,"max_hp_gain":0,"max_hp_loss":0,"event_name":"Lab","floor":7,"gold_loss":0},{"damage_healed":0,"gold_gain":0,"player_choice":"Simplicity","damage_taken":0,"max_hp_gain":0,"max_hp_loss":0,"event_name":"Back to Basics","floor":19,"gold_loss":0,"cards_upgraded":["Strike_R","Strike_R","Strike_R","Strike_R","Defend_R","Defend_R","Defend_R","Defend_R"]},{"damage_healed":0,"gold_gain":0,"player_choice":"Relic","damage_taken":0,"max_hp_gain":0,"max_hp_loss":0,"event_name":"Wheel of Change","floor":21,"gold_loss":0},{"damage_healed":0,"gold_gain":0,"player_choice":"Fought Bandits","damage_taken":0,"max_hp_gain":0,"max_hp_loss":0,"event_name":"Masked Bandits","floor":25,"gold_loss":0},{"damage_healed":0,"gold_gain":222,"player_choice":"Wore Mask","damage_taken":0,"max_hp_gain":0,"max_hp_loss":0,"event_name":"Tomb of Lord Red Mask","floor":36,"gold_loss":0},{"damage_healed":0,"gold_gain":0,"player_choice":"Memory 1","damage_taken":0,"max_hp_gain":0,"max_hp_loss":0,"event_name":"SensoryStone","floor":37,"gold_loss":0},{"damage_healed":0,"gold_gain":0,"player_choice":"2 cards matched","damage_taken":0,"max_hp_gain":0,"max_hp_loss":0,"event_name":"Match and Keep!","floor":48,"gold_loss":0,"cards_obtained":["Forethought","Rampage"]}],"is_beta":false,"boss_relics":[{"not_picked":["Calling Bell","Empty Cage"],"picked":"Cursed Key"},{"not_picked":["Pandora\u0027s Box","Tiny House"],"picked":"Orrery"}],"items_purged_floors":[14,38],"is_endless":false,"potions_floor_spawned":[3,6,8,12,22,24,27,28,31,39],"ascension_level":5}