{"gold_per_floor":[20,20,30,49,49,63,89,89,171,185,19,19,49,66,66,171,171,185,199,10,10,10,36,36,36,36,69,79,79],"floor_reached":29,"playtime":3287,"items_purged":["Defend_R"],"score":423,"play_id":"6a7e2943-cc60-4e32-8066-a6b1ddae0c20","local_time":"20181101133357","is_ascension_mode":true,"campfire_choices":[{"data":"Metallicize","floor":8.0,"key":"SMITH"},{"data":"Bludgeon","floor":12.0,"key":"SMITH"},{"data":"Shrug It Off","floor":15,"key":"SMITH"},{"floor":25,"key":"REST"}],"neow_cost":"NO_GOLD","seed_source_timestamp":0,"circlet_count":0,"master_deck":["Strike_R","Strike_R","Strike_R","Strike_R","Strike_R","Defend_R","Defend_R","Defend_R","Bash","AscendersBane","Shrug It Off+1","Shrug It Off","Bludgeon+1","Armaments+1","Metallicize+1","Ghostly Armor+1","Forethought+1","Seeing Red+1","True Grit+1","Barricade","Iron Wave+1","Uppercut","Secret Weapon+1","Shame","Infernal Blade+1","Metallicize+1","Heavy Blade","Burning Pact+1"],"special_seed":0,"relics":["Burning Blood","Pocketwatch","Blood Vial","Toxic Egg 2","Red Skull","Bottled Flame","Torii","Snecko Eye","Dream Catcher","Bronze Scales","Meat on the Bone","Calipers"],"potions_floor_usage":[23,29],"damage_taken":[{"damage":7.0,"enemies":"Jaw Worm","floor":1.0,"turns":3.0},{"damage":1.0,"enemies":"Small Slimes","floor":3.0,"turns":4.0},{"damage":9.0,"enemies":"Cultist","floor":4.0,"turns":5.0},{"damage":10.0,"enemies":"Gremlin Gang","floor":6.0,"turns":7.0},{"damage":10.0,"enemies":"3 Sentries","floor":7.0,"turns":13.0},{"damage":11.0,"enemies":"Exordium Thugs","floor":10.0,"turns":5.0},{"damage":6.0,"enemies":"Lagavulin","floor":13.0,"turns":7.0},{"damage":7.0,"enemies":"Looter","floor":14.0,"turns":4.0},{"damage":1,"enemies":"The Guardian","floor":16,"turns":10},{"damage":6,"enemies":"2 Thieves","floor":18,"turns":4},{"damage":0,"enemies":"Chosen","floor":19,"turns":3},{"damage":56,"enemies":"Gremlin Leader","floor":23,"turns":6},{"damage":41,"enemies":"Book of Stabbing","floor":27,"turns":6},{"damage":1,"enemies":"Snake Plant","floor":28,"turns":1},{"damage":66,"enemies":"Gremlin Leader","floor":29,"turns":5}],"seed_played":"3433367199730979845","potions_obtained":[{"floor":6.0,"key":"BloodPotion"},{"floor":7.0,"key":"SpeedPotion"},{"floor":13.0,"key":"Energy Potion"},{"floor":14.0,"key":"FairyPotion"},{"floor":28,"key":"Block Potion"}],"is_trial":false,"path_per_floor":["M","?","M","M","T","M","E","R","T","M","$","R","E","M","R","B",null,"M","M","$","?","$","E","$","R","T","E","M"],"character_chosen":"IRONCLAD","items_purchased":["Forethought+1","Secret Weapon+1"],"campfire_rested":1,"item_purchase_floors":[11,20],"current_hp_per_floor":[71,53,60,59,59,57,55,55,55,52,52,52,54,55,55,62,76,78,80,80,80,80,38,38,62,62,41,48,0],"gold":79,"neow_bonus":"ONE_RARE_RELIC","is_prod":false,"is_daily":false,"chose_seed":false,"campfire_upgraded":3,"win_rate":0,"timestamp":1541093637,"path_taken":["M","?","?","M","?","M","E","R","T","M","$","R","E","M","R","BOSS","M","M","$","?","$","E","?","R","T","E","M","E"],"build_version":"2018-10-25v2","purchased_purges":1,"victory":false,"max_hp_per_floor":[80,80,80,80,80,80,80,80,80,80,80,80,80,80,80,80,80,80,80,80,80,80,80,80,80,80,80,80,80],"card_choices":[{"not_picked":["Heavy Blade","Warcry"],"picked":"Shrug It Off","floor":1.0},{"not_picked":["Twin Strike","Perfected Strike"],"picked":"Shrug It Off","floor":3.0},{"not_picked":["Cleave","Blood for Blood"],"picked":"Bludgeon","floor":4.0},{"not_picked":["Evolve","Twin Strike"],"picked":"Armaments+1","floor":6.0},{"not_picked":["Armaments+1","Clash"],"picked":"Metallicize","floor":7.0},{"not_picked":["Twin Strike","Pommel Strike"],"picked":"Ghostly Armor+1","floor":10.0},{"not_picked":["Wild Strike","Sword Boomerang"],"picked":"Seeing Red+1","floor":13.0},{"not_picked":["Clothesline","Twin Strike"],"picked":"True Grit+1","floor":14.0},{"not_picked":["Double Tap+1","Feed"],"picked":"Barricade","floor":16},{"not_picked":["Clash","Heavy Blade"],"picked":"Iron Wave+1","floor":18},{"not_picked":["Sever Soul","Clash"],"picked":"Uppercut","floor":19},{"not_picked":["Flex+1","Berserk"],"picked":"Infernal Blade+1","floor":23},{"not_picked":["Fire Breathing+1","Sword Boomerang"],"picked":"Metallicize+1","floor":25},{"not_picked":["Havoc+1","Seeing Red+1"],"picked":"Heavy Blade","floor":27},{"not_picked":["Whirlwind","Heavy Blade"],"picked":"Burning Pact+1","floor":28}],"player_experience":674885,"relics_obtained":[{"floor":5.0,"key":"Toxic Egg 2"},{"floor":7.0,"key":"Red Skull"},{"floor":9.0,"key":"Bottled Flame"},{"floor":13.0,"key":"Torii"},{"floor":23,"key":"Bronze Scales"},{"floor":26,"key":"Meat on the Bone"},{"floor":27,"key":"Calipers"}],"event_choices":[{"damage_healed":0.0,"max_hp_gain":0.0,"max_hp_loss":0.0,"gold_gain":0.0,"event_name":"Scrap Ooze","player_choice":"Success","floor":2.0,"gold_loss":0.0,"damage_taken":18.0,"relics_obtained":["Blood Vial"]},{"damage_healed":0,"gold_gain":0,"player_choice":"Stole Relic","damage_taken":0,"relics_obtained":["Dream Catcher"],"max_hp_gain":0,"max_hp_loss":0,"event_name":"Addict","floor":21,"gold_loss":0,"cards_obtained":["Shame"]}],"is_beta":false,"boss_relics":[{"not_picked":["Runic Dome","Lizard Tail"],"picked":"Snecko Eye"}],"items_purged_floors":[11],"is_endless":false,"potions_floor_spawned":[6,7,13,14,16,18,28],"killed_by":"Gremlin Leader","ascension_level":11}