{"gold_per_floor":[115,115,135,135,60,60,80,80,80,80,80,80,80,96,96,199,199,216,227,127,142,17,17,17,52,52,72,92,92,127,127,127,229,229,247,267,267,282,301,301,301,312,312,323,173,192,209,223,223,223],"floor_reached":51,"playtime":7362,"items_purged":["Strike_G","Strike_G","Strike_G","Defend_G"],"score":715,"play_id":"d473a304-0f58-4688-b0ba-c928e413513c","local_time":"20180930004533","is_ascension_mode":true,"campfire_choices":[{"data":"Neutralize","floor":6.0,"key":"SMITH"},{"data":"Bouncing Flask","floor":8.0,"key":"SMITH"},{"data":"Deadly Poison","floor":12.0,"key":"SMITH"},{"data":"Leg Sweep","floor":15.0,"key":"SMITH"},{"data":"Survivor","floor":23.0,"key":"SMITH"},{"floor":32.0,"key":"REST"},{"data":"Defend_G","floor":40.0,"key":"PURGE"},{"data":"Defend_G","floor":49,"key":"SMITH"}],"neow_cost":"NONE","seed_source_timestamp":0,"circlet_count":0,"master_deck":["Defend_G+1","Defend_G+1","Defend_G+1","Survivor+1","Neutralize+1","Blade Dance","Deadly Poison+1","Bouncing Flask+1","Leg Sweep+1","Die Die Die","Prepared+1","Deflect+1","Madness","Madness"],"special_seed":0,"relics":["Ring of the Snake","Unceasing Top","Busted Crown","Pocketwatch","Tough Bandages","Thread and Needle","Philosopher\u0027s Stone","Peace Pipe","Mummified Hand"],"potions_floor_usage":[50,50],"damage_taken":[{"damage":2.0,"enemies":"2 Louse","floor":1.0,"turns":3.0},{"damage":0.0,"enemies":"Jaw Worm","floor":3.0,"turns":4.0},{"damage":0.0,"enemies":"Cultist","floor":7.0,"turns":4.0},{"damage":0.0,"enemies":"Looter","floor":14.0,"turns":3.0},{"damage":12.0,"enemies":"The Guardian","floor":16.0,"turns":8.0},{"damage":0.0,"enemies":"Spheric Guardian","floor":18.0,"turns":4.0},{"damage":10.0,"enemies":"3 Byrds","floor":19.0,"turns":4.0},{"damage":8.0,"enemies":"Sentry and Sphere","floor":21.0,"turns":5.0},{"damage":3.0,"enemies":"Book of Stabbing","floor":25.0,"turns":6.0},{"damage":0.0,"enemies":"Centurion and Healer","floor":27.0,"turns":9.0},{"damage":0.0,"enemies":"3 Cultists","floor":28.0,"turns":6.0},{"damage":13.0,"enemies":"Slavers","floor":30.0,"turns":7.0},{"damage":9.0,"enemies":"Champ","floor":33.0,"turns":13.0},{"damage":4.0,"enemies":"3 Shapes","floor":35.0,"turns":4.0},{"damage":4.0,"enemies":"Orb Walker","floor":36.0,"turns":4.0},{"damage":0.0,"enemies":"Mind Bloom Boss Battle","floor":37.0,"turns":7.0},{"damage":1.0,"enemies":"Spire Growth","floor":38.0,"turns":5.0},{"damage":0.0,"enemies":"3 Darklings","floor":39.0,"turns":9.0},{"damage":0.0,"enemies":"Reptomancer","floor":42.0,"turns":6.0},{"damage":0,"enemies":"Transient","floor":44,"turns":5},{"damage":1,"enemies":"Sphere and 2 Shapes","floor":46,"turns":6},{"damage":0,"enemies":"Maw","floor":47,"turns":5},{"damage":0,"enemies":"3 Darklings","floor":48,"turns":4},{"damage":0,"enemies":"Awakened One","floor":50,"turns":14}],"seed_played":"-2284324880871268014","potions_obtained":[{"floor":3.0,"key":"SteroidPotion"},{"floor":7.0,"key":"AttackPotion"},{"floor":21.0,"key":"Poison Potion"},{"floor":27.0,"key":"EssenceOfSteel"},{"floor":33.0,"key":"FairyPotion"},{"floor":38.0,"key":"Energy Potion"},{"floor":39.0,"key":"PowerPotion"}],"is_trial":false,"path_per_floor":["M","?","M","?","$","R","M","R","T","?","$","R","$","M","R","B",null,"M","M","$","M","$","R","?","E","T","M","M","$","E","?","R","B",null,"M","M","?","M","M","R","?","M","T","M","$","M","M","M","R","B"],"character_chosen":"THE_SILENT","items_purchased":[],"campfire_rested":1,"item_purchase_floors":[],"current_hp_per_floor":[68,68,68,61,61,61,61,61,61,47,47,47,47,47,47,35,70,70,60,60,52,52,52,52,49,49,49,49,49,36,23,45,36,75,71,67,67,66,66,66,57,57,57,57,57,56,56,56,56,56],"gold":223,"neow_bonus":"TRANSFORM_CARD","is_prod":false,"is_daily":false,"chose_seed":false,"campfire_upgraded":6,"win_rate":0,"timestamp":1538261133,"path_taken":["M","?","M","?","$","R","M","R","T","?","$","R","$","?","R","BOSS","M","M","$","M","?","R","?","E","T","M","M","$","E","?","R","BOSS","M","M","?","M","?","R","?","M","T","M","$","M","M","M","R","BOSS"],"build_version":"2018-09-27","purchased_purges":4,"victory":true,"max_hp_per_floor":[70,70,70,70,70,70,70,70,70,70,70,70,70,70,70,70,70,70,70,70,70,70,70,70,70,70,70,70,70,70,75,75,75,75,75,75,75,75,75,75,75,75,75,75,75,75,75,75,75,75],"card_choices":[{"not_picked":["Calculated Gamble","Dodge and Roll"],"picked":"Deadly Poison","floor":1.0},{"not_picked":["Terror","Deadly Poison","Blade Dance"],"picked":"SKIP","floor":3.0},{"not_picked":["Dash","Acrobatics"],"picked":"Bouncing Flask","floor":7.0},{"not_picked":["Choke","Deflect"],"picked":"Leg Sweep","floor":14.0},{"not_picked":["Grand Finale","A Thousand Cuts"],"picked":"Die Die Die","floor":16.0},{"not_picked":["Blade Dance+1"],"picked":"SKIP","floor":18.0},{"not_picked":[],"picked":"Prepared+1","floor":19.0},{"not_picked":["Sucker Punch"],"picked":"SKIP","floor":21.0},{"not_picked":["Prepared"],"picked":"SKIP","floor":25.0},{"not_picked":[],"picked":"Deflect+1","floor":27.0},{"not_picked":["PiercingWail+1"],"picked":"SKIP","floor":28.0},{"not_picked":["Concentrate"],"picked":"SKIP","floor":30.0},{"not_picked":["Concentrate+1"],"picked":"SKIP","floor":35.0},{"not_picked":["Caltrops"],"picked":"SKIP","floor":36.0},{"not_picked":["Prepared"],"picked":"SKIP","floor":38.0},{"not_picked":["Setup+1"],"picked":"SKIP","floor":39.0},{"not_picked":["Quick Slash"],"picked":"SKIP","floor":42.0},{"not_picked":["Quick Slash+1"],"picked":"SKIP","floor":44},{"not_picked":["Slice"],"picked":"SKIP","floor":46},{"not_picked":["Cloak And Dagger"],"picked":"SKIP","floor":47},{"not_picked":["Phantasmal Killer"],"picked":"SKIP","floor":48}],"player_experience":123565,"relics_obtained":[{"floor":9.0,"key":"Unceasing Top"},{"floor":25.0,"key":"Pocketwatch"},{"floor":26.0,"key":"Tough Bandages"},{"floor":30.0,"key":"Thread and Needle"},{"floor":37.0,"key":"Peace Pipe"},{"floor":43.0,"key":"Mummified Hand"}],"event_choices":[{"event_name":"Liars Game","player_choice":"disagreed","floor":2.0,"damage_taken":0.0},{"event_name":"Golden Wing","player_choice":"Card Removal","floor":4.0,"damage_taken":0.0},{"event_name":"Shining Light","player_choice":"Entered Light","floor":10.0,"damage_taken":0.0},{"event_name":"Ghosts","player_choice":"Ignored","floor":24.0,"damage_taken":0.0},{"event_name":"Forgotten Altar","player_choice":"Shed Blood","floor":31.0,"damage_taken":0.0},{"event_name":"MindBloom","player_choice":"Fight","floor":37.0,"damage_taken":0.0},{"event_name":"Winding Halls","player_choice":"Embrace Madness","floor":41.0,"damage_taken":0.0}],"is_beta":false,"boss_relics":[{"not_picked":["Cursed Key","Lizard Tail"],"picked":"Busted Crown"},{"not_picked":["Snecko Eye","Velvet Choker"],"picked":"Philosopher\u0027s Stone"}],"items_purged_floors":[5,20,22,45],"is_endless":false,"potions_floor_spawned":[3,7,21,27,28,33,38,39,44],"ascension_level":1}