{"gold_per_floor":[109,119,38,55,17,17,50,50,75,75,105,136,136,159,159,260,260,275,275,275,292,52,85,85,113,139,139,139,151,195,207,219,335,347,370,9,9,23,41,41,53,0,0,30,46,46,46,46],"floor_reached":48,"playtime":4717,"items_purged":["Strike_B"],"score":851,"play_id":"f6ebb8fc-4d7d-4b70-bc54-65efbb719d07","local_time":"20181001135113","is_ascension_mode":true,"campfire_choices":[{"floor":6.0,"key":"REST"},{"floor":8.0,"key":"REST"},{"floor":10.0,"key":"DIG"},{"floor":13.0,"key":"REST"},{"floor":15.0,"key":"DIG"},{"floor":24.0,"key":"REST"},{"floor":27.0,"key":"DIG"},{"floor":28.0,"key":"DIG"},{"data":"Buffer","floor":29,"key":"SMITH"},{"data":"Consume","floor":32,"key":"SMITH"},{"floor":40,"key":"REST"}],"neow_cost":"PERCENT_DAMAGE","seed_source_timestamp":0,"circlet_count":0,"master_deck":["Strike_B+1","Strike_B","Defend_B","Defend_B","Zap","Dualcast","Genetic Algorithm","Ball Lightning","Defragment","Reinforced Body","Capacitor","Force Field","Glacier","Buffer+1","Lockon","Fusion","Steam","Darkness","Meteor Strike","Consume+1","Self Repair","Defragment","Heatsinks","Amplify","Heatsinks","Madness","Madness","Steam Power+1","Rip and Tear+1","Defragment","Conserve Battery","Dark Shackles","Dark Shackles","Mind Blast"],"special_seed":0,"relics":["Cracked Core","Shovel","Regal Pillow","Bag of Marbles","Bronze Scales","WingedGreaves","Kunai","Whetstone","Happy Flower","Snecko Eye","Strange Spoon","Omamori","Bag of Preparation","PreservedInsect","Turnip","MawBank","Du-Vu Doll","Inserter","Strawberry","Red Mask","Orichalcum","Bottled Lightning"],"potions_floor_usage":[33,39,48],"damage_taken":[{"damage":1.0,"enemies":"Cultist","floor":1.0,"turns":3.0},{"damage":12.0,"enemies":"Jaw Worm","floor":2.0,"turns":4.0},{"damage":0.0,"enemies":"2 Louse","floor":4.0,"turns":3.0},{"damage":43.0,"enemies":"3 Sentries","floor":7.0,"turns":8.0},{"damage":7.0,"enemies":"Lagavulin","floor":11.0,"turns":8.0},{"damage":33.0,"enemies":"3 Sentries","floor":12.0,"turns":8.0},{"damage":10.0,"enemies":"Slime Boss","floor":16.0,"turns":10.0},{"damage":11.0,"enemies":"3 Byrds","floor":18.0,"turns":3.0},{"damage":0.0,"enemies":"Chosen","floor":21.0,"turns":4.0},{"damage":27.0,"enemies":"Slavers","floor":23.0,"turns":6.0},{"damage":15.0,"enemies":"Book of Stabbing","floor":25.0,"turns":5.0},{"damage":0,"enemies":"Slavers","floor":30,"turns":4},{"damage":0,"enemies":"Champ","floor":33,"turns":11},{"damage":50,"enemies":"3 Darklings","floor":35,"turns":8},{"damage":0,"enemies":"3 Shapes","floor":38,"turns":5},{"damage":42,"enemies":"Transient","floor":39,"turns":5},{"damage":0,"enemies":"4 Shapes","floor":41,"turns":6},{"damage":0,"enemies":"Nemesis","floor":44,"turns":7},{"damage":22,"enemies":"Reptomancer","floor":45,"turns":7},{"damage":53,"enemies":"Spire Growth","floor":48,"turns":6}],"seed_played":"-5700850305398878946","potions_obtained":[{"floor":7.0,"key":"PowerPotion"},{"floor":11.0,"key":"Weak Potion"},{"floor":16.0,"key":"AttackPotion"},{"floor":21.0,"key":"Fire Potion"},{"floor":30,"key":"Weak Potion"},{"floor":35,"key":"AttackPotion"},{"floor":39,"key":"FearPotion"}],"is_trial":false,"path_per_floor":["M","M","$","M","$","R","E","R","T","R","E","E","R","T","R","B",null,"M","?","?","M","$","E","R","E","T","R","R","R","E","?","R","B",null,"M","$","?","M","M","R","M","?","T","E","M","?","?"],"character_chosen":"DEFECT","items_purchased":["Defragment","Capacitor","Strange Spoon","Consume","Strawberry","FairyPotion","Heatsinks"],"campfire_rested":5,"item_purchase_floors":[3,5,22,22,36,36,36],"current_hp_per_floor":[49,37,37,37,37,59,16,53,53,53,46,13,50,50,50,40,66,55,55,55,55,55,28,65,57,57,57,57,57,64,64,64,71,74,31,38,28,35,8,47,54,54,54,61,46,46,36,0],"gold":46,"neow_bonus":"ONE_RARE_RELIC","is_prod":false,"is_daily":false,"chose_seed":false,"campfire_upgraded":2,"win_rate":0,"timestamp":1538416273,"path_taken":["M","M","?","M","$","R","E","R","T","R","E","E","R","?","R","BOSS","M","?","?","M","$","E","R","E","T","R","R","R","E","?","R","BOSS","M","$","?","?","M","R","M","?","T","E","M","?","?","M"],"build_version":"2018-09-27","purchased_purges":1,"victory":false,"max_hp_per_floor":[75,75,75,75,75,75,75,75,75,75,75,75,75,75,75,75,75,75,75,75,75,75,75,75,75,75,75,75,75,75,75,75,75,75,75,82,82,82,82,82,82,82,82,82,82,82,82,82],"card_choices":[{"not_picked":["Compile Driver","Barrage"],"picked":"Genetic Algorithm","floor":1.0},{"not_picked":["Darkness","Loop"],"picked":"Ball Lightning","floor":2.0},{"not_picked":["Go for the Eyes","Hologram"],"picked":"Reinforced Body","floor":4.0},{"not_picked":["Barrage","Hologram"],"picked":"Go for the Eyes","floor":7.0},{"not_picked":["Stack","Reprogram"],"picked":"Force Field","floor":11.0},{"not_picked":["Force Field","Turbo"],"picked":"Glacier","floor":12.0},{"not_picked":["Multi-Cast","Amplify"],"picked":"Buffer","floor":16.0},{"not_picked":["Turbo","Redo"],"picked":"Lockon","floor":18.0},{"not_picked":["Redo","Coolheaded","Beam Cell"],"picked":"SKIP","floor":21.0},{"not_picked":["Ball Lightning+1","Reboot"],"picked":"Self Repair","floor":23.0},{"not_picked":["Force Field","Heatsinks+1"],"picked":"Defragment","floor":25.0},{"not_picked":["Reinforced Body","Redo"],"picked":"Heatsinks","floor":30},{"not_picked":["Meteor Strike","Hyperbeam"],"picked":"Amplify","floor":33},{"not_picked":["Gash","Genetic Algorithm","Sweeping Beam+1"],"picked":"SKIP","floor":35},{"not_picked":["Rip and Tear","Compile Driver"],"picked":"Steam Power+1","floor":38},{"not_picked":["Gash+1","Streamline"],"picked":"Rip and Tear+1","floor":39},{"not_picked":["Rebound+1","Steam"],"picked":"Defragment","floor":41},{"not_picked":["Rebound","Conserve Battery","Lockon"],"picked":"SKIP","floor":44},{"not_picked":["Rebound","Lockon"],"picked":"Conserve Battery","floor":44},{"not_picked":["Sweeping Beam","Rebound","Skim"],"picked":"SKIP","floor":45},{"not_picked":["Dramatic Entrance","Jack Of All Trades"],"picked":"Dark Shackles","floor":47},{"not_picked":["Blind","Dramatic Entrance"],"picked":"Dark Shackles","floor":47},{"not_picked":["Dramatic Entrance","PanicButton"],"picked":"Mind Blast","floor":47}],"player_experience":520799,"relics_obtained":[{"floor":7.0,"key":"Regal Pillow"},{"floor":9.0,"key":"Bag of Marbles"},{"floor":10.0,"key":"Bronze Scales"},{"floor":11.0,"key":"WingedGreaves"},{"floor":12.0,"key":"Kunai"},{"floor":14.0,"key":"Whetstone"},{"floor":15.0,"key":"Happy Flower"},{"floor":23.0,"key":"Omamori"},{"floor":25.0,"key":"Bag of Preparation"},{"floor":26.0,"key":"PreservedInsect"},{"floor":27.0,"key":"Turnip"},{"floor":28.0,"key":"MawBank"},{"floor":30,"key":"Du-Vu Doll"},{"floor":43,"key":"Orichalcum"},{"floor":44,"key":"Bottled Lightning"}],"event_choices":[{"event_name":"The Library","player_choice":"Read","floor":19.0,"damage_taken":0.0},{"event_name":"Drug Dealer","player_choice":"Became Test Subject","floor":20.0,"damage_taken":0.0},{"event_name":"N\u0027loth","player_choice":"Ignored","floor":31,"damage_taken":0},{"event_name":"Winding Halls","player_choice":"Embrace Madness","floor":37,"damage_taken":0},{"event_name":"Tomb of Lord Red Mask","player_choice":"Paid","floor":42,"damage_taken":0},{"event_name":"Falling","player_choice":"Removed Skill","floor":46,"damage_taken":0},{"event_name":"SensoryStone","player_choice":"Memory 3","floor":47,"damage_taken":0}],"is_beta":false,"boss_relics":[{"not_picked":["Runic Pyramid","FrozenCore"],"picked":"Snecko Eye"},{"not_picked":["Runic Dome","Busted Crown"],"picked":"Inserter"}],"items_purged_floors":[36],"is_endless":false,"potions_floor_spawned":[7,11,16,21,30,35,39],"killed_by":"Spire Growth","ascension_level":7}