{"gold_per_floor":[113,113,123,141,100,100,80,80,80,100,100,120,136,166,166,166],"floor_reached":16,"playtime":421,"items_purged":[],"score":143,"play_id":"a3762583-04c5-4725-9a73-d112ed08f731","local_time":"20181231140628","is_ascension_mode":true,"campfire_choices":[{"data":"Cold Snap","floor":6,"key":"SMITH"},{"data":"Zap","floor":8,"key":"SMITH"},{"data":"Reinforced Body","floor":11,"key":"SMITH"},{"data":"Redo","floor":15,"key":"SMITH"}],"neow_cost":"NONE","seed_source_timestamp":4862747923335,"circlet_count":0,"master_deck":["AscendersBane","Strike_B","Strike_B","Strike_B","Defend_B","Defend_B","Defend_B","Defend_B","Zap+1","Dualcast","Cold Snap+1","Turbo","Redo+1","Reinforced Body+1","Beam Cell","Storm","Coolheaded","Regret"],"relics":["Cracked Core","NeowsBlessing","Kunai","Tiny Chest"],"potions_floor_usage":[],"damage_taken":[{"damage":0,"enemies":"2 Louse","floor":1,"turns":1},{"damage":0,"enemies":"Cultist","floor":3,"turns":1},{"damage":0,"enemies":"Small Slimes","floor":4,"turns":1},{"damage":4,"enemies":"Looter","floor":10,"turns":4},{"damage":14,"enemies":"Gremlin Gang","floor":12,"turns":5},{"damage":7,"enemies":"Blue Slaver","floor":13,"turns":4},{"damage":44,"enemies":"Hexaghost","floor":16,"turns":11}],"seed_played":"49865497693095539","potions_obtained":[{"floor":1,"key":"GamblersBrew"},{"floor":4,"key":"GamblersBrew"},{"floor":7,"key":"Poison Potion"},{"floor":10,"key":"Ancient Potion"}],"is_trial":false,"path_per_floor":["M","?","M","M","?","R","?","R","T","M","R","M","M","?","R","B"],"character_chosen":"DEFECT","items_purchased":[],"campfire_rested":0,"item_purchase_floors":[],"current_hp_per_floor":[68,68,68,68,68,68,68,68,68,64,64,50,43,43,43,0],"gold":166,"neow_bonus":"THREE_ENEMY_KILL","is_prod":false,"is_daily":false,"chose_seed":false,"campfire_upgraded":4,"win_rate":0,"timestamp":1546283188,"path_taken":["M","?","?","M","?","R","?","R","T","M","R","M","?","?","R","BOSS"],"build_version":"2018-12-25","purchased_purges":0,"victory":false,"max_hp_per_floor":[75,75,75,75,75,75,75,75,75,75,75,75,75,75,75,75],"card_choices":[{"not_picked":["Scrape","Go for the Eyes"],"picked":"Cold Snap","floor":1},{"not_picked":["Hologram","Stack"],"picked":"Redo","floor":3},{"not_picked":["Ball Lightning","Heatsinks"],"picked":"Reinforced Body","floor":4},{"not_picked":["Hologram","Doom and Gloom"],"picked":"Beam Cell","floor":10},{"not_picked":["Rebound","Go for the Eyes"],"picked":"Storm","floor":12},{"not_picked":["Rebound","Turbo"],"picked":"Coolheaded","floor":13}],"player_experience":501638,"relics_obtained":[{"floor":9,"key":"Kunai"}],"event_choices":[{"damage_healed":0,"gold_gain":0,"cards_transformed":["Strike_B"],"player_choice":"Transformed","damage_taken":0,"max_hp_gain":0,"max_hp_loss":0,"event_name":"Transmorgrifier","floor":2,"gold_loss":0,"cards_obtained":["Turbo"]},{"damage_healed":0,"gold_gain":0,"player_choice":"Left Gold","damage_taken":0,"max_hp_gain":0,"max_hp_loss":0,"event_name":"World of Goop","floor":5,"gold_loss":41},{"damage_healed":0,"gold_gain":0,"player_choice":"Bought 1 Potion","damage_taken":0,"max_hp_gain":0,"max_hp_loss":0,"event_name":"The Woman in Blue","floor":7,"gold_loss":0},{"damage_healed":0,"gold_gain":0,"player_choice":"Box","damage_taken":0,"relics_obtained":["Tiny Chest"],"max_hp_gain":0,"max_hp_loss":0,"event_name":"Big Fish","floor":14,"gold_loss":0,"cards_obtained":["Regret"]}],"is_beta":true,"boss_relics":[],"items_purged_floors":[],"is_endless":false,"potions_floor_spawned":[1,4,10,13],"killed_by":"Hexaghost","ascension_level":11}