{"gold_per_floor":[216,227,244,258,208,222,222,66,66,82,114,126,138],"floor_reached":13,"playtime":1813,"items_purged":["Strike_B"],"score":87,"play_id":"3d406246-ca8f-4605-b1e2-ab79967c4aa6","local_time":"20190105150042","is_ascension_mode":false,"campfire_choices":[{"data":"Genetic Algorithm","floor":7,"key":"SMITH"},{"data":"Glacier","floor":12,"key":"SMITH"}],"neow_cost":"NONE","seed_source_timestamp":392906685958711,"circlet_count":0,"master_deck":["Strike_B","Strike_B","Defend_B","Defend_B","Defend_B","Defend_B","Zap","Dualcast","Cold Snap","Conserve Battery","Genetic Algorithm+1","Fusion","Gash","Capacitor","Glacier+1","Consume"],"relics":["Cracked Core","Kunai","MawBank"],"potions_floor_usage":[],"damage_taken":[{"damage":2,"enemies":"Small Slimes","floor":1,"turns":4},{"damage":7,"enemies":"2 Louse","floor":2,"turns":3},{"damage":0,"enemies":"Jaw Worm","floor":3,"turns":3},{"damage":9,"enemies":"2 Fungi Beasts","floor":4,"turns":3},{"damage":11,"enemies":"Exordium Wildlife","floor":6,"turns":6},{"damage":16,"enemies":"Large Slime","floor":10,"turns":6},{"damage":19,"enemies":"3 Sentries","floor":11,"turns":15},{"damage":27,"enemies":"Gremlin Gang","floor":13,"turns":3}],"seed_played":"-6036864360417438892","potions_obtained":[{"floor":2,"key":"Weak Potion"},{"floor":3,"key":"Weak Potion"},{"floor":10,"key":"Swift Potion"}],"is_trial":false,"path_per_floor":["M","M","M","M","?","M","R","$","T","M","E","R","M"],"character_chosen":"DEFECT","items_purchased":["Capacitor"],"campfire_rested":0,"item_purchase_floors":[8],"current_hp_per_floor":[73,66,66,57,57,46,46,46,46,30,11,11,0],"gold":138,"neow_bonus":"HUNDRED_GOLD","is_prod":false,"is_daily":false,"chose_seed":false,"campfire_upgraded":2,"win_rate":0.0,"timestamp":1546696842,"path_taken":["M","M","M","M","?","M","R","$","T","M","E","R","M"],"build_version":"2019-01-03v4","purchased_purges":1,"victory":false,"max_hp_per_floor":[75,75,75,75,75,75,75,75,75,75,75,75,75],"card_choices":[{"not_picked":["Stack","Fusion"],"picked":"Cold Snap","floor":1},{"not_picked":["Rebound","Steam Power"],"picked":"Conserve Battery","floor":2},{"not_picked":["Doom and Gloom","Beam Cell"],"picked":"Genetic Algorithm","floor":3},{"not_picked":["Reinforced Body","Compile Driver"],"picked":"Fusion","floor":4},{"not_picked":["Barrage","Redo"],"picked":"Gash","floor":6},{"not_picked":["Tempest","Compile Driver"],"picked":"Glacier","floor":10},{"not_picked":["Cold Snap","Reinforced Body"],"picked":"Consume","floor":11}],"player_experience":165138,"relics_obtained":[{"floor":9,"key":"Kunai"},{"floor":11,"key":"MawBank"}],"event_choices":[{"cards_removed":["Strike_B"],"damage_healed":0,"gold_gain":0,"player_choice":"Card Removal","damage_taken":0,"max_hp_gain":0,"max_hp_loss":0,"event_name":"The Cleric","floor":5,"gold_loss":50}],"is_beta":false,"boss_relics":[],"items_purged_floors":[8],"is_endless":false,"potions_floor_spawned":[2,3,10,11],"killed_by":"Gremlin Gang","ascension_level":0}