{"gold_per_floor":[117,192,192,26,26,26,45,45,68,68,88,88,116,133,133,207,207,222,240,260,260],"floor_reached":21,"playtime":1102,"items_purged":[],"score":389,"play_id":"fe4f20e9-acb0-4bde-9611-d959d552fcaa","local_time":"20190212214620","is_ascension_mode":true,"campfire_choices":[{"data":"Chrysalis","floor":6,"key":"SMITH"},{"data":"White Noise","floor":8,"key":"SMITH"},{"data":"Zap","floor":10,"key":"SMITH"},{"data":"Consume","floor":12,"key":"SMITH"},{"floor":15,"key":"REST"}],"neow_cost":"NONE","seed_source_timestamp":1305210638117503,"circlet_count":0,"master_deck":["AscendersBane","Strike_B","Strike_B","Strike_B","Defend_B","Defend_B","Defend_B+1","Defend_B","Zap+1","Dualcast+1","BootSequence","Reboot","Chrysalis+1","White Noise+1","Consume+1","Electrodynamics","Steam","Core Surge","Writhe","Scrape+1","Defragment","Glacier"],"relics":["Cracked Core","Happy Flower","Omamori","War Paint","Calling Bell","DataDisk","Molten Egg 2","Pocketwatch"],"potions_floor_usage":[13,14,21],"damage_taken":[{"damage":9,"enemies":"2 Louse","floor":1,"turns":2},{"damage":2,"enemies":"Jaw Worm","floor":7,"turns":3},{"damage":0,"enemies":"Cultist","floor":11,"turns":4},{"damage":40,"enemies":"Gremlin Nob","floor":13,"turns":4},{"damage":0,"enemies":"Gremlin Gang","floor":14,"turns":3},{"damage":0,"enemies":"The Guardian","floor":16,"turns":9},{"damage":19,"enemies":"Shell Parasite","floor":18,"turns":7},{"damage":7,"enemies":"Chosen","floor":19,"turns":4},{"damage":20,"enemies":"Centurion and Healer","floor":20,"turns":3},{"damage":14,"enemies":"Shelled Parasite and Fungi","floor":21,"turns":7}],"seed_played":"-9220387559677992112","potions_obtained":[{"floor":7,"key":"Explosive Potion"},{"floor":11,"key":"Strength Potion"},{"floor":16,"key":"SteroidPotion"},{"floor":20,"key":"Swift Potion"}],"is_trial":false,"path_per_floor":["M","?","?","$","?","R","M","R","T","R","M","R","E","M","R","B",null,"M","M","M","M"],"character_chosen":"DEFECT","items_purchased":["Chrysalis"],"campfire_rested":1,"item_purchase_floors":[4],"current_hp_per_floor":[55,44,44,44,44,44,42,42,42,42,42,42,2,2,23,23,59,40,33,13,0],"gold":260,"neow_bonus":"RANDOM_COLORLESS","is_prod":false,"is_daily":false,"chose_seed":false,"campfire_upgraded":4,"win_rate":0,"timestamp":1550029580,"path_taken":["M","?","?","$","?","R","M","R","T","R","?","R","E","M","R","BOSS","M","?","M","?"],"build_version":"2019-01-23","purchased_purges":0,"victory":false,"max_hp_per_floor":[71,71,71,71,71,71,71,71,71,71,71,71,71,71,71,71,71,71,71,71,71],"card_choices":[{"not_picked":["Rip and Tear","Hello World"],"picked":"BootSequence","floor":1},{"not_picked":["Sweeping Beam","Streamline"],"picked":"White Noise","floor":7},{"not_picked":["Aggregate","Go for the Eyes"],"picked":"Consume","floor":11},{"not_picked":["Skim","Cold Snap"],"picked":"Electrodynamics","floor":13},{"not_picked":["Undo","Aggregate"],"picked":"Steam","floor":14},{"not_picked":["Reboot","Seek"],"picked":"Core Surge","floor":16},{"not_picked":["Turbo","Leap"],"picked":"Scrape+1","floor":18},{"not_picked":["Leap","Gash+1"],"picked":"Defragment","floor":19},{"not_picked":["Blizzard+1","Stack"],"picked":"Glacier","floor":20}],"player_experience":560578,"relics_obtained":[{"floor":9,"key":"Omamori"},{"floor":13,"key":"War Paint"},{"floor":17,"key":"DataDisk"},{"floor":17,"key":"Molten Egg 2"},{"floor":17,"key":"Pocketwatch"}],"event_choices":[{"damage_healed":0,"gold_gain":75,"player_choice":"Gather Gold","damage_taken":11,"max_hp_gain":0,"max_hp_loss":0,"event_name":"World of Goop","floor":2,"gold_loss":0},{"damage_healed":0,"gold_gain":0,"cards_transformed":["Strike_B"],"player_choice":"Change","damage_taken":0,"max_hp_gain":0,"max_hp_loss":0,"event_name":"Living Wall","floor":3,"gold_loss":0,"cards_obtained":["Reboot"]},{"cards_removed":["Madness"],"damage_healed":0,"gold_gain":0,"player_choice":"Gave Card","damage_taken":0,"relics_obtained":["Happy Flower"],"max_hp_gain":0,"max_hp_loss":0,"event_name":"WeMeetAgain","floor":5,"gold_loss":0}],"is_beta":false,"boss_relics":[{"not_picked":["White Beast Statue","Philosopher\u0027s Stone"],"picked":"Calling Bell"}],"items_purged_floors":[],"is_endless":false,"potions_floor_spawned":[7,11,16,20],"killed_by":"Shelled Parasite and Fungi","ascension_level":14}