{"gold_per_floor":[116,76,76,95,111,142,142,183,195,207,243,205,250,262,274,414,426,451,499,529,55,5,5,41,55,55,70,70,32,32,32,32,157,157,177,177,177,196,212,212,252,31,57,76,112,112,12,12],"floor_reached":48,"playtime":2747,"items_purged":[],"score":759,"play_id":"3d8309f7-b9c0-474c-a485-44c6ea132839","local_time":"20190210170540","is_ascension_mode":true,"campfire_choices":[{"data":"Sunder","floor":7,"key":"SMITH"},{"floor":10,"key":"REST"},{"data":"Conserve Battery","floor":15,"key":"SMITH"},{"floor":23,"key":"REST"},{"floor":32,"key":"REST"},{"data":"Go for the Eyes","floor":40,"key":"SMITH"},{"floor":46,"key":"REST"}],"neow_cost":"NONE","seed_source_timestamp":76079534065900,"circlet_count":0,"master_deck":["Strike_B","Defend_B","Defend_B","Defend_B","Defend_B","Zap+1","Dualcast","Compile Driver+1","Sunder+1","Conserve Battery+1","Ball Lightning+1","Doom and Gloom","Multi-Cast","Hologram+1","Leap","Go for the Eyes+1","Chill+1","Leap+1","White Noise+1","Defragment","Static Discharge","Gash","Seek+1","Cold Snap+1","Panacea+1","Defragment","Coolheaded+1","Master of Strategy+1","Leap+1","Static Discharge+1","Leap+1","Redo+1"],"relics":["Cracked Core","Golden Idol","Dodecahedron","MawBank","Gremlin Horn","Singing Bowl","Inserter","Red Mask","Meat on the Bone","Orichalcum","Toxic Egg 2","Bag of Preparation","Mummified Hand","Black Star","Happy Flower","Whetstone","Dream Catcher","Blue Candle","Potion Belt"],"potions_floor_usage":[6,8,11,13,16,19,19,33,38,41,45],"damage_taken":[{"damage":0,"enemies":"Small Slimes","floor":1,"turns":3},{"damage":1,"enemies":"2 Louse","floor":4,"turns":2},{"damage":0,"enemies":"Cultist","floor":5,"turns":3},{"damage":20,"enemies":"Lagavulin","floor":6,"turns":5},{"damage":6,"enemies":"Gremlin Nob","floor":8,"turns":3},{"damage":0,"enemies":"Blue Slaver","floor":11,"turns":1},{"damage":25,"enemies":"Lagavulin","floor":13,"turns":5},{"damage":11,"enemies":"Hexaghost","floor":16,"turns":8},{"damage":21,"enemies":"Spheric Guardian","floor":18,"turns":4},{"damage":12,"enemies":"Masked Bandits","floor":19,"turns":3},{"damage":3,"enemies":"3 Byrds","floor":20,"turns":4},{"damage":22,"enemies":"Gremlin Leader","floor":24,"turns":8},{"damage":20,"enemies":"Snake Plant","floor":25,"turns":6},{"damage":21,"enemies":"Cultist and Chosen","floor":27,"turns":8},{"damage":33,"enemies":"Champ","floor":33,"turns":11},{"damage":14,"enemies":"3 Shapes","floor":35,"turns":9},{"damage":0,"enemies":"Orb Walker","floor":38,"turns":4},{"damage":0,"enemies":"4 Shapes","floor":39,"turns":6},{"damage":9,"enemies":"Nemesis","floor":41,"turns":9},{"damage":2,"enemies":"Writhing Mass","floor":44,"turns":8},{"damage":43,"enemies":"Giant Head","floor":45,"turns":10},{"damage":42,"enemies":"Reptomancer","floor":48,"turns":4}],"seed_played":"795962417514609817","potions_obtained":[{"floor":0,"key":"AttackPotion"},{"floor":0,"key":"Fire Potion"},{"floor":0,"key":"EssenceOfSteel"},{"floor":6,"key":"GamblersBrew"},{"floor":8,"key":"Dexterity Potion"},{"floor":11,"key":"FearPotion"},{"floor":13,"key":"Explosive Potion"},{"floor":20,"key":"Block Potion"},{"floor":27,"key":"EssenceOfSteel"},{"floor":38,"key":"Block Potion"},{"floor":39,"key":"Explosive Potion"}],"is_trial":false,"path_per_floor":["M","$","?","M","M","E","R","E","T","R","M","?","E","?","R","B",null,"M","?","M","$","?","R","E","M","T","M","?","$","$","?","R","B",null,"M","?","?","M","M","R","E","$","T","M","E","R","$","E"],"character_chosen":"DEFECT","items_purchased":["Sunder","Go for the Eyes","Meat on the Bone","Orichalcum","Energy Potion","Defragment","Master of Strategy+1","Leap+1","Redo+1","Dexterity Potion"],"campfire_rested":4,"item_purchase_floors":[2,21,21,21,21,29,42,42,47,47],"current_hp_per_floor":[68,68,50,49,49,29,29,23,23,45,45,45,22,22,22,11,61,40,28,27,27,27,50,40,32,32,23,23,23,23,23,46,25,66,52,52,52,52,54,54,47,47,47,47,16,41,41,0],"gold":12,"neow_bonus":"THREE_SMALL_POTIONS","is_prod":false,"is_daily":false,"chose_seed":false,"campfire_upgraded":3,"win_rate":0,"timestamp":1549847140,"path_taken":["M","$","?","M","M","E","R","E","T","R","M","?","E","?","R","BOSS","M","?","M","$","?","R","E","M","T","?","?","?","$","?","R","BOSS","M","?","?","M","M","R","E","$","T","?","E","R","$","E"],"build_version":"2019-01-23","purchased_purges":0,"victory":false,"max_hp_per_floor":[75,75,75,75,75,75,75,75,75,75,75,75,77,77,77,77,77,77,77,79,79,79,79,79,79,79,79,79,79,79,79,79,79,79,79,79,79,79,81,81,83,83,83,85,85,85,85,85],"card_choices":[{"not_picked":["Scrape","Barrage"],"picked":"Compile Driver","floor":1},{"not_picked":["Hologram","Beam Cell","Steam"],"picked":"SKIP","floor":4},{"not_picked":["Gash","Streamline"],"picked":"Conserve Battery","floor":5},{"not_picked":["Darkness","Echo Form"],"picked":"Ball Lightning","floor":6},{"not_picked":["Thunder Strike","Chill"],"picked":"Doom and Gloom","floor":8},{"not_picked":["Turbo","Compile Driver","Gash"],"picked":"SKIP","floor":11},{"not_picked":["Ball Lightning","Self Repair","Creative AI"],"picked":"Singing Bowl","floor":13},{"not_picked":["Meteor Strike","Reboot"],"picked":"Multi-Cast","floor":16},{"not_picked":["Barrage+1","Compile Driver"],"picked":"Hologram+1","floor":18},{"not_picked":["Steam","Hologram"],"picked":"Leap","floor":19},{"not_picked":["Ball Lightning","Scrape","Sweeping Beam"],"picked":"Singing Bowl","floor":20},{"not_picked":["Auto Shields+1","Turbo+1"],"picked":"Chill+1","floor":24},{"not_picked":["Steam+1","Darkness+1"],"picked":"Leap+1","floor":25},{"not_picked":["Hologram+1","Sunder+1"],"picked":"White Noise+1","floor":27},{"not_picked":["Reboot+1","Machine Learning"],"picked":"Seek+1","floor":33},{"not_picked":["Compile Driver+1","Hello World+1"],"picked":"Cold Snap+1","floor":35},{"not_picked":["Magnetism","Flash of Steel"],"picked":"Panacea+1","floor":36},{"not_picked":["Steam Power+1","Loop+1"],"picked":"Coolheaded+1","floor":38},{"not_picked":["Force Field+1","Sweeping Beam+1","Stack+1"],"picked":"Singing Bowl","floor":39},{"not_picked":["Multi-Cast+1","Barrage+1","Stack+1"],"picked":"Singing Bowl","floor":41},{"not_picked":["Self Repair+1","Hologram+1","Compile Driver"],"picked":"Singing Bowl","floor":44},{"not_picked":["Coolheaded+1","Machine Learning"],"picked":"Static Discharge+1","floor":45},{"not_picked":["Tempest+1","Gash+1"],"picked":"Leap+1","floor":46}],"player_experience":344254,"relics_obtained":[{"floor":6,"key":"Dodecahedron"},{"floor":8,"key":"MawBank"},{"floor":9,"key":"Gremlin Horn"},{"floor":13,"key":"Singing Bowl"},{"floor":19,"key":"Red Mask"},{"floor":24,"key":"Bag of Preparation"},{"floor":26,"key":"Mummified Hand"},{"floor":41,"key":"Happy Flower"},{"floor":41,"key":"Whetstone"},{"floor":43,"key":"Dream Catcher"},{"floor":45,"key":"Blue Candle"},{"floor":45,"key":"Potion Belt"}],"event_choices":[{"damage_healed":0,"gold_gain":0,"player_choice":"Take Damage","damage_taken":18,"relics_obtained":["Golden Idol"],"max_hp_gain":0,"max_hp_loss":0,"event_name":"Golden Idol","floor":3,"gold_loss":0},{"cards_removed":["Strike_B"],"damage_healed":0,"gold_gain":0,"player_choice":"Card Removal","damage_taken":0,"max_hp_gain":0,"max_hp_loss":0,"event_name":"The Cleric","floor":12,"gold_loss":50},{"damage_healed":0,"gold_gain":0,"player_choice":"Grow","damage_taken":0,"max_hp_gain":0,"max_hp_loss":0,"event_name":"Living Wall","floor":14,"gold_loss":0,"cards_upgraded":["Zap"]},{"damage_healed":0,"gold_gain":0,"player_choice":"Fought Bandits","damage_taken":0,"max_hp_gain":0,"max_hp_loss":0,"event_name":"Masked Bandits","floor":19,"gold_loss":0},{"damage_healed":0,"gold_gain":0,"player_choice":"Paid Gold","damage_taken":0,"relics_obtained":["Toxic Egg 2"],"max_hp_gain":0,"max_hp_loss":0,"event_name":"WeMeetAgain","floor":22,"gold_loss":50},{"damage_healed":0,"gold_gain":0,"player_choice":"Ignored","damage_taken":0,"max_hp_gain":0,"max_hp_loss":0,"event_name":"Beggar","floor":28,"gold_loss":0},{"damage_healed":0,"gold_gain":0,"cards_transformed":["Strike_B","Strike_B"],"player_choice":"Became Test Subject","damage_taken":0,"max_hp_gain":0,"max_hp_loss":0,"event_name":"Drug Dealer","floor":31,"gold_loss":0,"cards_obtained":["Static Discharge","Gash"]},{"damage_healed":0,"gold_gain":0,"player_choice":"Memory 1","damage_taken":0,"max_hp_gain":0,"max_hp_loss":0,"event_name":"SensoryStone","floor":36,"gold_loss":0},{"damage_healed":0,"gold_gain":0,"player_choice":"Copied","damage_taken":0,"max_hp_gain":0,"max_hp_loss":0,"event_name":"Duplicator","floor":37,"gold_loss":0,"cards_obtained":["Defragment"]}],"is_beta":false,"boss_relics":[{"not_picked":["White Beast Statue","Empty Cage"],"picked":"Inserter"},{"not_picked":["Coffee Dripper","Runic Dome"],"picked":"Black Star"}],"items_purged_floors":[],"is_endless":false,"potions_floor_spawned":[6,8,11,13,20,27,38,39],"killed_by":"Reptomancer","ascension_level":8}