{"gold_per_floor":[117,130,146,158,177,177,206,206,286,297,329,58,87,7,7,103,103,117,142,142,162,162,162,182,182,182,212,223,256,272,272,272,373,373,386,386,608,18,32,59,59,88,88,88,100,129,129,142,142,142],"floor_reached":51,"playtime":7339,"items_purged":["Strike_G","Defend_G"],"score":1069,"play_id":"61a785cf-d394-41e0-bea8-be900efafa6d","local_time":"20180927221607","is_ascension_mode":true,"campfire_choices":[{"floor":6.0,"key":"REST"},{"floor":8.0,"key":"REST"},{"floor":15.0,"key":"REST"},{"floor":23.0,"key":"REST"},{"data":"After Image","floor":25.0,"key":"SMITH"},{"data":"Footwork","floor":32.0,"key":"SMITH"},{"floor":41,"key":"REST"},{"data":"Infinite Blades","floor":44,"key":"SMITH"},{"data":"Footwork","floor":47,"key":"SMITH"},{"data":"Bullet Time","floor":49,"key":"SMITH"}],"neow_cost":"PERCENT_DAMAGE","seed_source_timestamp":0,"circlet_count":0,"master_deck":["Defend_G","Defend_G","Defend_G","Defend_G","Survivor","Neutralize","Well Laid Plans","Dodge and Roll","Sucker Punch","Backflip","Caltrops","Riddle With Holes","Caltrops","Infinite Blades+1","Footwork+1","Predator","Deadly Poison","After Image+1","Footwork+1","Masterful Stab+1","Deadly Poison","Bite","Bite","Bite","Bite","Bite","Dagger Throw","Doppelganger","PiercingWail+1","Cloak And Dagger","Cloak And Dagger","Tools of the Trade","Deadly Poison+1","Panache","Discovery","Secret Weapon","Blur","Footwork","Footwork","Outmaneuver","PiercingWail+1","Blade Dance","Bullet Time+1"],"special_seed":0,"relics":["Ring of the Snake","Torii","Ancient Tea Set","The Courier","Mango","PreservedInsect","Cursed Key","Red Mask","Smiling Mask","Darkstone Periapt","Bottled Tornado","Omamori","Lizard Tail","Mercury Hourglass","Bronze Scales","Art of War","Bird Faced Urn","Centennial Puzzle","Kunai","Shuriken"],"potions_floor_usage":[50],"damage_taken":[{"damage":1.0,"enemies":"Cultist","floor":1.0,"turns":4.0},{"damage":9.0,"enemies":"Small Slimes","floor":2.0,"turns":3.0},{"damage":1.0,"enemies":"2 Louse","floor":3.0,"turns":3.0},{"damage":1.0,"enemies":"Exordium Wildlife","floor":4.0,"turns":4.0},{"damage":1.0,"enemies":"3 Louse","floor":5.0,"turns":4.0},{"damage":16.0,"enemies":"3 Sentries","floor":7.0,"turns":14.0},{"damage":1.0,"enemies":"2 Fungi Beasts","floor":10.0,"turns":4.0},{"damage":30.0,"enemies":"Gremlin Nob","floor":11.0,"turns":5.0},{"damage":20.0,"enemies":"3 Sentries","floor":13.0,"turns":8.0},{"damage":11.0,"enemies":"Hexaghost","floor":16.0,"turns":10.0},{"damage":7.0,"enemies":"Chosen","floor":18.0,"turns":6.0},{"damage":26.0,"enemies":"Masked Bandits","floor":19.0,"turns":6.0},{"damage":13.0,"enemies":"Spheric Guardian","floor":21.0,"turns":6.0},{"damage":10.0,"enemies":"Snecko","floor":24.0,"turns":5.0},{"damage":1.0,"enemies":"Gremlin Leader","floor":27.0,"turns":8.0},{"damage":9.0,"enemies":"Shelled Parasite and Fungi","floor":28.0,"turns":6.0},{"damage":30.0,"enemies":"Slavers","floor":29.0,"turns":6.0},{"damage":0.0,"enemies":"3 Cultists","floor":30.0,"turns":7.0},{"damage":0.0,"enemies":"Champ","floor":33.0,"turns":14.0},{"damage":1,"enemies":"3 Shapes","floor":35,"turns":5},{"damage":0,"enemies":"3 Darklings","floor":39,"turns":6},{"damage":38,"enemies":"2 Orb Walkers","floor":40,"turns":5},{"damage":1,"enemies":"Nemesis","floor":42,"turns":5},{"damage":0,"enemies":"4 Shapes","floor":45,"turns":4},{"damage":10,"enemies":"2 Orb Walkers","floor":46,"turns":4},{"damage":1,"enemies":"Spire Growth","floor":48,"turns":4},{"damage":33,"enemies":"Time Eater","floor":50,"turns":12}],"seed_played":"-2663951655582567083","potions_obtained":[{"floor":3.0,"key":"Poison Potion"},{"floor":4.0,"key":"Weak Potion"},{"floor":7.0,"key":"GhostInAJar"},{"floor":13.0,"key":"Fire Potion"},{"floor":24.0,"key":"AttackPotion"},{"floor":30.0,"key":"Explosive Potion"},{"floor":33.0,"key":"EssenceOfSteel"},{"floor":35,"key":"Fire Potion"}],"is_trial":false,"path_per_floor":["M","M","M","M","M","R","E","R","T","M","E","$","E","$","R","B",null,"M","?","?","M","?","R","M","R","T","E","M","E","M","?","R","B",null,"M","?","?","$","M","E","R","E","T","R","M","E","R","M","R","B"],"character_chosen":"THE_SILENT","items_purchased":["Blood Vial","Footwork","Predator","Blur","Footwork","Mercury Hourglass","Bronze Scales","Art of War","Footwork"],"campfire_rested":5,"item_purchase_floors":[12,12,12,38,38,38,38,38,38],"current_hp_per_floor":[48,39,38,37,36,57,41,62,62,61,45,45,27,27,52,43,74,69,45,45,34,34,59,59,59,59,78,77,61,73,73,73,84,84,84,74,74,74,80,48,73,84,84,84,84,84,84,83,83,69],"gold":142,"neow_bonus":"ONE_RARE_RELIC","is_prod":false,"is_daily":false,"chose_seed":false,"campfire_upgraded":5,"win_rate":0,"timestamp":1538100967,"path_taken":["M","M","?","?","M","R","E","R","T","?","E","$","E","$","R","BOSS","M","?","?","M","?","R","M","R","T","E","M","E","M","?","R","BOSS","M","?","?","$","M","E","R","E","T","R","M","E","R","M","R","BOSS"],"build_version":"2018-09-27","purchased_purges":2,"victory":true,"max_hp_per_floor":[70,70,70,70,70,70,70,70,70,70,84,84,84,84,84,84,84,84,84,84,84,84,84,84,84,84,84,84,84,84,84,84,84,84,84,84,84,84,84,84,84,84,84,84,84,84,84,84,84,84],"card_choices":[{"not_picked":["Slice","Dodge and Roll"],"picked":"Well Laid Plans","floor":1.0},{"not_picked":["Bane","Deadly Poison"],"picked":"Dodge and Roll","floor":2.0},{"not_picked":["Distraction","Poisoned Stab"],"picked":"Sucker Punch","floor":3.0},{"not_picked":["Prepared","Setup"],"picked":"Backflip","floor":4.0},{"not_picked":["Dodge and Roll","Catalyst"],"picked":"Caltrops","floor":5.0},{"not_picked":["Quick Slash","Slice"],"picked":"Riddle With Holes","floor":7.0},{"not_picked":["Accuracy","Slice"],"picked":"Caltrops","floor":10.0},{"not_picked":["Calculated Gamble","Malaise"],"picked":"Infinite Blades","floor":11.0},{"not_picked":["Deflect","Bane"],"picked":"Deadly Poison","floor":13.0},{"not_picked":["Envenom","Malaise"],"picked":"After Image","floor":16.0},{"not_picked":["Sucker Punch","Poisoned Stab"],"picked":"Footwork","floor":18.0},{"not_picked":["Prepared","Slice"],"picked":"Masterful Stab+1","floor":19.0},{"not_picked":["Bane+1","Outmaneuver"],"picked":"Deadly Poison","floor":21.0},{"not_picked":["Underhanded Strike","Acrobatics+1"],"picked":"Dagger Throw","floor":24.0},{"not_picked":["Expertise","Concentrate"],"picked":"Doppelganger","floor":27.0},{"not_picked":["Dagger Spray+1","Dodge and Roll"],"picked":"PiercingWail+1","floor":28.0},{"not_picked":["Distraction","Blade Dance"],"picked":"Cloak And Dagger","floor":29.0},{"not_picked":["Underhanded Strike","Prepared"],"picked":"Cloak And Dagger","floor":30.0},{"not_picked":["Phantasmal Killer","Wraith Form v2"],"picked":"Tools of the Trade","floor":33.0},{"not_picked":["Caltrops+1","Well Laid Plans+1"],"picked":"Deadly Poison+1","floor":35},{"not_picked":["Bandage Up","Finesse"],"picked":"Panache","floor":36},{"not_picked":["Panacea","Mind Blast"],"picked":"Discovery","floor":36},{"not_picked":["Dark Shackles","Deep Breath"],"picked":"Secret Weapon","floor":36},{"not_picked":["Well Laid Plans","Skewer+1"],"picked":"Outmaneuver","floor":39},{"not_picked":["Predator+1","Sucker Punch+1"],"picked":"PiercingWail+1","floor":40},{"not_picked":["PiercingWail+1","Quick Slash","Dagger Spray"],"picked":"SKIP","floor":42},{"not_picked":["Deadly Poison","Acrobatics"],"picked":"Blade Dance","floor":45},{"not_picked":["Backstab+1","Dagger Spray+1"],"picked":"Bullet Time","floor":46},{"not_picked":["Acrobatics","Deflect+1","Flying Knee"],"picked":"SKIP","floor":48}],"player_experience":491670,"relics_obtained":[{"floor":7.0,"key":"Ancient Tea Set"},{"floor":9.0,"key":"The Courier"},{"floor":11.0,"key":"Mango"},{"floor":13.0,"key":"PreservedInsect"},{"floor":19.0,"key":"Red Mask"},{"floor":26.0,"key":"Darkstone Periapt"},{"floor":27.0,"key":"Bottled Tornado"},{"floor":29.0,"key":"Omamori"},{"floor":40,"key":"Bird Faced Urn"},{"floor":42,"key":"Centennial Puzzle"},{"floor":43,"key":"Kunai"},{"floor":46,"key":"Shuriken"}],"event_choices":[{"event_name":"Masked Bandits","player_choice":"Fought Bandits","floor":19.0,"damage_taken":0.0},{"event_name":"The Mausoleum","player_choice":"Yes","floor":20.0,"damage_taken":0.0},{"event_name":"Vampires","player_choice":"Became a vampire (Vial)","floor":22.0,"damage_taken":0.0},{"event_name":"Fountain of Cleansing","player_choice":"Removed Curse","floor":31.0,"damage_taken":0.0},{"event_name":"SensoryStone","player_choice":"Memory 3","floor":36,"damage_taken":0},{"event_name":"Tomb of Lord Red Mask","player_choice":"Wore Mask","floor":37,"damage_taken":0}],"is_beta":false,"boss_relics":[{"not_picked":["WristBlade","Sozu"],"picked":"Cursed Key"},{"not_picked":["Eternal Feather","Empty Cage"],"picked":"Lizard Tail"}],"items_purged_floors":[12,14],"is_endless":false,"potions_floor_spawned":[3,4,7,13,18,24,30,33,35,40,46],"ascension_level":5}