{"gold_per_floor":[119,129,84,97,107,140,159,159,159,179,179,179,179,279,279,407,407,420,436,460,70,70,70,93,114,137,137,35,35,60,76,76,195,195,208,208,228,15,15,49,49,63,89,110,134,134,134,134,134,134],"floor_reached":50,"playtime":2352,"items_purged":[],"score":526,"play_id":"e0ed7faa-6cc1-485f-a9df-576ebea5bd14","local_time":"20181218175750","is_ascension_mode":false,"campfire_choices":[{"floor":8,"key":"REST"},{"data":"Scrape","floor":11,"key":"SMITH"},{"floor":15,"key":"REST"},{"data":"Creative AI","floor":23,"key":"SMITH"},{"floor":32,"key":"REST"},{"data":"Fission","floor":41,"key":"SMITH"},{"floor":46,"key":"REST"},{"floor":49,"key":"RECALL"}],"neow_cost":"TEN_PERCENT_HP_LOSS","seed_source_timestamp":86637370698057,"circlet_count":0,"master_deck":["Zap","Dualcast","Lockon","Reprogram","Cold Snap","Go for the Eyes","Conserve Battery","Go for the Eyes","Streamline","Coolheaded","Scrape+1","Go for the Eyes","Biased Cognition","Coolheaded","Hello World","Echo Form","Hyperbeam","Sunder","Consume","Undo+1","Redo","Gash","All For One","Panache","Creative AI+1","Genetic Algorithm","Rainbow","Gash","Coolheaded","Blizzard+1","Fission+1","Coolheaded","Metamorphosis","Reinforced Body","Stack+1","Gash"],"relics":["Cracked Core","Symbiotic Virus","Shuriken","Golden Idol","Pandora\u0027s Box","Membership Card","Anchor","Omamori","Sozu","Bottled Lightning","Shovel"],"potions_floor_usage":[33],"damage_taken":[{"damage":0,"enemies":"Small Slimes","floor":1,"turns":2},{"damage":6,"enemies":"Jaw Worm","floor":2,"turns":3},{"damage":2,"enemies":"2 Louse","floor":4,"turns":3},{"damage":16,"enemies":"Gremlin Gang","floor":5,"turns":5},{"damage":18,"enemies":"Lagavulin","floor":6,"turns":8},{"damage":7,"enemies":"Lots of Slimes","floor":7,"turns":4},{"damage":14,"enemies":"Exordium Thugs","floor":10,"turns":4},{"damage":7,"enemies":"Slime Boss","floor":16,"turns":4},{"damage":4,"enemies":"Shell Parasite","floor":18,"turns":4},{"damage":1,"enemies":"Spheric Guardian","floor":19,"turns":3},{"damage":0,"enemies":"Snecko","floor":20,"turns":5},{"damage":11,"enemies":"Snake Plant","floor":24,"turns":4},{"damage":21,"enemies":"Sentry and Sphere","floor":25,"turns":6},{"damage":3,"enemies":"Chosen and Byrds","floor":30,"turns":6},{"damage":27,"enemies":"Snecko","floor":31,"turns":5},{"damage":41,"enemies":"Collector","floor":33,"turns":9},{"damage":4,"enemies":"3 Shapes","floor":35,"turns":3},{"damage":9,"enemies":"Orb Walker","floor":37,"turns":3},{"damage":22,"enemies":"Nemesis","floor":40,"turns":7},{"damage":22,"enemies":"Spire Growth","floor":42,"turns":5},{"damage":3,"enemies":"Transient","floor":44,"turns":5},{"damage":4,"enemies":"Writhing Mass","floor":45,"turns":7},{"damage":70,"enemies":"Time Eater","floor":50,"turns":11}],"seed_played":"7201282457224740333","potions_obtained":[{"floor":1,"key":"Poison Potion"},{"floor":2,"key":"Ancient Potion"},{"floor":7,"key":"PowerPotion"}],"is_trial":false,"path_per_floor":["M","M","$","M","M","E","M","R","T","M","R","?","?","?","R","B",null,"M","M","M","$","?","R","M","M","T","?","$","$","M","M","R","B",null,"M","?","M","$","?","E","R","M","T","M","M","R","?","?","R","B"],"character_chosen":"DEFECT","items_purchased":["Conserve Battery","Membership Card","All For One","Panache","Creative AI","Omamori","Coolheaded","Metamorphosis","Bottled Lightning"],"campfire_rested":4,"item_purchase_floors":[3,21,21,21,21,28,28,38,38],"current_hp_per_floor":[68,62,62,60,44,26,19,39,39,25,25,8,8,8,28,21,68,64,63,63,63,63,63,52,31,31,53,53,53,50,23,43,2,68,64,64,55,55,55,33,33,11,11,8,4,24,24,59,59,0],"gold":134,"neow_bonus":"TRANSFORM_TWO_CARDS","is_prod":false,"is_daily":false,"chose_seed":false,"campfire_upgraded":3,"win_rate":0,"timestamp":1545173870,"path_taken":["M","M","$","M","M","E","M","R","T","M","R","?","?","?","R","BOSS","M","?","?","$","?","R","?","M","T","?","?","$","M","M","R","BOSS","M","?","M","$","?","E","R","?","T","M","M","R","?","?","R","BOSS"],"build_version":"2018-12-17","purchased_purges":0,"victory":false,"max_hp_per_floor":[68,68,68,68,68,68,68,68,68,68,68,68,68,68,68,68,68,68,68,68,68,68,68,68,68,68,68,68,68,68,68,68,68,68,68,68,68,68,68,68,68,68,68,68,68,68,68,59,59,59],"card_choices":[{"not_picked":["Heatsinks","Force Field"],"picked":"Cold Snap","floor":1},{"not_picked":["Barrage","Gash"],"picked":"Go for the Eyes","floor":2},{"not_picked":["Gash","Leap"],"picked":"Go for the Eyes","floor":4},{"not_picked":["Self Repair","Steam"],"picked":"Streamline","floor":5},{"not_picked":["Recycle","Cold Snap"],"picked":"Coolheaded","floor":6},{"not_picked":["Auto Shields","Rebound"],"picked":"Scrape","floor":7},{"not_picked":["Multi-Cast","Darkness"],"picked":"Go for the Eyes","floor":10},{"not_picked":["Fission","Meteor Strike"],"picked":"Biased Cognition","floor":16},{"not_picked":["Barrage","Cold Snap"],"picked":"Undo+1","floor":18},{"not_picked":["Rip and Tear","Tempest"],"picked":"Redo","floor":19},{"not_picked":["Steam+1","Beam Cell+1"],"picked":"Gash","floor":20},{"not_picked":["Consume+1","Hologram"],"picked":"Gash","floor":24},{"not_picked":["Sweeping Beam","Steam","Rebound"],"picked":"SKIP","floor":25},{"not_picked":["Skim","Hologram","Chaos"],"picked":"SKIP","floor":30},{"not_picked":["Streamline","Turbo"],"picked":"Blizzard+1","floor":31},{"not_picked":["Thunder Strike","Echo Form"],"picked":"Fission","floor":33},{"not_picked":["Redo","Barrage+1","Sweeping Beam"],"picked":"SKIP","floor":35},{"not_picked":["Rebound+1","Ball Lightning"],"picked":"Coolheaded","floor":37},{"not_picked":["FTL","Cold Snap"],"picked":"Reinforced Body","floor":40},{"not_picked":["Consume","White Noise","Thunder Strike"],"picked":"SKIP","floor":42},{"not_picked":["Steam","Redo"],"picked":"Stack+1","floor":44},{"not_picked":["Hologram","Rebound+1"],"picked":"Gash","floor":45}],"player_experience":483861,"relics_obtained":[{"floor":6,"key":"Symbiotic Virus"},{"floor":9,"key":"Shuriken"},{"floor":26,"key":"Anchor"},{"floor":40,"key":"Shovel"}],"event_choices":[{"damage_healed":0,"gold_gain":0,"player_choice":"Take Damage","damage_taken":17,"relics_obtained":["Golden Idol"],"max_hp_gain":0,"max_hp_loss":0,"event_name":"Golden Idol","floor":12,"gold_loss":0},{"damage_healed":0,"gold_gain":0,"player_choice":"Ignored","damage_taken":0,"max_hp_gain":0,"max_hp_loss":0,"event_name":"Liars Game","floor":13,"gold_loss":0},{"damage_healed":0,"gold_gain":100,"player_choice":"Pray","damage_taken":0,"max_hp_gain":0,"max_hp_loss":0,"event_name":"Golden Shrine","floor":14,"gold_loss":0},{"damage_healed":0,"gold_gain":0,"player_choice":"2 cards matched","damage_taken":0,"max_hp_gain":0,"max_hp_loss":0,"event_name":"Match and Keep!","floor":22,"gold_loss":0,"cards_obtained":["Genetic Algorithm","Rainbow"]},{"damage_healed":22,"gold_gain":0,"player_choice":"Heal","damage_taken":0,"max_hp_gain":0,"max_hp_loss":0,"event_name":"The Library","floor":27,"gold_loss":0},{"damage_healed":0,"gold_gain":0,"player_choice":"Ignored","damage_taken":0,"max_hp_gain":0,"max_hp_loss":0,"event_name":"Tomb of Lord Red Mask","floor":36,"gold_loss":0},{"damage_healed":0,"gold_gain":0,"player_choice":"Got Potions","damage_taken":0,"max_hp_gain":0,"max_hp_loss":0,"event_name":"Lab","floor":39,"gold_loss":0},{"damage_healed":0,"gold_gain":0,"player_choice":"Ignored","damage_taken":0,"max_hp_gain":0,"max_hp_loss":0,"event_name":"Mysterious Sphere","floor":47,"gold_loss":0},{"damage_healed":59,"gold_gain":0,"player_choice":"Heal","damage_taken":0,"max_hp_gain":0,"max_hp_loss":9,"event_name":"The Moai Head","floor":48,"gold_loss":0}],"is_beta":true,"boss_relics":[{"not_picked":["Ectoplasm","Runic Dome"],"picked":"Pandora\u0027s Box"},{"not_picked":["Coffee Dripper","Empty Cage"],"picked":"Sozu"}],"items_purged_floors":[],"is_endless":false,"potions_floor_spawned":[1,2,7,10,24,25,30,37,45],"killed_by":"Time Eater","ascension_level":0}