{"gold_per_floor":[112,62,75,93,110,110,138,156,156,156,182,57,57,74,74,170,170,190,40,51,51,51,51,80,107,107,77,105,119,130,150,150,247,247,267,284,184,203,218,218,218,250,275,307,307,333,333,333,333,333,333,333,6,38,38],"floor_reached":55,"playtime":3438,"items_purged":["Strike_R","Strike_R","Strike_R"],"score":855,"play_id":"81556048-ce34-4424-a73d-49a24d90f433","local_time":"20190212173137","is_ascension_mode":false,"campfire_choices":[{"data":"Bash","floor":6,"key":"SMITH"},{"floor":15,"key":"REST"},{"data":"Anger","floor":23,"key":"SMITH"},{"data":"Pommel Strike","floor":32,"key":"SMITH"},{"data":"Heavy Blade","floor":40,"key":"SMITH"},{"floor":45,"key":"REST"},{"floor":49,"key":"RECALL"},{"data":"Violence","floor":52,"key":"SMITH"}],"neow_cost":"NONE","seed_source_timestamp":63342775129931,"circlet_count":0,"master_deck":["Defend_R+1","Defend_R","Defend_R+1","Bash+1","Armaments","Twin Strike","Headbutt","Reaper","Clothesline","Flame Barrier","Iron Wave","Anger+1","Feed","Shame","Barricade","Heavy Blade+1","Pommel Strike+1","Carnage+1","Corruption+1","Immolate","Disarm+1","Shockwave+1","Carnage+1","Doubt","Flame Barrier","Clothesline+1","Enlightenment","Violence+1","Madness","Madness","Sword Boomerang+1"],"relics":["Burning Blood","NeowsBlessing","Shuriken","Mercury Hourglass","Gremlin Horn","Snecko Eye","Pen Nib","Meat on the Bone","Self Forming Clay","Frozen Egg 2","Dodecahedron","Cursed Key","Ice Cream","Anchor","Potion Belt","Bottled Flame","Toolbox","Oddly Smooth Stone"],"potions_floor_usage":[11,16,24,24,24,28,28,33,33,36,42,44,50,55],"damage_taken":[{"damage":0,"enemies":"Small Slimes","floor":1,"turns":1},{"damage":0,"enemies":"2 Louse","floor":3,"turns":1},{"damage":0,"enemies":"Jaw Worm","floor":4,"turns":1},{"damage":24,"enemies":"Exordium Thugs","floor":5,"turns":7},{"damage":40,"enemies":"Lagavulin","floor":7,"turns":6},{"damage":8,"enemies":"2 Fungi Beasts","floor":8,"turns":4},{"damage":12,"enemies":"Gremlin Nob","floor":11,"turns":4},{"damage":16,"enemies":"Lots of Slimes","floor":14,"turns":2},{"damage":0,"enemies":"Slime Boss","floor":16,"turns":7},{"damage":4,"enemies":"Shell Parasite","floor":18,"turns":13},{"damage":3,"enemies":"2 Thieves","floor":20,"turns":3},{"damage":55,"enemies":"Book of Stabbing","floor":24,"turns":7},{"damage":15,"enemies":"Gremlin Leader","floor":28,"turns":7},{"damage":0,"enemies":"3 Cultists","floor":29,"turns":7},{"damage":15,"enemies":"Snake Plant","floor":30,"turns":3},{"damage":18,"enemies":"Snecko","floor":31,"turns":6},{"damage":69,"enemies":"Automaton","floor":33,"turns":9},{"damage":3,"enemies":"Orb Walker","floor":35,"turns":3},{"damage":5,"enemies":"3 Darklings","floor":36,"turns":3},{"damage":20,"enemies":"Transient","floor":38,"turns":5},{"damage":21,"enemies":"Writhing Mass","floor":39,"turns":4},{"damage":6,"enemies":"Reptomancer","floor":42,"turns":2},{"damage":36,"enemies":"Nemesis","floor":44,"turns":5},{"damage":0,"enemies":"Reptomancer","floor":46,"turns":4},{"damage":49,"enemies":"Awakened One","floor":50,"turns":12},{"damage":27,"enemies":"Shield and Spear","floor":54,"turns":4},{"damage":94,"enemies":"The Heart","floor":55,"turns":8}],"seed_played":"-300994309369903612","potions_obtained":[{"floor":1,"key":"FearPotion"},{"floor":8,"key":"FairyPotion"},{"floor":11,"key":"Weak Potion"},{"floor":14,"key":"PowerPotion"},{"floor":16,"key":"GamblersBrew"},{"floor":20,"key":"LiquidBronze"},{"floor":24,"key":"SkillPotion"},{"floor":27,"key":"Explosive Potion"},{"floor":27,"key":"Weak Potion"},{"floor":31,"key":"BloodPotion"},{"floor":35,"key":"Fire Potion"},{"floor":38,"key":"Energy Potion"},{"floor":42,"key":"BloodPotion"},{"floor":46,"key":"Weak Potion"},{"floor":54,"key":"SteroidPotion"}],"is_trial":false,"path_per_floor":["M","?","M","M","M","R","E","M","T","?","E","$","?","M","R","B",null,"M","$","M","?","$","R","E","T","T","?","E","M","M","M","R","B",null,"M","M","$","M","M","R","?","E","T","E","R","E","?","?","R","B",null,"R","$","E","B"],"character_chosen":"IRONCLAD","items_purchased":["Iron Wave","Pen Nib","Toolbox"],"campfire_rested":2,"item_purchase_floors":[12,19,53],"current_hp_per_floor":[80,80,80,80,62,62,28,34,34,27,27,27,11,21,45,51,80,84,84,87,87,87,87,54,54,54,54,68,83,77,73,73,31,99,103,103,103,89,74,74,74,74,74,58,88,94,84,71,71,52,103,103,103,82,0],"gold":38,"neow_bonus":"THREE_ENEMY_KILL","is_prod":false,"is_daily":false,"chose_seed":false,"campfire_upgraded":5,"win_rate":0,"timestamp":1549989097,"path_taken":["M","?","M","M","M","R","E","M","T","?","E","$","?","M","R","BOSS","M","$","M","?","$","R","E","?","T","?","E","?","M","M","R","BOSS","M","M","$","?","M","R","?","E","T","E","R","E","?","?","R","BOSS","R","$","E","BOSS"],"build_version":"2019-01-23","purchased_purges":3,"victory":false,"max_hp_per_floor":[80,80,80,80,80,80,80,80,80,80,80,80,80,80,80,80,80,84,84,87,87,87,87,87,87,87,87,90,93,96,99,99,99,99,103,103,103,103,103,103,103,103,103,103,103,103,103,103,103,103,103,103,103,103,103],"card_choices":[{"not_picked":["Rage","Havoc"],"picked":"Armaments","floor":1},{"not_picked":["Perfected Strike","Body Slam"],"picked":"Twin Strike","floor":3},{"not_picked":["Rupture","Combust"],"picked":"Headbutt","floor":4},{"not_picked":["Flex","Cleave"],"picked":"Reaper","floor":5},{"not_picked":["Pommel Strike","Whirlwind"],"picked":"Clothesline","floor":7},{"not_picked":["Anger","Perfected Strike"],"picked":"Flame Barrier","floor":8},{"not_picked":["Bloodletting","Havoc","Warcry"],"picked":"SKIP","floor":11},{"not_picked":["Twin Strike","Seeing Red"],"picked":"Anger","floor":14},{"not_picked":["Brutality","Exhume"],"picked":"Feed","floor":16},{"not_picked":["Searing Blow","Ghostly Armor","Clash+1"],"picked":"SKIP","floor":18},{"not_picked":["Flex","Bloodletting","Seeing Red"],"picked":"SKIP","floor":20},{"not_picked":["Metallicize","Hemokinesis"],"picked":"Barricade","floor":24},{"not_picked":["Warcry+1","Second Wind"],"picked":"Heavy Blade","floor":28},{"not_picked":["True Grit","Havoc"],"picked":"Pommel Strike","floor":29},{"not_picked":["Intimidate","Clothesline"],"picked":"Carnage+1","floor":30},{"not_picked":["Bloodletting+1","Havoc+1"],"picked":"Corruption+1","floor":31},{"not_picked":["Brutality+1","Fiend Fire"],"picked":"Immolate","floor":33},{"not_picked":["Corruption+1","Anger+1"],"picked":"Disarm+1","floor":35},{"not_picked":["True Grit+1","Pommel Strike"],"picked":"Shockwave+1","floor":36},{"not_picked":["Headbutt","Flex","Anger"],"picked":"SKIP","floor":38},{"not_picked":["Havoc","Infernal Blade+1","Armaments"],"picked":"SKIP","floor":39},{"not_picked":["Reaper","Havoc"],"picked":"Carnage+1","floor":42},{"not_picked":["Pommel Strike+1","Uppercut+1"],"picked":"Flame Barrier","floor":44},{"not_picked":["Warcry","Searing Blow+1"],"picked":"Clothesline+1","floor":46},{"not_picked":["Chrysalis","Discovery"],"picked":"Enlightenment","floor":47},{"not_picked":["Impatience","Panacea"],"picked":"Violence","floor":47},{"not_picked":["Twin Strike","True Grit"],"picked":"Sword Boomerang+1","floor":54}],"player_experience":152337,"relics_obtained":[{"floor":7,"key":"Shuriken"},{"floor":9,"key":"Mercury Hourglass"},{"floor":11,"key":"Gremlin Horn"},{"floor":24,"key":"Self Forming Clay"},{"floor":26,"key":"Frozen Egg 2"},{"floor":28,"key":"Dodecahedron"},{"floor":42,"key":"Ice Cream"},{"floor":43,"key":"Anchor"},{"floor":44,"key":"Potion Belt"},{"floor":46,"key":"Bottled Flame"},{"floor":54,"key":"Oddly Smooth Stone"}],"event_choices":[{"cards_removed":["Strike_R"],"damage_healed":0,"gold_gain":0,"player_choice":"Card Removal","damage_taken":0,"max_hp_gain":0,"max_hp_loss":0,"event_name":"The Cleric","floor":2,"gold_loss":50},{"cards_removed":["Strike_R"],"damage_healed":0,"gold_gain":0,"player_choice":"Card Removal","damage_taken":7,"max_hp_gain":0,"max_hp_loss":0,"event_name":"Golden Wing","floor":10,"gold_loss":0},{"damage_healed":0,"gold_gain":0,"player_choice":"Entered Light","damage_taken":16,"max_hp_gain":0,"max_hp_loss":0,"event_name":"Shining Light","floor":13,"gold_loss":0,"cards_upgraded":["Defend_R","Defend_R"]},{"damage_healed":0,"gold_gain":0,"player_choice":"Stole Relic","damage_taken":0,"relics_obtained":["Meat on the Bone"],"max_hp_gain":0,"max_hp_loss":0,"event_name":"Addict","floor":21,"gold_loss":0,"cards_obtained":["Shame"]},{"damage_healed":0,"gold_gain":0,"player_choice":"Bought 2 Potions","damage_taken":0,"max_hp_gain":0,"max_hp_loss":0,"event_name":"The Woman in Blue","floor":27,"gold_loss":0},{"cards_removed":["Defend_R"],"damage_healed":0,"gold_gain":0,"player_choice":"Removed Skill","damage_taken":0,"max_hp_gain":0,"max_hp_loss":0,"event_name":"Falling","floor":41,"gold_loss":0},{"damage_healed":0,"gold_gain":0,"player_choice":"Memory 3","damage_taken":10,"max_hp_gain":0,"max_hp_loss":0,"event_name":"SensoryStone","floor":47,"gold_loss":0},{"damage_healed":0,"gold_gain":0,"player_choice":"Embrace Madness","damage_taken":13,"max_hp_gain":0,"max_hp_loss":0,"event_name":"Winding Halls","floor":48,"gold_loss":0,"cards_obtained":["Madness","Madness"]}],"is_beta":false,"boss_relics":[{"not_picked":["Black Blood","Black Star"],"picked":"Snecko Eye"},{"not_picked":["Busted Crown","Eternal Feather"],"picked":"Cursed Key"}],"items_purged_floors":[12,37,53],"is_endless":false,"potions_floor_spawned":[1,8,11,14,16,20,24,31,35,38,42,46,54],"killed_by":"The Heart","ascension_level":0}