{"gold_per_floor":[116,127,146,71,71,97,97,109,186,206,220,220,230,242,242,313,313,331,86,73,85,105,105,136,136,215,215],"floor_reached":27,"playtime":2397,"items_purged":["Strike_R"],"score":430,"play_id":"2c27c4af-303b-49d0-8825-fbf0a95e87a1","local_time":"20190123223311","is_ascension_mode":true,"campfire_choices":[{"floor":7,"key":"REST"},{"data":"Armaments","floor":15,"key":"SMITH"},{"floor":23,"key":"REST"},{"floor":25,"key":"REST"}],"neow_cost":"NONE","seed_source_timestamp":122711775915091,"circlet_count":0,"master_deck":["AscendersBane","Strike_R","Strike_R","Defend_R","Defend_R","Defend_R","Bash","Body Slam+1","Power Through","Seeing Red","Metallicize","Clothesline","Uppercut","Pummel","Armaments+1","Demon Form","Rage+1","Cleave+1","Seeing Red+1","Shockwave","Limit Break","Inflame","Ghostly Armor","Shrug It Off","Iron Wave"],"relics":["Burning Blood","Du-Vu Doll","Bronze Scales","Ornamental Fan","Astrolabe","Question Card","Shuriken"],"potions_floor_usage":[6,16,24,27],"damage_taken":[{"damage":12,"enemies":"Jaw Worm","floor":1,"turns":4},{"damage":7,"enemies":"Small Slimes","floor":2,"turns":4},{"damage":0,"enemies":"Cultist","floor":3,"turns":4},{"damage":50,"enemies":"Gremlin Nob","floor":6,"turns":6},{"damage":19,"enemies":"Gremlin Gang","floor":8,"turns":5},{"damage":6,"enemies":"Red Slaver","floor":10,"turns":4},{"damage":1,"enemies":"2 Fungi Beasts","floor":11,"turns":3},{"damage":5,"enemies":"Large Slime","floor":13,"turns":7},{"damage":10,"enemies":"Lots of Slimes","floor":14,"turns":4},{"damage":8,"enemies":"Slime Boss","floor":16,"turns":9},{"damage":7,"enemies":"3 Byrds","floor":18,"turns":4},{"damage":16,"enemies":"2 Thieves","floor":20,"turns":4},{"damage":21,"enemies":"Snake Plant","floor":21,"turns":4},{"damage":21,"enemies":"Centurion and Healer","floor":22,"turns":7},{"damage":51,"enemies":"Slavers","floor":24,"turns":6},{"damage":40,"enemies":"Gremlin Leader","floor":27,"turns":6}],"seed_played":"-6962916329987661113","potions_obtained":[{"floor":2,"key":"Regen Potion"},{"floor":6,"key":"PowerPotion"},{"floor":14,"key":"Swift Potion"},{"floor":16,"key":"LiquidBronze"}],"is_trial":false,"path_per_floor":["M","M","M","$","?","E","R","M","T","M","M","?","M","M","R","B",null,"M","$","M","M","M","R","E","R","T","E"],"character_chosen":"IRONCLAD","items_purchased":["Limit Break","Inflame"],"campfire_rested":3,"item_purchase_floors":[19,19],"current_hp_per_floor":[69,68,74,74,56,27,51,38,38,38,43,43,44,40,40,38,71,70,70,60,45,30,54,9,33,33,0],"gold":215,"neow_bonus":"TEN_PERCENT_HP_BONUS","is_prod":false,"is_daily":false,"chose_seed":false,"campfire_upgraded":1,"win_rate":0,"timestamp":1548300791,"path_taken":["M","M","M","$","?","E","R","M","T","M","M","?","M","M","R","BOSS","M","$","M","M","M","R","E","R","T","E"],"build_version":"2019-01-23","purchased_purges":1,"victory":false,"max_hp_per_floor":[82,82,82,82,82,82,82,82,82,82,82,82,82,82,82,82,82,82,82,82,82,82,82,82,82,82,82],"card_choices":[{"not_picked":["Thunderclap","Heavy Blade"],"picked":"Body Slam","floor":1},{"not_picked":["Heavy Blade","Twin Strike"],"picked":"Power Through","floor":2},{"not_picked":["Rage","Twin Strike"],"picked":"Seeing Red","floor":3},{"not_picked":["Sever Soul","Clothesline"],"picked":"Metallicize","floor":6},{"not_picked":["Havoc","Iron Wave"],"picked":"Clothesline","floor":8},{"not_picked":["Infernal Blade","Bludgeon"],"picked":"Uppercut","floor":10},{"not_picked":["Bloodletting","Wild Strike"],"picked":"Pummel","floor":11},{"not_picked":["Havoc","Dropkick","Wild Strike"],"picked":"SKIP","floor":13},{"not_picked":["Body Slam","Perfected Strike"],"picked":"Armaments","floor":14},{"not_picked":["Bludgeon","Brutality"],"picked":"Demon Form","floor":16},{"not_picked":["Body Slam+1","Rupture"],"picked":"Shockwave","floor":18},{"not_picked":["Clothesline","Headbutt"],"picked":"Ghostly Armor","floor":20},{"not_picked":["Cleave","Anger"],"picked":"Shrug It Off","floor":21},{"not_picked":["Armaments","Wild Strike","Rampage"],"picked":"SKIP","floor":22},{"not_picked":["Fire Breathing","Flex+1"],"picked":"Iron Wave","floor":24}],"player_experience":913950,"relics_obtained":[{"floor":6,"key":"Bronze Scales"},{"floor":9,"key":"Ornamental Fan"},{"floor":24,"key":"Question Card"},{"floor":26,"key":"Shuriken"}],"event_choices":[{"damage_healed":0,"gold_gain":0,"player_choice":"Success","damage_taken":18,"relics_obtained":["Du-Vu Doll"],"max_hp_gain":0,"max_hp_loss":0,"event_name":"Scrap Ooze","floor":5,"gold_loss":0},{"damage_healed":0,"gold_gain":0,"player_choice":"Grow","damage_taken":0,"max_hp_gain":0,"max_hp_loss":0,"event_name":"Living Wall","floor":12,"gold_loss":0,"cards_upgraded":["Body Slam"]}],"is_beta":false,"boss_relics":[{"not_picked":["Black Star","Lizard Tail"],"picked":"Astrolabe"}],"items_purged_floors":[4],"is_endless":false,"potions_floor_spawned":[2,6,14,16,21],"killed_by":"Gremlin Leader","ascension_level":16}