{"gold_per_floor":[112,127,139,41,55,55,80,94,142,155,216,216],"floor_reached":12,"playtime":1038,"items_purged":[],"score":98,"play_id":"748695bc-389c-441a-931d-5ef63c0846cd","local_time":"20190201063357","is_ascension_mode":true,"campfire_choices":[{"data":"Sucker Punch","floor":6,"key":"SMITH"}],"neow_cost":"NONE","seed_source_timestamp":36616591835717,"circlet_count":0,"master_deck":["Defend_G","Defend_G","Defend_G","Defend_G","Defend_G","Strike_G","Strike_G","Strike_G","Strike_G","Strike_G","Survivor","Neutralize","Dodge and Roll","Cloak And Dagger","Sucker Punch+1","Deadly Poison","Noxious Fumes","Well Laid Plans","Predator","Bouncing Flask"],"relics":["Ring of the Snake","Lantern","Omamori"],"potions_floor_usage":[],"damage_taken":[{"damage":1,"enemies":"Cultist","floor":1,"turns":5},{"damage":3,"enemies":"2 Louse","floor":2,"turns":3},{"damage":1,"enemies":"Small Slimes","floor":3,"turns":5},{"damage":20,"enemies":"Exordium Wildlife","floor":5,"turns":6},{"damage":32,"enemies":"3 Sentries","floor":7,"turns":10},{"damage":0,"enemies":"Looter","floor":8,"turns":5},{"damage":7,"enemies":"3 Louse","floor":10,"turns":3},{"damage":14,"enemies":"Gremlin Nob","floor":12,"turns":3}],"seed_played":"1053822329067130499","potions_obtained":[{"floor":1,"key":"EssenceOfSteel"},{"floor":3,"key":"LiquidBronze"},{"floor":8,"key":"Strength Potion"}],"is_trial":false,"path_per_floor":["M","M","M","$","M","R","E","M","T","M","?","E"],"character_chosen":"THE_SILENT","items_purchased":["Deadly Poison","Noxious Fumes"],"campfire_rested":0,"item_purchase_floors":[4,4],"current_hp_per_floor":[76,73,72,72,52,52,20,20,20,13,13,0],"gold":216,"neow_bonus":"TEN_PERCENT_HP_BONUS","is_prod":false,"is_daily":false,"chose_seed":false,"campfire_upgraded":1,"win_rate":0,"timestamp":1548999237,"path_taken":["M","M","M","$","M","R","E","?","T","M","?","E"],"build_version":"2019-01-23","purchased_purges":0,"victory":false,"max_hp_per_floor":[77,77,77,77,77,77,77,77,77,77,77,77],"card_choices":[{"not_picked":["Terror","Flechettes"],"picked":"Dodge and Roll","floor":1},{"not_picked":["Reflex","Dodge and Roll"],"picked":"Cloak And Dagger","floor":2},{"not_picked":["Blur","Tactician"],"picked":"Sucker Punch","floor":3},{"not_picked":["Acrobatics","Prepared"],"picked":"Well Laid Plans","floor":5},{"not_picked":["Dodge and Roll","Choke","Tactician"],"picked":"SKIP","floor":7},{"not_picked":["Acrobatics","Distraction"],"picked":"Predator","floor":8},{"not_picked":["Cloak And Dagger","Sucker Punch"],"picked":"Bouncing Flask","floor":10}],"player_experience":286805,"relics_obtained":[{"floor":7,"key":"Lantern"},{"floor":9,"key":"Omamori"}],"event_choices":[{"damage_healed":0,"gold_gain":61,"player_choice":"Gained Gold","damage_taken":0,"max_hp_gain":0,"max_hp_loss":0,"event_name":"Golden Wing","floor":11,"gold_loss":0}],"is_beta":false,"boss_relics":[],"items_purged_floors":[],"is_endless":false,"potions_floor_spawned":[1,3,8,10],"killed_by":"Gremlin Nob","ascension_level":4}