{"gold_per_floor":[111,111,121,136,154,189,189,222,245,255,255,430,430,458,458,562,562,562,113,113,113,33,33,33,33,33,33,33,33,33,33,33,33,33,33,33,33,33,33,33,33,33,33,33,33,33,33,33,33,33],"floor_reached":50,"playtime":7491,"items_purged":["Doubt"],"score":889,"play_id":"248ee30a-2c53-40c8-b6f2-df5a0539c0d5","local_time":"20181109000651","is_ascension_mode":true,"campfire_choices":[{"floor":11,"key":"REST"},{"data":"Footwork","floor":15,"key":"SMITH"},{"data":"Skewer","floor":23,"key":"SMITH"},{"data":"Adrenaline","floor":25,"key":"SMITH"},{"data":"Riddle With Holes","floor":27,"key":"SMITH"},{"floor":32,"key":"REST"},{"floor":41,"key":"REST"},{"data":"Cloak And Dagger","floor":45,"key":"SMITH"},{"floor":49,"key":"REST"}],"neow_cost":"NONE","seed_source_timestamp":259995175859969,"circlet_count":0,"master_deck":["AscendersBane","Defend_G","Defend_G","Defend_G","Defend_G","Strike_G","Strike_G","Strike_G","Strike_G","Survivor","Neutralize","Sucker Punch","Backflip","Prepared","Tactician","Footwork+1","Cloak And Dagger","Footwork+1","Deflect","Adrenaline+1","Acrobatics","Adrenaline","Well Laid Plans","Well Laid Plans","Dagger Throw","Skewer+1","Riddle With Holes+1","Infinite Blades","Writhe","Accuracy+1","Blade Dance","Accuracy","Die Die Die","Cloak And Dagger+1","Footwork+1","Sucker Punch","Acrobatics","Night Terror","Accuracy","Madness","Madness","Cloak And Dagger","Deadly Poison+1","Deflect"],"relics":["Orrery","Regal Pillow","Blood Vial","Art of War","Pen Nib","Dream Catcher","Ectoplasm","Juzu Bracelet","Bag of Marbles","Happy Flower","Bottled Lightning","Ninja Scroll","Philosopher\u0027s Stone","Potion Belt","Gremlin Horn","Mercury Hourglass"],"potions_floor_usage":[8,8,18,40],"damage_taken":[{"damage":3,"enemies":"2 Louse","floor":1,"turns":3},{"damage":7,"enemies":"Jaw Worm","floor":3,"turns":6},{"damage":0,"enemies":"Small Slimes","floor":4,"turns":5},{"damage":0,"enemies":"Blue Slaver","floor":5,"turns":6},{"damage":10,"enemies":"Lagavulin","floor":6,"turns":17},{"damage":22,"enemies":"Gremlin Nob","floor":8,"turns":6},{"damage":1,"enemies":"Large Slime","floor":10,"turns":11},{"damage":1,"enemies":"Lagavulin","floor":14,"turns":13},{"damage":24,"enemies":"The Guardian","floor":16,"turns":27},{"damage":3,"enemies":"Chosen","floor":18,"turns":8},{"damage":11,"enemies":"Spheric Guardian","floor":21,"turns":8},{"damage":5,"enemies":"Slavers","floor":24,"turns":8},{"damage":1,"enemies":"Snecko","floor":28,"turns":5},{"damage":0,"enemies":"Snake Plant","floor":30,"turns":4},{"damage":12,"enemies":"Chosen and Byrds","floor":31,"turns":3},{"damage":56,"enemies":"Automaton","floor":33,"turns":11},{"damage":0,"enemies":"Orb Walker","floor":35,"turns":1},{"damage":10,"enemies":"3 Shapes","floor":39,"turns":5},{"damage":8,"enemies":"Nemesis","floor":40,"turns":7},{"damage":10,"enemies":"Giant Head","floor":42,"turns":6},{"damage":28,"enemies":"Spire Growth","floor":46,"turns":5},{"damage":6,"enemies":"Jaw Worm Horde","floor":47,"turns":3},{"damage":6,"enemies":"4 Shapes","floor":48,"turns":1},{"damage":55,"enemies":"Awakened One","floor":50,"turns":5}],"seed_played":"2686917328748788400","potions_obtained":[{"floor":1,"key":"Strength Potion"},{"floor":5,"key":"SkillPotion"},{"floor":6,"key":"Regen Potion"},{"floor":10,"key":"Ancient Potion"},{"floor":16,"key":"SkillPotion"},{"floor":31,"key":"GhostInAJar"},{"floor":47,"key":"SpeedPotion"},{"floor":48,"key":"Energy Potion"}],"is_trial":false,"path_per_floor":["M","?","M","M","M","E","?","E","T","M","R","?","T","E","R","B",null,"M","$","?","M","$","R","E","R","T","R","M","?","M","M","R","B",null,"M","?","?","?","M","E","R","E","T","?","R","M","M","M","R","B"],"character_chosen":"THE_SILENT","items_purchased":["Well Laid Plans","Juzu Bracelet","Bag of Marbles","Skewer"],"campfire_rested":4,"item_purchase_floors":[19,19,19,22],"current_hp_per_floor":[60,60,53,53,53,43,36,28,28,29,65,65,65,66,66,44,64,63,63,63,54,54,54,51,51,51,51,52,52,54,44,70,14,56,58,58,58,58,50,44,70,60,60,51,51,25,21,17,53,0],"gold":33,"neow_bonus":"BOSS_RELIC","is_prod":false,"is_daily":false,"chose_seed":false,"campfire_upgraded":5,"win_rate":0,"timestamp":1541740011,"path_taken":["M","?","M","M","M","E","?","E","T","M","R","?","?","E","R","BOSS","M","$","?","M","$","R","E","R","T","R","M","?","M","M","R","BOSS","M","?","?","?","M","E","R","E","T","?","R","M","M","M","R","BOSS"],"build_version":"2018-11-08","purchased_purges":1,"victory":false,"max_hp_per_floor":[70,70,70,70,70,70,70,70,70,70,70,70,70,70,70,70,70,70,70,70,70,70,70,70,70,70,70,70,70,70,70,70,70,70,70,70,70,70,70,70,70,70,70,70,70,70,70,70,70,70],"card_choices":[{"not_picked":["Infinite Blades","Flying Knee"],"picked":"Dash","floor":0},{"not_picked":["Blade Dance","Deflect"],"picked":"Sucker Punch","floor":0},{"not_picked":["Blur","Dodge and Roll"],"picked":"Backflip","floor":0},{"not_picked":["PiercingWail","Sucker Punch"],"picked":"Prepared","floor":0},{"not_picked":["All Out Attack","Slice"],"picked":"Tactician","floor":0},{"not_picked":["Dagger Throw","Deadly Poison"],"picked":"Footwork","floor":1},{"not_picked":["Bane","Prepared"],"picked":"Cloak And Dagger","floor":3},{"not_picked":["Tactician","Dash"],"picked":"Footwork","floor":4},{"not_picked":["Prepared","Finisher"],"picked":"Deflect","floor":5},{"not_picked":["Acrobatics","Escape Plan"],"picked":"Adrenaline","floor":6},{"not_picked":["Choke","Finisher"],"picked":"Acrobatics","floor":8},{"not_picked":["Underhanded Strike","Bane","Slice"],"picked":"SKIP","floor":10},{"not_picked":["Blade Dance","Quick Slash","Underhanded Strike"],"picked":"SKIP","floor":14},{"not_picked":["Phantasmal Killer","Tools of the Trade"],"picked":"Adrenaline","floor":16},{"not_picked":["Dagger Spray","Escape Plan"],"picked":"Well Laid Plans","floor":18},{"not_picked":["Prepared","Outmaneuver"],"picked":"Dagger Throw","floor":21},{"not_picked":["Crippling Poison","Caltrops"],"picked":"Riddle With Holes","floor":24},{"not_picked":["Poisoned Stab","Underhanded Strike"],"picked":"Infinite Blades","floor":28},{"not_picked":["Quick Slash","Outmaneuver"],"picked":"Accuracy+1","floor":30},{"not_picked":["Venomology","Underhanded Strike"],"picked":"Blade Dance","floor":31},{"not_picked":["Dodge and Roll","Choke"],"picked":"Accuracy","floor":32},{"not_picked":["Wraith Form v2","Night Terror"],"picked":"Die Die Die","floor":33},{"not_picked":["Outmaneuver","Riddle With Holes"],"picked":"Cloak And Dagger","floor":35},{"not_picked":["Prepared","Distraction"],"picked":"Acrobatics","floor":39},{"not_picked":["Phantasmal Killer","Dagger Throw"],"picked":"Night Terror","floor":40},{"not_picked":["Concentrate","Underhanded Strike"],"picked":"Accuracy","floor":42},{"not_picked":["Predator","Caltrops","Dagger Spray"],"picked":"SKIP","floor":46},{"not_picked":["Slice","Quick Slash"],"picked":"Cloak And Dagger","floor":47},{"not_picked":["Endless Agony","Sucker Punch"],"picked":"Deadly Poison+1","floor":48},{"not_picked":["Endless Agony","Poisoned Stab"],"picked":"Deflect","floor":49}],"player_experience":727826,"relics_obtained":[{"floor":6,"key":"Regal Pillow"},{"floor":8,"key":"Blood Vial"},{"floor":9,"key":"Art of War"},{"floor":13,"key":"Pen Nib"},{"floor":14,"key":"Dream Catcher"},{"floor":24,"key":"Happy Flower"},{"floor":26,"key":"Bottled Lightning"},{"floor":40,"key":"Potion Belt"},{"floor":42,"key":"Gremlin Horn"},{"floor":43,"key":"Mercury Hourglass"}],"event_choices":[{"damage_healed":0,"gold_gain":0,"player_choice":"Grow","damage_taken":0,"max_hp_gain":0,"max_hp_loss":0,"event_name":"Living Wall","floor":2,"gold_loss":0,"cards_upgraded":["Footwork"]},{"cards_removed":["Defend_G"],"damage_healed":0,"gold_gain":0,"player_choice":"Card Removal","damage_taken":7,"max_hp_gain":0,"max_hp_loss":0,"event_name":"Golden Wing","floor":7,"gold_loss":0},{"damage_healed":0,"gold_gain":175,"player_choice":"AGREE","damage_taken":0,"max_hp_gain":0,"max_hp_loss":0,"event_name":"Liars Game","floor":12,"gold_loss":0,"cards_obtained":["Doubt"]},{"damage_healed":0,"gold_gain":0,"player_choice":"Ignored","damage_taken":0,"max_hp_gain":0,"max_hp_loss":0,"event_name":"N\u0027loth","floor":20,"gold_loss":0},{"damage_healed":0,"gold_gain":0,"player_choice":"Opened","damage_taken":0,"relics_obtained":["Ninja Scroll"],"max_hp_gain":0,"max_hp_loss":0,"event_name":"The Mausoleum","floor":29,"gold_loss":0,"cards_obtained":["Writhe"]},{"cards_removed":["Dash"],"damage_healed":0,"gold_gain":0,"player_choice":"Removed Attack","damage_taken":0,"max_hp_gain":0,"max_hp_loss":0,"event_name":"Falling","floor":36,"gold_loss":0},{"damage_healed":0,"gold_gain":0,"player_choice":"Copied","damage_taken":0,"max_hp_gain":0,"max_hp_loss":0,"event_name":"Duplicator","floor":37,"gold_loss":0,"cards_obtained":["Footwork"]},{"damage_healed":0,"gold_gain":0,"cards_transformed":["Strike_G"],"player_choice":"Transformed","damage_taken":0,"max_hp_gain":0,"max_hp_loss":0,"event_name":"Transmorgrifier","floor":38,"gold_loss":0,"cards_obtained":["Sucker Punch"]},{"damage_healed":0,"gold_gain":0,"player_choice":"Embrace Madness","damage_taken":9,"max_hp_gain":0,"max_hp_loss":0,"event_name":"Winding Halls","floor":44,"gold_loss":0,"cards_obtained":["Madness","Madness"]}],"is_beta":false,"boss_relics":[{"not_picked":["HoveringKite","Fusion Hammer"],"picked":"Ectoplasm"},{"not_picked":["Snecko Eye","Empty Cage"],"picked":"Philosopher\u0027s Stone"}],"items_purged_floors":[19],"is_endless":false,"potions_floor_spawned":[1,5,6,10,16,31,35,39,47,48],"killed_by":"Awakened One","ascension_level":12}