{"gold_per_floor":[112,129,149,149,159,186,186,197,197,12,12,24,49,14,14,113,113,131,78,78,78,94,94,123,123],"floor_reached":25,"playtime":942,"items_purged":[],"score":312,"play_id":"b7c86b9a-09d1-42d6-a296-9a8df2007b63","local_time":"20190203005200","is_ascension_mode":true,"campfire_choices":[{"data":"Sweeping Beam","floor":7,"key":"SMITH"},{"floor":11,"key":"REST"},{"data":"Streamline","floor":15,"key":"SMITH"},{"data":"Biased Cognition","floor":23,"key":"SMITH"}],"neow_cost":"NONE","seed_source_timestamp":1403040568392042,"circlet_count":0,"master_deck":["Strike_B","Strike_B","Strike_B","Defend_B","Defend_B","Defend_B","Defend_B","Zap+1","Dualcast","Streamline+1","Sweeping Beam+1","Go for the Eyes","Core Surge","Coolheaded","Loop","Biased Cognition+1","Electrodynamics","Leap","Necronomicurse","Chill+1"],"relics":["Cracked Core","Pen Nib","Pear","Centennial Puzzle","Sundial","Velvet Choker","Necronomicon","Meat on the Bone"],"potions_floor_usage":[6,6,22,22,24,25],"damage_taken":[{"damage":1,"enemies":"Cultist","floor":1,"turns":3},{"damage":0,"enemies":"2 Louse","floor":2,"turns":2},{"damage":10,"enemies":"Small Slimes","floor":3,"turns":3},{"damage":12,"enemies":"Exordium Wildlife","floor":5,"turns":3},{"damage":24,"enemies":"Lagavulin","floor":6,"turns":8},{"damage":3,"enemies":"Looter","floor":8,"turns":2},{"damage":0,"enemies":"Large Slime","floor":12,"turns":4},{"damage":14,"enemies":"Gremlin Nob","floor":13,"turns":3},{"damage":36,"enemies":"The Guardian","floor":16,"turns":12},{"damage":2,"enemies":"Chosen","floor":18,"turns":3},{"damage":2,"enemies":"Shell Parasite","floor":22,"turns":3},{"damage":46,"enemies":"Book of Stabbing","floor":24,"turns":6},{"damage":4,"enemies":"Snecko","floor":25,"turns":3}],"seed_played":"-562807136257991076","potions_obtained":[{"floor":2,"key":"SkillPotion"},{"floor":5,"key":"AttackPotion"},{"floor":6,"key":"SpeedPotion"},{"floor":12,"key":"EssenceOfSteel"},{"floor":13,"key":"Poison Potion"},{"floor":24,"key":"Weak Potion"}],"is_trial":false,"path_per_floor":["M","M","M","?","M","E","R","M","T","$","R","M","E","?","R","B",null,"M","$","?","?","M","R","E","M"],"character_chosen":"DEFECT","items_purchased":["Loop","Centennial Puzzle","Leap"],"campfire_rested":1,"item_purchase_floors":[10,10,19],"current_hp_per_floor":[67,67,57,57,45,21,21,18,28,28,53,53,39,60,60,24,70,68,68,68,52,50,50,4,0],"gold":123,"neow_bonus":"UPGRADE_CARD","is_prod":false,"is_daily":false,"chose_seed":false,"campfire_upgraded":3,"win_rate":0,"timestamp":1549183920,"path_taken":["M","?","M","?","M","E","R","M","T","$","R","?","E","?","R","BOSS","M","$","?","?","M","R","E","M"],"build_version":"2019-01-23","purchased_purges":0,"victory":false,"max_hp_per_floor":[75,75,75,75,75,75,75,75,85,85,85,85,85,85,85,85,85,85,85,85,85,85,85,85,85],"card_choices":[{"not_picked":["Hologram","BootSequence","Stack"],"picked":"SKIP","floor":1},{"not_picked":["Reinforced Body","Coolheaded"],"picked":"Streamline","floor":2},{"not_picked":["Turbo","Conserve Battery"],"picked":"Sweeping Beam","floor":3},{"not_picked":["Barrage","Streamline"],"picked":"Go for the Eyes","floor":5},{"not_picked":["Rebound","Redo"],"picked":"Core Surge","floor":6},{"not_picked":["Leap","Static Discharge"],"picked":"Coolheaded","floor":8},{"not_picked":["Stack","Beam Cell","Double Energy"],"picked":"SKIP","floor":12},{"not_picked":["Gash","Cold Snap"],"picked":"Biased Cognition","floor":13},{"not_picked":["Reboot","Thunder Strike"],"picked":"Electrodynamics","floor":16},{"not_picked":["Skim","Beam Cell+1","Stack+1"],"picked":"SKIP","floor":18},{"not_picked":["Lockon","Gash+1"],"picked":"Chill+1","floor":22},{"not_picked":["Redo","Turbo","Go for the Eyes+1"],"picked":"SKIP","floor":24}],"player_experience":309476,"relics_obtained":[{"floor":6,"key":"Pen Nib"},{"floor":9,"key":"Pear"},{"floor":13,"key":"Sundial"},{"floor":21,"key":"Necronomicon"},{"floor":24,"key":"Meat on the Bone"}],"event_choices":[{"cards_removed":["Strike_B"],"damage_healed":0,"gold_gain":0,"player_choice":"Purged","damage_taken":0,"max_hp_gain":0,"max_hp_loss":0,"event_name":"Purifier","floor":4,"gold_loss":0},{"damage_healed":21,"gold_gain":0,"player_choice":"Healed","damage_taken":0,"max_hp_gain":0,"max_hp_loss":0,"event_name":"The Cleric","floor":14,"gold_loss":35},{"damage_healed":0,"gold_gain":0,"player_choice":"Ignored","damage_taken":0,"max_hp_gain":0,"max_hp_loss":0,"event_name":"Ghosts","floor":20,"gold_loss":0},{"damage_healed":0,"gold_gain":0,"player_choice":"Obtained Book","damage_taken":16,"max_hp_gain":0,"max_hp_loss":0,"event_name":"Cursed Tome","floor":21,"gold_loss":0}],"is_beta":false,"boss_relics":[{"not_picked":["Empty Cage","FrozenCore"],"picked":"Velvet Choker"}],"items_purged_floors":[],"is_endless":false,"potions_floor_spawned":[2,5,6,12,13,24],"killed_by":"Snecko","ascension_level":7}