{"gold_per_floor":[117,43,43,56,36,64,64,96,149,165,184,197,44,71,71,148,148,165,179,197,207,227,227,260,260,331,49,49,49,59,93,93,170,170,187,187,200,218,235,235,235,235,235,49,67,78,78,78],"floor_reached":48,"playtime":2130,"items_purged":["Strike_G","Pain"],"score":1138,"play_id":"47571919-0e32-4d63-8e5b-b8b922492b63","local_time":"20190212055924","is_ascension_mode":true,"campfire_choices":[{"floor":7.0,"key":"REST"},{"data":"Deadly Poison","floor":15.0,"key":"SMITH"},{"floor":23.0,"key":"REST"},{"floor":25.0,"key":"REST"},{"data":"Crippling Poison","floor":28.0,"key":"SMITH"},{"data":"Noxious Fumes","floor":32.0,"key":"SMITH"},{"floor":40.0,"key":"REST"},{"floor":42.0,"key":"REST"}],"neow_cost":"NONE","seed_source_timestamp":2769108712144607,"circlet_count":0,"master_deck":["AscendersBane","Defend_G+1","Defend_G+1","Defend_G+1","Defend_G+1","Defend_G+1","Strike_G+1","Strike_G+1","Strike_G+1","Strike_G+1","Survivor","Neutralize","Footwork","Well Laid Plans","Deadly Poison+1","Poisoned Stab","Deadly Poison","Backstab","Cloak And Dagger","Backflip","Die Die Die","Calculated Gamble","Malaise","Crippling Poison+1","Acrobatics+1","Footwork","Bane","Backflip","Burst","Footwork","Noxious Fumes+1","Night Terror","Footwork","Catalyst","Dodge and Roll+1","Well Laid Plans","Leg Sweep+1"],"special_seed":0,"relics":["Ring of the Serpent","NeowsBlessing","Regal Pillow","Dream Catcher","Pen Nib","Bag of Marbles","Tingsha","Velvet Choker","Bottled Flame","Ninja Scroll","Shuriken","Boot","WarpedTongs","Gremlin Horn"],"potions_floor_usage":[48],"damage_taken":[{"damage":0.0,"enemies":"Jaw Worm","floor":1.0,"turns":1.0},{"damage":0.0,"enemies":"Small Slimes","floor":4.0,"turns":1.0},{"damage":0.0,"enemies":"Gremlin Nob","floor":6.0,"turns":1.0},{"damage":6.0,"enemies":"Lagavulin","floor":8.0,"turns":6.0},{"damage":6.0,"enemies":"Cultist","floor":10.0,"turns":3.0},{"damage":3.0,"enemies":"Red Slaver","floor":11.0,"turns":3.0},{"damage":5.0,"enemies":"Gremlin Gang","floor":12.0,"turns":4.0},{"damage":0.0,"enemies":"Gremlin Nob","floor":14.0,"turns":2.0},{"damage":14.0,"enemies":"Hexaghost","floor":16.0,"turns":10.0},{"damage":17.0,"enemies":"Spheric Guardian","floor":18.0,"turns":4.0},{"damage":12.0,"enemies":"Chosen","floor":19.0,"turns":4.0},{"damage":15.0,"enemies":"Shelled Parasite and Fungi","floor":20.0,"turns":7.0},{"damage":0.0,"enemies":"Chosen and Byrds","floor":21.0,"turns":6.0},{"damage":9.0,"enemies":"Centurion and Healer","floor":22.0,"turns":9.0},{"damage":12.0,"enemies":"Book of Stabbing","floor":24.0,"turns":7.0},{"damage":0.0,"enemies":"Snake Plant","floor":30.0,"turns":6.0},{"damage":19.0,"enemies":"Gremlin Leader","floor":31.0,"turns":4.0},{"damage":13.0,"enemies":"Automaton","floor":33.0,"turns":12.0},{"damage":16.0,"enemies":"Orb Walker","floor":35.0,"turns":5.0},{"damage":0.0,"enemies":"3 Darklings","floor":37.0,"turns":5.0},{"damage":14.0,"enemies":"Transient","floor":38.0,"turns":6.0},{"damage":23.0,"enemies":"Maw","floor":39.0,"turns":7.0},{"damage":18.0,"enemies":"Writhing Mass","floor":45.0,"turns":7.0},{"damage":0,"enemies":"3 Darklings","floor":46,"turns":2},{"damage":52,"enemies":"Reptomancer","floor":48,"turns":4}],"seed_played":"6135675045939968350","potions_obtained":[{"floor":1.0,"key":"SteroidPotion"},{"floor":5.0,"key":"Weak Potion"},{"floor":8.0,"key":"Dexterity Potion"},{"floor":12.0,"key":"Dexterity Potion"},{"floor":18.0,"key":"Block Potion"},{"floor":24.0,"key":"SteroidPotion"},{"floor":31.0,"key":"Swift Potion"},{"floor":33.0,"key":"FearPotion"},{"floor":39.0,"key":"Block Potion"}],"is_trial":false,"path_per_floor":["M","$","?","M","?","E","R","E","T","M","M","M","$","E","R","B",null,"M","M","M","M","M","R","E","R","T","$","R","?","M","E","R","B",null,"M","?","M","M","M","R","?","R","T","$","M","M","$","E"],"character_chosen":"THE_SILENT","items_purchased":["Well Laid Plans","Die Die Die","Shuriken","Well Laid Plans"],"campfire_rested":5,"item_purchase_floors":[2,13,27,44],"current_hp_per_floor":[59,59,33,33,33,33,66,60,60,54,51,46,46,46,46,32,58,41,29,14,14,5,39,27,61,61,61,61,61,61,42,42,29,57,41,41,41,27,4,38,38,66,66,66,48,48,48,0],"gold":78,"neow_bonus":"THREE_ENEMY_KILL","is_prod":false,"is_daily":false,"chose_seed":false,"campfire_upgraded":3,"win_rate":0,"timestamp":1549947564,"path_taken":["M","$","?","M","?","E","R","E","T","?","M","M","?","E","R","BOSS","M","?","M","M","M","R","E","R","T","$","R","?","M","E","R","BOSS","M","?","M","M","M","R","?","R","T","$","M","?","$","E"],"build_version":"2019-02-06","purchased_purges":2,"victory":false,"max_hp_per_floor":[66,66,66,66,66,66,66,66,66,66,66,66,66,66,66,66,66,66,66,66,66,66,66,66,66,66,66,66,66,66,66,66,66,66,66,66,66,66,66,66,66,66,66,66,66,66,66,66],"card_choices":[{"not_picked":["Tactician","Slice"],"picked":"Footwork","floor":1.0},{"not_picked":["Bane","Distraction","PiercingWail"],"picked":"SKIP","floor":4.0},{"not_picked":["Backflip","Slice"],"picked":"Deadly Poison","floor":6.0},{"not_picked":["Backflip","Dodge and Roll"],"picked":"Poisoned Stab","floor":7.0},{"not_picked":["Slice","Eviscerate"],"picked":"Deadly Poison","floor":8.0},{"not_picked":["Quick Slash","Leg Sweep"],"picked":"Backstab","floor":10.0},{"not_picked":["Acrobatics","Well Laid Plans"],"picked":"Cloak And Dagger","floor":11.0},{"not_picked":["Distraction","Endless Agony"],"picked":"Backflip","floor":12.0},{"not_picked":["Infinite Blades","Masterful Stab"],"picked":"Calculated Gamble","floor":14.0},{"not_picked":["Storm of Steel","Night Terror"],"picked":"Malaise","floor":16.0},{"not_picked":["Flechettes","Masterful Stab+1","Calculated Gamble+1"],"picked":"SKIP","floor":18.0},{"not_picked":["Dodge and Roll","Backflip"],"picked":"Crippling Poison","floor":19.0},{"not_picked":["Deadly Poison+1","Blade Dance+1"],"picked":"Acrobatics+1","floor":20.0},{"not_picked":["Slice","Skewer"],"picked":"Footwork","floor":21.0},{"not_picked":["Cloak And Dagger","Blade Dance+1"],"picked":"Bane","floor":22.0},{"not_picked":["Escape Plan","Acrobatics"],"picked":"Backflip","floor":23.0},{"not_picked":["Dagger Throw","Blur+1"],"picked":"Burst","floor":24.0},{"not_picked":["PiercingWail","Dagger Throw+1"],"picked":"Footwork","floor":25.0},{"not_picked":["Dagger Spray","Blade Dance","Dagger Throw"],"picked":"SKIP","floor":30.0},{"not_picked":["Crippling Poison","Dagger Throw"],"picked":"Noxious Fumes","floor":31.0},{"not_picked":["Grand Finale","After Image"],"picked":"Night Terror","floor":33.0},{"not_picked":["Dagger Throw+1","Crippling Poison"],"picked":"Footwork","floor":35.0},{"not_picked":["Crippling Poison+1","Acrobatics"],"picked":"Catalyst","floor":37.0},{"not_picked":["Dagger Throw","Deflect","Sucker Punch"],"picked":"SKIP","floor":38.0},{"not_picked":["Deflect","Cloak And Dagger","Dash"],"picked":"SKIP","floor":39.0},{"not_picked":["Deadly Poison","Sucker Punch+1"],"picked":"Dodge and Roll+1","floor":40.0},{"not_picked":["Skewer+1","Burst"],"picked":"Leg Sweep+1","floor":45.0},{"not_picked":["Finisher","All Out Attack+1","Choke+1"],"picked":"SKIP","floor":46}],"player_experience":2969557,"relics_obtained":[{"floor":6.0,"key":"Dream Catcher"},{"floor":8.0,"key":"Pen Nib"},{"floor":9.0,"key":"Bag of Marbles"},{"floor":14.0,"key":"Tingsha"},{"floor":24.0,"key":"Bottled Flame"},{"floor":26.0,"key":"Ninja Scroll"},{"floor":31.0,"key":"Boot"},{"floor":43.0,"key":"Gremlin Horn"}],"event_choices":[{"damage_healed":0.0,"max_hp_gain":0.0,"max_hp_loss":0.0,"gold_gain":0.0,"event_name":"Scrap Ooze","player_choice":"Success","floor":3.0,"gold_loss":0.0,"damage_taken":26.0,"relics_obtained":["Regal Pillow"]},{"damage_healed":0.0,"max_hp_gain":0.0,"max_hp_loss":0.0,"gold_gain":0.0,"event_name":"The Woman in Blue","player_choice":"Bought 1 Potion","floor":5.0,"gold_loss":0.0,"damage_taken":0.0},{"damage_healed":0.0,"max_hp_gain":0.0,"max_hp_loss":0.0,"gold_gain":0.0,"event_name":"Back to Basics","player_choice":"Simplicity","floor":29.0,"gold_loss":0.0,"damage_taken":0.0,"cards_upgraded":["Defend_G","Defend_G","Defend_G","Defend_G","Defend_G","Strike_G","Strike_G","Strike_G","Strike_G"]},{"damage_healed":0.0,"max_hp_gain":0.0,"max_hp_loss":0.0,"gold_gain":0.0,"event_name":"SensoryStone","player_choice":"Memory 1","floor":36.0,"gold_loss":0.0,"damage_taken":0.0},{"damage_healed":0.0,"max_hp_gain":0.0,"max_hp_loss":0.0,"gold_gain":0.0,"event_name":"Accursed Blacksmith","player_choice":"Rummage","floor":41.0,"gold_loss":0.0,"damage_taken":0.0,"relics_obtained":["WarpedTongs"],"cards_obtained":["Pain"]}],"is_beta":true,"boss_relics":[{"not_picked":["Astrolabe","Philosopher\u0027s Stone"],"picked":"Velvet Choker"},{"not_picked":["HoveringKite","WristBlade"],"picked":"Ring of the Serpent"}],"items_purged_floors":[13,44],"is_endless":false,"potions_floor_spawned":[1,8,12,16,18,24,31,33,39,45],"killed_by":"Reptomancer","ascension_level":20}