{"gold_per_floor":[117,117,127,139,214,214,240,258,258,208,208,223,398,414,414,509,509,519,444,461,461,38,38,72,72],"floor_reached":25,"playtime":1571,"items_purged":[],"score":254,"play_id":"5ae4c704-9f1c-43f8-a9a7-e9ab6db9b26d","local_time":"20180907154938","is_ascension_mode":true,"campfire_choices":[{"floor":6.0,"key":"REST"},{"floor":11.0,"key":"REST"},{"floor":15.0,"key":"REST"},{"floor":23,"key":"REST"}],"neow_cost":"TEN_PERCENT_HP_LOSS","seed_source_timestamp":194251679398200,"circlet_count":0,"master_deck":["Strike_B","Strike_B","Defend_B","Defend_B","Defend_B","Zap","Dualcast","Turbo","Rebound","Static Discharge","Thunder Strike","Zap","Hologram","Go for the Eyes","Conserve Battery","Amplify","Conserve Battery","Seek","Buffer","Force Field","Redo","Violence","Coolheaded","Hello World","Steam+1"],"special_seed":0,"relics":["Cracked Core","Happy Flower","Fusion Hammer","Nloth\u0027s Gift","Tiny Chest","Question Card"],"potions_floor_usage":[16,25,25],"damage_taken":[{"damage":1.0,"enemies":"Cultist","floor":1.0,"turns":3.0},{"damage":7.0,"enemies":"Jaw Worm","floor":3.0,"turns":2.0},{"damage":0.0,"enemies":"Small Slimes","floor":4.0,"turns":2.0},{"damage":35.0,"enemies":"3 Sentries","floor":7.0,"turns":5.0},{"damage":2.0,"enemies":"2 Fungi Beasts","floor":8.0,"turns":4.0},{"damage":16.0,"enemies":"3 Louse","floor":12.0,"turns":3.0},{"damage":2.0,"enemies":"Large Slime","floor":14.0,"turns":5.0},{"damage":31,"enemies":"The Guardian","floor":16,"turns":9},{"damage":22,"enemies":"Chosen","floor":18,"turns":5},{"damage":15,"enemies":"3 Byrds","floor":20,"turns":3},{"damage":33,"enemies":"Book of Stabbing","floor":24,"turns":6},{"damage":21,"enemies":"Shelled Parasite and Fungi","floor":25,"turns":5}],"seed_played":"2648461062830132846","potions_obtained":[{"floor":1.0,"key":"FearPotion"},{"floor":7.0,"key":"PowerPotion"},{"floor":8.0,"key":"GamblersBrew"},{"floor":18,"key":"SteroidPotion"},{"floor":20,"key":"FocusPotion"}],"is_trial":false,"path_per_floor":["M","?","M","M","?","R","E","M","T","?","R","M","?","M","R","B",null,"M","?","M","?","$","R","E"],"character_chosen":"DEFECT","items_purchased":["Tiny Chest","Violence","Coolheaded","Hello World"],"campfire_rested":4,"item_purchase_floors":[22,22,22,22],"current_hp_per_floor":[67,67,60,60,49,68,33,31,31,31,51,35,35,33,53,22,68,46,46,31,31,31,51,18,0],"gold":72,"neow_bonus":"TRANSFORM_TWO_CARDS","is_prod":false,"is_daily":false,"chose_seed":false,"campfire_upgraded":0,"win_rate":0,"timestamp":1536349778,"path_taken":["M","?","M","M","?","R","E","M","T","?","R","?","?","M","R","BOSS","M","?","M","?","$","R","E","M"],"build_version":"2018-09-06","purchased_purges":0,"victory":false,"max_hp_per_floor":[68,68,68,68,68,68,68,68,68,68,68,68,68,68,68,68,68,68,68,68,68,68,68,68,68],"card_choices":[{"not_picked":["Melter","Hologram"],"picked":"Static Discharge","floor":1.0},{"not_picked":["Turbo","Gash"],"picked":"Hologram","floor":3.0},{"not_picked":["Compile Driver","Double Energy"],"picked":"Go for the Eyes","floor":4.0},{"not_picked":["Stack","Compile Driver"],"picked":"Conserve Battery","floor":7.0},{"not_picked":["Beam Cell","Go for the Eyes"],"picked":"Amplify","floor":8.0},{"not_picked":["Chaos","Ball Lightning"],"picked":"Conserve Battery","floor":12.0},{"not_picked":["Coolheaded","Beam Cell"],"picked":"Seek","floor":14.0},{"not_picked":["Seek","Biased Cognition"],"picked":"Buffer","floor":16},{"not_picked":["Loop","Recycle"],"picked":"Force Field","floor":18},{"not_picked":["Auto Shields","Reprogram"],"picked":"Redo","floor":20},{"not_picked":["Conserve Battery","Machine Learning"],"picked":"Steam+1","floor":24}],"player_experience":306716,"relics_obtained":[{"floor":7.0,"key":"Orichalcum"},{"floor":9.0,"key":"Happy Flower"},{"floor":24,"key":"Question Card"}],"event_choices":[{"event_name":"Match and Keep!","player_choice":"2 cards matched","floor":2.0,"damage_taken":0.0},{"event_name":"World of Goop","player_choice":"Gather Gold","floor":5.0,"damage_taken":0.0},{"event_name":"The Cleric","player_choice":"Card Removal","floor":10.0,"damage_taken":0.0},{"event_name":"Liars Game","player_choice":"agreed","floor":13.0,"damage_taken":0.0},{"event_name":"Beggar","player_choice":"Gave Gold","floor":19,"damage_taken":0},{"event_name":"N\u0027loth","player_choice":"Traded a Orichalcum","floor":21,"damage_taken":0}],"is_beta":false,"boss_relics":[{"not_picked":["Pandora\u0027s Box","Runic Pyramid"],"picked":"Fusion Hammer"}],"items_purged_floors":[],"is_endless":false,"potions_floor_spawned":[1,7,8,12,18,20],"killed_by":"Shelled Parasite and Fungi","ascension_level":3}