{"gold_per_floor":[130,152,184,216,193,239,267,279,291,314,326,338,350,381,393,503,515,545,573,585],"floor_reached":20,"playtime":1074,"items_purged":[],"score":178,"play_id":"8d173ad7-896b-4719-9032-554efce56a8a","local_time":"20190105193541","is_ascension_mode":false,"campfire_choices":[{"floor":11,"key":"REST"},{"data":"Zap","floor":13,"key":"SMITH"},{"data":"Darkness","floor":15,"key":"SMITH"}],"neow_cost":"NONE","seed_source_timestamp":1385839244543251,"circlet_count":0,"master_deck":["Strike_B","Strike_B","Strike_B","Strike_B","Defend_B","Defend_B","Defend_B","Defend_B","Zap+1","Dualcast","Melter","Coolheaded","Capacitor","Parasite","Chaos","Darkness+1","Seek","Sweeping Beam"],"relics":["Cracked Core","MawBank","Bronze Scales","The Courier","Philosopher\u0027s Stone"],"potions_floor_usage":[6,16,16,18],"damage_taken":[{"damage":8,"enemies":"Small Slimes","floor":1,"turns":3},{"damage":0,"enemies":"2 Louse","floor":2,"turns":2},{"damage":0,"enemies":"Cultist","floor":3,"turns":3},{"damage":11,"enemies":"Looter","floor":4,"turns":4},{"damage":31,"enemies":"3 Sentries","floor":6,"turns":9},{"damage":8,"enemies":"Large Slime","floor":7,"turns":7},{"damage":22,"enemies":"Lots of Slimes","floor":10,"turns":4},{"damage":7,"enemies":"2 Fungi Beasts","floor":14,"turns":4},{"damage":26,"enemies":"The Guardian","floor":16,"turns":8},{"damage":23,"enemies":"3 Byrds","floor":18,"turns":3},{"damage":13,"enemies":"Chosen","floor":19,"turns":5},{"damage":39,"enemies":"Centurion and Healer","floor":20,"turns":6}],"seed_played":"-6142000355612098107","potions_obtained":[{"floor":1,"key":"Dexterity Potion"},{"floor":2,"key":"PowerPotion"},{"floor":4,"key":"AttackPotion"},{"floor":7,"key":"Regen Potion"}],"is_trial":false,"path_per_floor":["M","M","M","M","?","E","M","?","T","M","R","?","R","M","R","B",null,"M","M","M"],"character_chosen":"DEFECT","items_purchased":[],"campfire_rested":1,"item_purchase_floors":[],"current_hp_per_floor":[67,67,67,56,56,25,17,35,35,13,35,60,60,53,53,42,75,52,39,0],"gold":585,"neow_bonus":"RANDOM_COMMON_RELIC","is_prod":false,"is_daily":false,"chose_seed":false,"campfire_upgraded":2,"win_rate":0.0,"timestamp":1546745741,"path_taken":["M","M","M","M","?","E","M","?","T","M","R","?","R","M","R","BOSS","M","M","M"],"build_version":"2019-01-03v4","purchased_purges":0,"victory":false,"max_hp_per_floor":[75,75,75,75,75,75,75,75,75,75,75,75,75,75,75,75,75,75,75,75],"card_choices":[{"not_picked":["Self Repair","Streamline"],"picked":"Melter","floor":1},{"not_picked":["Double Energy","Aggregate","Stack"],"picked":"SKIP","floor":2},{"not_picked":["Rebound","Reprogram"],"picked":"Coolheaded","floor":3},{"not_picked":["Scrape","All For One","Rebound"],"picked":"SKIP","floor":4},{"not_picked":["White Noise","Reboot"],"picked":"Capacitor","floor":6},{"not_picked":["Steam","Compile Driver"],"picked":"Chaos","floor":10},{"not_picked":["Barrage","White Noise"],"picked":"Darkness","floor":14},{"not_picked":["Biased Cognition","Fission"],"picked":"Seek","floor":16},{"not_picked":["Streamline+1","Capacitor"],"picked":"Sweeping Beam","floor":18},{"not_picked":["Tempest","Force Field","Gash+1"],"picked":"SKIP","floor":19}],"player_experience":82227,"relics_obtained":[{"floor":6,"key":"Bronze Scales"},{"floor":9,"key":"The Courier"}],"event_choices":[{"damage_healed":0,"gold_gain":0,"player_choice":"Left Gold","damage_taken":0,"max_hp_gain":0,"max_hp_loss":0,"event_name":"World of Goop","floor":5,"gold_loss":35},{"damage_healed":18,"gold_gain":0,"player_choice":"Healed and dodged fight","damage_taken":0,"max_hp_gain":0,"max_hp_loss":0,"event_name":"Mushrooms","floor":8,"gold_loss":0,"cards_obtained":["Parasite"]},{"damage_healed":25,"gold_gain":0,"player_choice":"Banana","damage_taken":0,"max_hp_gain":0,"max_hp_loss":0,"event_name":"Big Fish","floor":12,"gold_loss":0}],"is_beta":false,"boss_relics":[{"not_picked":["Empty Cage","Sozu"],"picked":"Philosopher\u0027s Stone"}],"items_purged_floors":[],"is_endless":false,"potions_floor_spawned":[1,2,4,7],"killed_by":"Centurion and Healer","ascension_level":0}