{"gold_per_floor":[113,126,146,146,146,146,172,172,172,198,498,518,518,538,538,637,637,647,663,677,677],"floor_reached":21,"playtime":1857,"items_purged":[],"score":306,"play_id":"9b2c5960-6856-40dc-a155-243ff62439b2","local_time":"20181105213819","is_ascension_mode":true,"campfire_choices":[{"data":"Demon Form","floor":6,"key":"SMITH"},{"floor":8,"key":"REST"},{"floor":13,"key":"REST"},{"floor":15,"key":"REST"}],"neow_cost":"TEN_PERCENT_HP_LOSS","seed_source_timestamp":259590527100086,"circlet_count":0,"master_deck":["AscendersBane","Strike_R","Strike_R","Strike_R","Strike_R","Defend_R","Defend_R","Defend_R","Defend_R","Bash","Demon Form+1","Armaments","Headbutt","Fiend Fire","Perfected Strike+1","Headbutt+1","Inflame","Iron Wave+1","Limit Break","Warcry","Iron Wave+1"],"relics":["Burning Blood","Molten Egg 2","Ancient Tea Set","Ornamental Fan","Incense Burner","Old Coin","Busted Crown"],"potions_floor_usage":[],"damage_taken":[{"damage":3,"enemies":"Jaw Worm","floor":1,"turns":6},{"damage":14,"enemies":"2 Louse","floor":2,"turns":4},{"damage":1,"enemies":"Cultist","floor":3,"turns":4},{"damage":22,"enemies":"Lagavulin","floor":7,"turns":6},{"damage":25,"enemies":"3 Sentries","floor":10,"turns":8},{"damage":25,"enemies":"Gremlin Gang","floor":12,"turns":5},{"damage":16,"enemies":"Large Slime","floor":14,"turns":5},{"damage":22,"enemies":"Slime Boss","floor":16,"turns":10},{"damage":33,"enemies":"2 Thieves","floor":18,"turns":5},{"damage":17,"enemies":"Shell Parasite","floor":19,"turns":6},{"damage":12,"enemies":"Centurion and Healer","floor":20,"turns":6},{"damage":26,"enemies":"Shelled Parasite and Fungi","floor":21,"turns":4}],"seed_played":"-409537246866795811","potions_obtained":[{"floor":2,"key":"LiquidBronze"},{"floor":3,"key":"GamblersBrew"},{"floor":7,"key":"FearPotion"},{"floor":10,"key":"SkillPotion"}],"is_trial":false,"path_per_floor":["M","M","M","?","?","R","E","R","T","E","?","M","R","M","R","B",null,"M","M","M","M"],"character_chosen":"IRONCLAD","items_purchased":[],"campfire_rested":3,"item_purchase_floors":[],"current_hp_per_floor":[72,64,69,62,55,55,39,60,60,41,41,22,43,33,54,38,64,37,26,20,0],"gold":677,"neow_bonus":"THREE_RARE_CARDS","is_prod":false,"is_daily":false,"chose_seed":false,"campfire_upgraded":1,"win_rate":0,"timestamp":1541471899,"path_taken":["M","M","M","?","?","R","E","R","T","E","?","M","R","M","R","BOSS","M","?","M","M"],"build_version":"2018-11-01","purchased_purges":0,"victory":false,"max_hp_per_floor":[72,72,72,72,72,72,72,72,72,72,72,72,72,72,72,72,72,72,72,72,72],"card_choices":[{"not_picked":["Offering","Fiend Fire"],"picked":"Demon Form","floor":0},{"not_picked":["Headbutt","Havoc"],"picked":"Armaments","floor":1},{"not_picked":["True Grit","Reckless Charge"],"picked":"Headbutt","floor":2},{"not_picked":["Dropkick","Sword Boomerang"],"picked":"Fiend Fire","floor":3},{"not_picked":["Havoc","Fiend Fire+1"],"picked":"Perfected Strike+1","floor":7},{"not_picked":["Body Slam+1","Battle Trance"],"picked":"Headbutt+1","floor":10},{"not_picked":["Clash+1","Combust"],"picked":"Inflame","floor":12},{"not_picked":["True Grit","Infernal Blade"],"picked":"Iron Wave+1","floor":14},{"not_picked":["Offering","Barricade"],"picked":"Limit Break","floor":16},{"not_picked":["Fire Breathing+1"],"picked":"SKIP","floor":18},{"not_picked":[],"picked":"Warcry","floor":19},{"not_picked":[],"picked":"Iron Wave+1","floor":20}],"player_experience":700252,"relics_obtained":[{"floor":7,"key":"Ancient Tea Set"},{"floor":9,"key":"Ornamental Fan"},{"floor":10,"key":"Incense Burner"}],"event_choices":[{"cards_removed":["Strike_R"],"damage_healed":0,"gold_gain":0,"player_choice":"Card Removal","damage_taken":7,"max_hp_gain":0,"max_hp_loss":0,"event_name":"Golden Wing","floor":4,"gold_loss":0},{"damage_healed":0,"gold_gain":0,"player_choice":"Success","damage_taken":7,"relics_obtained":["Molten Egg 2"],"max_hp_gain":0,"max_hp_loss":0,"event_name":"Scrap Ooze","floor":5,"gold_loss":0},{"damage_healed":0,"gold_gain":0,"player_choice":"Gave Potion","damage_taken":0,"relics_obtained":["Old Coin"],"max_hp_gain":0,"max_hp_loss":0,"event_name":"WeMeetAgain","floor":11,"gold_loss":0}],"is_beta":false,"boss_relics":[{"not_picked":["Orrery","Eternal Feather"],"picked":"Busted Crown"}],"items_purged_floors":[],"is_endless":false,"potions_floor_spawned":[2,3,7,10],"killed_by":"Shelled Parasite and Fungi","ascension_level":12}