{"gold_per_floor":[119,119,85,101,101,128,142,142,197,229,248,248,263,263,263,360,410,424,436,58,58,58,58,87,87,158,191,211,221,48,64,64,159,159,177,190,190,190,207,207,241,241,315,315,0,0,13,13,13,13],"floor_reached":50,"playtime":4697,"items_purged":["Strike_B"],"score":543,"play_id":"3dd0ec01-7e4a-4d3a-876e-ebf0b3851848","local_time":"20190105011334","is_ascension_mode":false,"campfire_choices":[{"floor":15,"key":"REST"},{"data":"Stack","floor":23,"key":"SMITH"},{"floor":25,"key":"REST"},{"floor":32,"key":"REST"},{"floor":40,"key":"REST"},{"floor":42,"key":"REST"},{"data":"Fusion","floor":44,"key":"SMITH"},{"floor":49,"key":"REST"}],"neow_cost":"NONE","seed_source_timestamp":1316050135340528,"circlet_count":0,"master_deck":["Strike_B+1","Defend_B+1","Defend_B","Defend_B","Defend_B+1","Zap","Dualcast","Cold Snap","Static Discharge+1","Sweeping Beam+1","Fusion+1","Melter+1","Beam Cell+1","Streamline+1","Cold Snap+1","Electrodynamics","Steam","Stack+1","Steam+1","Thunder Strike+1","Chill+1","Leap+1","Go for the Eyes+1","Redo","Seek","Capacitor+1","Hello World+1","Barrage+1","Madness","Madness","Conserve Battery","White Noise+1"],"relics":["Cracked Core","NeowsBlessing","Dream Catcher","Tiny Chest","Molten Egg 2","Tiny House","Bronze Scales","Regal Pillow","Bottled Flame","Gremlin Horn","Blood Vial","War Paint","Inserter","Frozen Egg 2","Sundial","Red Mask"],"potions_floor_usage":[19,24,28,33,33,41,50,50],"damage_taken":[{"damage":0,"enemies":"Small Slimes","floor":1,"turns":1},{"damage":0,"enemies":"Jaw Worm","floor":4,"turns":1},{"damage":0,"enemies":"Lagavulin","floor":6,"turns":2},{"damage":6,"enemies":"2 Louse","floor":7,"turns":3},{"damage":17,"enemies":"3 Sentries","floor":10,"turns":4},{"damage":7,"enemies":"2 Fungi Beasts","floor":11,"turns":3},{"damage":0,"enemies":"Gremlin Gang","floor":13,"turns":3},{"damage":22,"enemies":"The Guardian","floor":16,"turns":8},{"damage":21,"enemies":"Shell Parasite","floor":18,"turns":4},{"damage":2,"enemies":"3 Byrds","floor":19,"turns":4},{"damage":25,"enemies":"Slavers","floor":24,"turns":5},{"damage":22,"enemies":"Book of Stabbing","floor":27,"turns":6},{"damage":4,"enemies":"Centurion and Healer","floor":28,"turns":5},{"damage":8,"enemies":"Snecko","floor":29,"turns":6},{"damage":8,"enemies":"3 Cultists","floor":31,"turns":4},{"damage":41,"enemies":"Automaton","floor":33,"turns":9},{"damage":0,"enemies":"3 Shapes","floor":35,"turns":6},{"damage":15,"enemies":"Orb Walker","floor":36,"turns":3},{"damage":43,"enemies":"Writhing Mass","floor":39,"turns":5},{"damage":39,"enemies":"Nemesis","floor":41,"turns":11},{"damage":20,"enemies":"Transient","floor":47,"turns":5},{"damage":86,"enemies":"Awakened One","floor":50,"turns":13}],"seed_played":"-3420816486002037496","potions_obtained":[{"floor":1,"key":"Strength Potion"},{"floor":6,"key":"Explosive Potion"},{"floor":11,"key":"Block Potion"},{"floor":27,"key":"EssenceOfSteel"},{"floor":28,"key":"Weak Potion"},{"floor":31,"key":"Swift Potion"},{"floor":35,"key":"FocusPotion"},{"floor":36,"key":"Poison Potion"}],"is_trial":false,"path_per_floor":["M","?","$","M","?","E","M","?","T","E","M","?","M","?","R","B",null,"M","M","$","?","?","R","E","R","T","E","M","M","$","M","R","B",null,"M","M","?","$","M","R","E","R","T","R","?","?","M","$","R","B"],"character_chosen":"DEFECT","items_purchased":["Static Discharge","Bronze Scales","Regal Pillow","Go for the Eyes+1","War Paint"],"campfire_rested":6,"item_purchase_floors":[3,20,20,30,30],"current_hp_per_floor":[75,60,60,60,60,60,54,54,54,37,30,30,30,30,52,30,80,59,57,57,57,57,57,32,71,71,49,47,41,41,35,74,35,80,80,65,65,65,24,63,26,65,65,65,65,55,37,37,76,0],"gold":13,"neow_bonus":"THREE_ENEMY_KILL","is_prod":false,"is_daily":false,"chose_seed":false,"campfire_upgraded":2,"win_rate":0.0,"timestamp":1546679614,"path_taken":["M","?","$","M","?","E","M","?","T","E","M","?","?","?","R","BOSS","M","M","$","?","?","R","E","R","T","E","M","M","$","M","R","BOSS","M","M","?","$","M","R","E","R","T","R","?","?","M","?","R","BOSS"],"build_version":"2019-01-03v4","purchased_purges":1,"victory":false,"max_hp_per_floor":[75,75,75,75,75,75,75,75,75,75,75,75,75,75,75,75,80,80,80,80,80,80,80,80,80,80,80,80,80,80,80,80,80,80,80,80,80,80,80,80,80,80,80,80,80,80,80,80,80,80],"card_choices":[{"not_picked":["Skim","Loop"],"picked":"Cold Snap","floor":1},{"not_picked":["Compile Driver","Tempest"],"picked":"Sweeping Beam","floor":4},{"not_picked":["Steam","Gash"],"picked":"Fusion","floor":6},{"not_picked":["Gash","Storm","BootSequence"],"picked":"SKIP","floor":7},{"not_picked":["BootSequence","Creative AI"],"picked":"Melter","floor":10},{"not_picked":["Self Repair","BootSequence","Sweeping Beam+1"],"picked":"SKIP","floor":11},{"not_picked":["Redo","Leap"],"picked":"Streamline+1","floor":13},{"not_picked":["Heatsinks","Steam"],"picked":"Cold Snap+1","floor":15},{"not_picked":["Buffer","Reboot"],"picked":"Electrodynamics","floor":16},{"not_picked":["Compile Driver+1","Self Repair"],"picked":"Steam","floor":18},{"not_picked":["Barrage+1","Consume"],"picked":"Stack","floor":19},{"not_picked":["Cold Snap+1","Biased Cognition","Reboot"],"picked":"SKIP","floor":24},{"not_picked":["Barrage+1","Cold Snap+1"],"picked":"Steam","floor":25},{"not_picked":["Cold Snap+1","Compile Driver+1"],"picked":"Thunder Strike+1","floor":27},{"not_picked":["Sweeping Beam+1","Static Discharge"],"picked":"Chill+1","floor":28},{"not_picked":["Lockon+1","Beam Cell+1"],"picked":"Leap+1","floor":29},{"not_picked":["Beam Cell+1","Biased Cognition"],"picked":"Redo","floor":31},{"not_picked":["Rainbow","Multi-Cast"],"picked":"Seek","floor":33},{"not_picked":["Beam Cell+1","Stack+1"],"picked":"Capacitor+1","floor":35},{"not_picked":["Compile Driver+1","Hologram","Cold Snap+1"],"picked":"SKIP","floor":36},{"not_picked":["Streamline+1","Compile Driver+1","Stack"],"picked":"SKIP","floor":39},{"not_picked":["Gash+1","Hologram"],"picked":"Hello World+1","floor":40},{"not_picked":["Cold Snap+1","Darkness+1","Sweeping Beam+1"],"picked":"SKIP","floor":41},{"not_picked":["Cold Snap+1","Defragment+1"],"picked":"Barrage+1","floor":42},{"not_picked":["Beam Cell+1","Streamline+1"],"picked":"Conserve Battery","floor":47},{"not_picked":["Steam","Hello World+1"],"picked":"White Noise+1","floor":49}],"player_experience":74731,"relics_obtained":[{"floor":6,"key":"Dream Catcher"},{"floor":9,"key":"Tiny Chest"},{"floor":10,"key":"Molten Egg 2"},{"floor":24,"key":"Bottled Flame"},{"floor":26,"key":"Gremlin Horn"},{"floor":27,"key":"Blood Vial"},{"floor":41,"key":"Frozen Egg 2"},{"floor":43,"key":"Sundial"}],"event_choices":[{"damage_healed":0,"gold_gain":0,"player_choice":"Entered Light","damage_taken":15,"max_hp_gain":0,"max_hp_loss":0,"event_name":"Shining Light","floor":2,"gold_loss":0,"cards_upgraded":["Defend_B","Strike_B"]},{"damage_healed":0,"gold_gain":0,"player_choice":"Grow","damage_taken":0,"max_hp_gain":0,"max_hp_loss":0,"event_name":"Living Wall","floor":5,"gold_loss":0,"cards_upgraded":["Static Discharge"]},{"damage_healed":0,"gold_gain":0,"player_choice":"Fled","damage_taken":0,"max_hp_gain":0,"max_hp_loss":0,"event_name":"Scrap Ooze","floor":8,"gold_loss":0},{"damage_healed":0,"gold_gain":0,"cards_transformed":["Strike_B"],"player_choice":"Transformed","damage_taken":0,"max_hp_gain":0,"max_hp_loss":0,"event_name":"Transmorgrifier","floor":12,"gold_loss":0,"cards_obtained":["Beam Cell"]},{"damage_healed":0,"gold_gain":0,"player_choice":"Ignored","damage_taken":0,"max_hp_gain":0,"max_hp_loss":0,"event_name":"Liars Game","floor":14,"gold_loss":0},{"damage_healed":0,"gold_gain":0,"player_choice":"Ignored","damage_taken":0,"max_hp_gain":0,"max_hp_loss":0,"event_name":"Ghosts","floor":21,"gold_loss":0},{"damage_healed":0,"gold_gain":0,"player_choice":"Ignored","damage_taken":0,"max_hp_gain":0,"max_hp_loss":0,"event_name":"Beggar","floor":22,"gold_loss":0},{"cards_removed":["Strike_B"],"damage_healed":0,"gold_gain":0,"player_choice":"Removed Attack","damage_taken":0,"max_hp_gain":0,"max_hp_loss":0,"event_name":"Falling","floor":37,"gold_loss":0},{"damage_healed":0,"gold_gain":0,"player_choice":"Paid","damage_taken":0,"relics_obtained":["Red Mask"],"max_hp_gain":0,"max_hp_loss":0,"event_name":"Tomb of Lord Red Mask","floor":45,"gold_loss":315},{"damage_healed":0,"gold_gain":0,"player_choice":"Embrace Madness","damage_taken":10,"max_hp_gain":0,"max_hp_loss":0,"event_name":"Winding Halls","floor":46,"gold_loss":0,"cards_obtained":["Madness","Madness"]}],"is_beta":false,"boss_relics":[{"not_picked":["Runic Pyramid","Empty Cage"],"picked":"Tiny House"},{"not_picked":["Busted Crown","Sozu"],"picked":"Inserter"}],"items_purged_floors":[20],"is_endless":false,"potions_floor_spawned":[1,6,11,18,27,28,31,35,36,39],"killed_by":"Awakened One","ascension_level":0}