{"gold_per_floor":[109,109,123,133,152,152,186,186,186,196,222,237,271,298,298,403,403,419,419,419,435,19,32,32,51,78,110,110,110,110,123,123,219,219,238,252,352,352,366,381,381,394,394,394,394,406,100,100],"floor_reached":48,"playtime":4270,"items_purged":["Dodge and Roll","Writhe"],"score":998,"play_id":"8ea170dc-5352-4caf-9c21-250a3b89faf9","local_time":"20181107220845","is_ascension_mode":true,"campfire_choices":[{"data":"Reflex","floor":6.0,"key":"SMITH"},{"data":"Concentrate","floor":8.0,"key":"SMITH"},{"data":"Accuracy","floor":15.0,"key":"SMITH"},{"data":"After Image","floor":24.0,"key":"SMITH"},{"data":"After Image","floor":28,"key":"SMITH"},{"data":"Cloak And Dagger","floor":30,"key":"SMITH"},{"data":"A Thousand Cuts","floor":32,"key":"SMITH"},{"data":"Storm of Steel","floor":41,"key":"SMITH"}],"neow_cost":"NONE","seed_source_timestamp":0,"circlet_count":0,"master_deck":["AscendersBane","Survivor","Neutralize","Reflex+1","Masterful Stab","Leg Sweep","Poisoned Stab","Backflip","Dagger Throw","Blade Dance","All Out Attack","Backflip","Prepared","Concentrate+1","Crippling Poison","Storm of Steel+1","Accuracy+1","Cloak And Dagger+1","Blade Dance","Infinite Blades","Deadly Poison","After Image+1","After Image+1","Cloak And Dagger","Bouncing Flask","Terror","Catalyst+1","A Thousand Cuts+1","Die Die Die","Accuracy+1","PiercingWail","Dash+1"],"special_seed":0,"relics":["Pandora\u0027s Box","Letter Opener","Shuriken","Gremlin Horn","Regal Pillow","Snake Skull","Odd Mushroom","Coffee Dripper","CultistMask","Bronze Scales","Smiling Mask","Ancient Tea Set","MutagenicStrength","Busted Crown","Unceasing Top","Blood Vial","Ornamental Fan"],"potions_floor_usage":[27,33],"damage_taken":[{"damage":4.0,"enemies":"Jaw Worm","floor":1.0,"turns":2.0},{"damage":0.0,"enemies":"Small Slimes","floor":3.0,"turns":2.0},{"damage":0.0,"enemies":"Cultist","floor":4.0,"turns":2.0},{"damage":0.0,"enemies":"2 Fungi Beasts","floor":5.0,"turns":3.0},{"damage":0.0,"enemies":"3 Sentries","floor":7.0,"turns":5.0},{"damage":0.0,"enemies":"Looter","floor":10.0,"turns":3.0},{"damage":0.0,"enemies":"Gremlin Nob","floor":11.0,"turns":4.0},{"damage":2.0,"enemies":"3 Louse","floor":12.0,"turns":2.0},{"damage":7.0,"enemies":"Lagavulin","floor":13.0,"turns":6.0},{"damage":0.0,"enemies":"The Mushroom Lair","floor":14.0,"turns":3.0},{"damage":0.0,"enemies":"Slime Boss","floor":16.0,"turns":6.0},{"damage":11.0,"enemies":"2 Thieves","floor":18.0,"turns":3.0},{"damage":0.0,"enemies":"Spheric Guardian","floor":21.0,"turns":3.0},{"damage":5.0,"enemies":"Snake Plant","floor":23.0,"turns":4.0},{"damage":0.0,"enemies":"Chosen and Byrds","floor":25.0,"turns":4.0},{"damage":17,"enemies":"Slavers","floor":27,"turns":5},{"damage":0,"enemies":"Shelled Parasite and Fungi","floor":31,"turns":3},{"damage":0,"enemies":"Automaton","floor":33,"turns":8},{"damage":21,"enemies":"3 Darklings","floor":35,"turns":3},{"damage":2,"enemies":"Orb Walker","floor":36,"turns":3},{"damage":0,"enemies":"Mind Bloom Boss Battle","floor":37,"turns":4},{"damage":13,"enemies":"3 Darklings","floor":39,"turns":3},{"damage":0,"enemies":"Maw","floor":40,"turns":6},{"damage":12,"enemies":"Sphere and 2 Shapes","floor":42,"turns":4},{"damage":22,"enemies":"Jaw Worm Horde","floor":46,"turns":4},{"damage":23,"enemies":"Transient","floor":48,"turns":1}],"seed_played":"-3798128873945368077","potions_obtained":[{"floor":4.0,"key":"EssenceOfSteel"},{"floor":7.0,"key":"SpeedPotion"},{"floor":10.0,"key":"Dexterity Potion"},{"floor":25,"key":"GhostInAJar"},{"floor":35,"key":"FearPotion"},{"floor":37,"key":"Ancient Potion"}],"is_trial":false,"path_per_floor":["M","?","M","M","M","R","E","R","T","M","E","M","E","?","R","B",null,"M","?","?","M","$","M","R","M","M","T","E","R","?","R","M","R","B",null,"M","M","?","?","M","M","R","M","T","?","?","M","$","M"],"character_chosen":"THE_SILENT","items_purchased":["After Image","Cloak And Dagger","Bronze Scales","GhostInAJar","Ornamental Fan"],"campfire_rested":0,"item_purchase_floors":[22,22,22,22,47],"current_hp_per_floor":[59,56,56,56,56,56,56,56,56,56,56,54,47,47,47,47,64,53,53,53,53,53,48,48,48,48,31,31,31,31,31,31,31,60,39,37,37,37,24,24,24,12,12,12,30,10,10,0],"gold":100,"neow_bonus":"BOSS_RELIC","is_prod":false,"is_daily":false,"chose_seed":false,"campfire_upgraded":8,"win_rate":0,"timestamp":1541646525,"path_taken":["M","?","M","M","M","R","E","R","T","M","E","M","E","?","R","BOSS","M","?","?","M","$","M","R","?","T","E","R","?","R","M","R","BOSS","M","M","?","?","M","M","R","?","T","?","?","M","$","M"],"build_version":"2018-11-01","purchased_purges":2,"victory":false,"max_hp_per_floor":[70,70,70,70,70,70,70,70,70,70,70,70,70,70,70,70,70,70,70,70,70,70,70,70,70,70,70,70,70,70,70,70,70,70,70,70,70,70,70,70,70,70,70,70,70,70,70,70],"card_choices":[{"not_picked":["Caltrops","Masterful Stab"],"picked":"Prepared","floor":1.0},{"not_picked":["Dagger Spray","Expertise"],"picked":"Dodge and Roll","floor":3.0},{"not_picked":["Bane","Expertise"],"picked":"Concentrate","floor":4.0},{"not_picked":["Dagger Spray","Choke"],"picked":"Crippling Poison","floor":5.0},{"not_picked":["Poisoned Stab","Masterful Stab"],"picked":"Storm of Steel","floor":7.0},{"not_picked":["Heel Hook","Eviscerate"],"picked":"Accuracy","floor":10.0},{"not_picked":["Outmaneuver","Backflip"],"picked":"Cloak And Dagger","floor":11.0},{"not_picked":["Sucker Punch","Acrobatics"],"picked":"Blade Dance","floor":12.0},{"not_picked":["Backflip","Endless Agony"],"picked":"Infinite Blades","floor":13.0},{"not_picked":["Underhanded Strike","Slice"],"picked":"Deadly Poison","floor":14.0},{"not_picked":["Storm of Steel","Malaise"],"picked":"After Image","floor":16.0},{"not_picked":["Crippling Poison+1","Deadly Poison","Skewer"],"picked":"SKIP","floor":18.0},{"not_picked":["Quick Slash","Prepared","Deadly Poison"],"picked":"SKIP","floor":21.0},{"not_picked":["Outmaneuver","Masterful Stab"],"picked":"Bouncing Flask","floor":23.0},{"not_picked":["Crippling Poison+1","Blade Dance+1"],"picked":"Terror","floor":25},{"not_picked":["Terror","Dodge and Roll"],"picked":"Catalyst+1","floor":27},{"not_picked":["Cloak And Dagger","Dodge and Roll"],"picked":"A Thousand Cuts","floor":31},{"not_picked":["Doppelganger","Night Terror"],"picked":"Die Die Die","floor":33},{"not_picked":[],"picked":"Accuracy+1","floor":35},{"not_picked":[],"picked":"PiercingWail","floor":36},{"not_picked":["Dodge and Roll"],"picked":"SKIP","floor":39},{"not_picked":[],"picked":"Dash+1","floor":40},{"not_picked":["Dodge and Roll"],"picked":"SKIP","floor":42},{"not_picked":["Quick Slash"],"picked":"SKIP","floor":46}],"player_experience":717543,"relics_obtained":[{"floor":7.0,"key":"Shuriken"},{"floor":9.0,"key":"Gremlin Horn"},{"floor":11.0,"key":"Regal Pillow"},{"floor":13.0,"key":"Snake Skull"},{"floor":14.0,"key":"Odd Mushroom"},{"floor":26,"key":"Smiling Mask"},{"floor":27,"key":"Ancient Tea Set"},{"floor":37,"key":"Unceasing Top"},{"floor":43,"key":"Blood Vial"}],"event_choices":[{"damage_healed":0.0,"max_hp_gain":0.0,"max_hp_loss":0.0,"gold_gain":0.0,"event_name":"Scrap Ooze","player_choice":"Success","floor":2.0,"gold_loss":0.0,"damage_taken":3.0,"relics_obtained":["Letter Opener"]},{"damage_healed":0.0,"max_hp_gain":0.0,"max_hp_loss":0.0,"gold_gain":0.0,"event_name":"Mushrooms","player_choice":"Fought Mushrooms","floor":14.0,"gold_loss":0.0,"damage_taken":0.0},{"damage_healed":0.0,"max_hp_gain":0.0,"max_hp_loss":0.0,"gold_gain":0.0,"event_name":"Vampires","player_choice":"Ignored","floor":19.0,"gold_loss":0.0,"damage_taken":0.0},{"damage_healed":0.0,"max_hp_gain":0.0,"max_hp_loss":0.0,"gold_gain":0.0,"event_name":"FaceTrader","player_choice":"Trade","floor":20.0,"gold_loss":0.0,"damage_taken":0.0,"relics_obtained":["CultistMask"]},{"damage_healed":0,"gold_gain":0,"player_choice":"Inject Mutagens","damage_taken":0,"relics_obtained":["MutagenicStrength"],"max_hp_gain":0,"max_hp_loss":0,"event_name":"Drug Dealer","floor":29,"gold_loss":0},{"damage_healed":0,"gold_gain":0,"player_choice":"Fight","damage_taken":0,"max_hp_gain":0,"max_hp_loss":0,"event_name":"MindBloom","floor":37,"gold_loss":0},{"damage_healed":0,"gold_gain":0,"player_choice":"Ignored","damage_taken":0,"max_hp_gain":0,"max_hp_loss":0,"event_name":"Mysterious Sphere","floor":38,"gold_loss":0},{"cards_removed":["Underhanded Strike"],"damage_healed":0,"gold_gain":0,"player_choice":"Removed Attack","damage_taken":0,"max_hp_gain":0,"max_hp_loss":0,"event_name":"Falling","floor":44,"gold_loss":0},{"damage_healed":18,"gold_gain":0,"player_choice":"Writhe","damage_taken":0,"max_hp_gain":0,"max_hp_loss":0,"event_name":"Winding Halls","floor":45,"gold_loss":0,"cards_obtained":["Writhe"]}],"is_beta":false,"boss_relics":[{"not_picked":["HoveringKite","Empty Cage"],"picked":"Coffee Dripper"},{"not_picked":["Cursed Key","Eternal Feather"],"picked":"Busted Crown"}],"items_purged_floors":[22,47],"is_endless":false,"potions_floor_spawned":[4,7,10,11,13,14,18,25,35,37,42,46],"killed_by":"Transient","ascension_level":12}