{"gold_per_floor":[112,123,123,133,148,162,85,85,85,113,113,438,388,419,419,516,516,528,539,551,182,199,199,229,243,243,243,243,243,277,192,192,294,294,311,328,328,348,365,365],"floor_reached":40,"playtime":6838,"items_purged":["Strike_B"],"score":515,"play_id":"01e481fa-bc8c-42f5-91a1-0e122c0ed5ee","local_time":"20190209054715","is_ascension_mode":true,"campfire_choices":[{"data":"All For One","floor":8.0,"key":"SMITH"},{"floor":11.0,"key":"REST"},{"data":"Zap","floor":15.0,"key":"SMITH"},{"data":"Go for the Eyes","floor":23.0,"key":"SMITH"},{"data":"Hologram","floor":27.0,"key":"SMITH"},{"data":"J.A.X.","floor":29.0,"key":"SMITH"},{"floor":32.0,"key":"REST"}],"neow_cost":"NONE","seed_source_timestamp":7902766903643,"circlet_count":0,"master_deck":["Strike_B","Strike_B","Defend_B","Defend_B","Defend_B","Defend_B","Zap+1","Dualcast","Rebound","All For One+1","Go for the Eyes+1","Go for the Eyes","Hologram+1","Cold Snap","Coolheaded","Cold Snap","Loop","Compile Driver","Reboot","Defragment+1","Leap","Beam Cell","Self Repair","Gash","Capacitor","J.A.X.+1","Ball Lightning+1","All For One","Violence","Tempest","Glacier"],"special_seed":0,"relics":["Cracked Core","Ginger","Pocketwatch","Old Coin","Art of War","Nuclear Battery","Matryoshka","Juzu Bracelet","Bag of Preparation","Bird Faced Urn","Centennial Puzzle","Bronze Scales","Black Star"],"potions_floor_usage":[40],"damage_taken":[{"damage":7.0,"enemies":"Jaw Worm","floor":1.0,"turns":3.0},{"damage":7.0,"enemies":"2 Louse","floor":2.0,"turns":2.0},{"damage":5.0,"enemies":"Small Slimes","floor":4.0,"turns":4.0},{"damage":20.0,"enemies":"Exordium Thugs","floor":5.0,"turns":5.0},{"damage":3.0,"enemies":"Looter","floor":6.0,"turns":2.0},{"damage":6.0,"enemies":"Lagavulin","floor":10.0,"turns":6.0},{"damage":12.0,"enemies":"Gremlin Nob","floor":12.0,"turns":3.0},{"damage":6.0,"enemies":"Lagavulin","floor":14.0,"turns":6.0},{"damage":7.0,"enemies":"Slime Boss","floor":16.0,"turns":6.0},{"damage":3.0,"enemies":"Chosen","floor":18.0,"turns":3.0},{"damage":8.0,"enemies":"Shell Parasite","floor":19.0,"turns":4.0},{"damage":16.0,"enemies":"Cultist and Chosen","floor":20.0,"turns":5.0},{"damage":0.0,"enemies":"Centurion and Healer","floor":22.0,"turns":9.0},{"damage":31.0,"enemies":"Book of Stabbing","floor":24.0,"turns":6.0},{"damage":8.0,"enemies":"Snecko","floor":25.0,"turns":6.0},{"damage":39.0,"enemies":"Slavers","floor":30.0,"turns":6.0},{"damage":37.0,"enemies":"Automaton","floor":33.0,"turns":9.0},{"damage":1.0,"enemies":"Orb Walker","floor":35.0,"turns":2.0},{"damage":19.0,"enemies":"3 Shapes","floor":36.0,"turns":5.0},{"damage":18,"enemies":"Spire Growth","floor":38,"turns":3},{"damage":28,"enemies":"Jaw Worm Horde","floor":39,"turns":3},{"damage":38,"enemies":"Reptomancer","floor":40,"turns":4}],"seed_played":"5623042193780032559","potions_obtained":[{"floor":2.0,"key":"Energy Potion"},{"floor":4.0,"key":"FairyPotion"},{"floor":5.0,"key":"PowerPotion"},{"floor":14.0,"key":"Weak Potion"},{"floor":19.0,"key":"SteroidPotion"},{"floor":20.0,"key":"Fire Potion"},{"floor":24.0,"key":"SteroidPotion"},{"floor":38,"key":"Explosive Potion"}],"is_trial":false,"path_per_floor":["M","M","?","M","M","M","$","R","T","E","R","E","?","E","R","B",null,"M","M","M","$","M","R","E","M","T","R","?","R","E","?","R","B",null,"M","M","?","M","M","E"],"character_chosen":"DEFECT","items_purchased":["Cold Snap","Coolheaded","Self Repair","Matryoshka"],"campfire_rested":2,"item_purchase_floors":[7,7,21,21],"current_hp_per_floor":[75,68,73,68,48,45,45,45,45,39,65,53,53,47,47,40,87,84,76,60,60,67,67,43,42,42,42,42,42,9,9,35,4,87,86,80,75,61,35,0],"gold":365,"neow_bonus":"TEN_PERCENT_HP_BONUS","is_prod":false,"is_daily":false,"chose_seed":false,"campfire_upgraded":5,"win_rate":0,"timestamp":1549687635,"path_taken":["M","M","?","M","M","M","$","R","T","E","R","E","?","E","R","BOSS","M","M","M","$","M","R","E","M","T","R","?","R","E","?","R","BOSS","M","M","?","M","M","E"],"build_version":"2019-01-23","purchased_purges":1,"victory":false,"max_hp_per_floor":[82,82,87,87,87,87,87,87,87,87,87,87,87,87,87,87,87,87,87,87,87,87,87,87,87,87,87,87,87,87,87,87,87,87,87,87,87,87,87,87],"card_choices":[{"not_picked":["Self Repair","Conserve Battery"],"picked":"Rebound","floor":1.0},{"not_picked":["Sweeping Beam","Rebound"],"picked":"All For One","floor":2.0},{"not_picked":["Compile Driver","Hologram"],"picked":"Go for the Eyes","floor":4.0},{"not_picked":["Compile Driver","White Noise"],"picked":"Go for the Eyes","floor":5.0},{"not_picked":["Go for the Eyes","Stack"],"picked":"Hologram","floor":6.0},{"not_picked":["Fusion","Amplify"],"picked":"Cold Snap","floor":10.0},{"not_picked":["Lockon","Streamline"],"picked":"Loop","floor":12.0},{"not_picked":["FTL","Scrape"],"picked":"Compile Driver","floor":14.0},{"not_picked":["Multi-Cast","Biased Cognition"],"picked":"Reboot","floor":16.0},{"not_picked":["Go for the Eyes","Stack"],"picked":"Defragment+1","floor":18.0},{"not_picked":["Ball Lightning+1","Sweeping Beam+1"],"picked":"Leap","floor":19.0},{"not_picked":["Auto Shields","Steam Power"],"picked":"Beam Cell","floor":20.0},{"not_picked":["Sweeping Beam","Cold Snap+1"],"picked":"Gash","floor":22.0},{"not_picked":["Fusion","Beam Cell"],"picked":"Capacitor","floor":24.0},{"not_picked":["Compile Driver","Steam+1","Melter+1"],"picked":"SKIP","floor":25.0},{"not_picked":["Compile Driver","Streamline"],"picked":"Ball Lightning+1","floor":30.0},{"not_picked":["Echo Form","Hyperbeam"],"picked":"All For One","floor":33.0},{"not_picked":["Rebound+1","Storm+1","Fusion"],"picked":"SKIP","floor":35.0},{"not_picked":["Heatsinks","Sweeping Beam","Steam Power"],"picked":"SKIP","floor":36.0},{"not_picked":["Swift Strike","Deep Breath"],"picked":"Violence","floor":37},{"not_picked":["Rip and Tear+1","Go for the Eyes+1"],"picked":"Tempest","floor":38},{"not_picked":["Beam Cell","Steam"],"picked":"Glacier","floor":39}],"player_experience":321697,"relics_obtained":[{"floor":9.0,"key":"Ginger"},{"floor":10.0,"key":"Pocketwatch"},{"floor":12.0,"key":"Old Coin"},{"floor":14.0,"key":"Art of War"},{"floor":24.0,"key":"Juzu Bracelet"},{"floor":26.0,"key":"Bag of Preparation"},{"floor":26.0,"key":"Bird Faced Urn"},{"floor":30.0,"key":"Centennial Puzzle"}],"event_choices":[{"damage_healed":0.0,"max_hp_gain":5.0,"max_hp_loss":0.0,"gold_gain":0.0,"event_name":"Big Fish","player_choice":"Donut","floor":3.0,"gold_loss":0.0,"damage_taken":0.0},{"cards_removed":["Strike_B"],"damage_healed":0.0,"max_hp_gain":0.0,"max_hp_loss":0.0,"gold_gain":0.0,"event_name":"The Cleric","player_choice":"Card Removal","floor":13.0,"gold_loss":50.0,"damage_taken":0.0},{"damage_healed":0.0,"max_hp_gain":0.0,"max_hp_loss":0.0,"gold_gain":0.0,"event_name":"Drug Dealer","player_choice":"Obtain J.A.X.","floor":28.0,"gold_loss":0.0,"damage_taken":0.0,"cards_obtained":["J.A.X."]},{"damage_healed":0.0,"max_hp_gain":0.0,"max_hp_loss":0.0,"gold_gain":0.0,"event_name":"Addict","player_choice":"Obtained Relic","floor":31.0,"gold_loss":85.0,"damage_taken":0.0,"relics_obtained":["Bronze Scales"]},{"damage_healed":0,"gold_gain":0,"player_choice":"Memory 2","damage_taken":5,"max_hp_gain":0,"max_hp_loss":0,"event_name":"SensoryStone","floor":37,"gold_loss":0}],"is_beta":false,"boss_relics":[{"not_picked":["Runic Pyramid","Empty Cage"],"picked":"Nuclear Battery"},{"not_picked":["Coffee Dripper","Runic Dome"],"picked":"Black Star"}],"items_purged_floors":[21],"is_endless":false,"potions_floor_spawned":[2,4,5,14,19,20,24,38],"killed_by":"Reptomancer","ascension_level":3}