{"gold_per_floor":[112,131,151,168,63,63,88,88,88,121,121,136,136,147,147,250,250,263,275,6,21,21,51,65,91,91,106,106,130,140,2,2,2],"floor_reached":33,"playtime":3593,"items_purged":[],"score":419,"play_id":"1302b80b-c96d-4314-83f7-9603d5b5b83b","local_time":"20180920141829","is_ascension_mode":true,"campfire_choices":[{"data":"Footwork","floor":6,"key":"SMITH"},{"data":"Dash","floor":8,"key":"SMITH"},{"floor":11,"key":"REST"},{"data":"Dodge and Roll","floor":13,"key":"SMITH"},{"floor":15,"key":"REST"},{"floor":32,"key":"REST"}],"neow_cost":"NONE","seed_source_timestamp":470541527930333,"circlet_count":0,"master_deck":["Defend_G","Defend_G","Defend_G","Defend_G","Defend_G","Strike_G","Strike_G","Strike_G","Strike_G","Strike_G","Survivor","Neutralize","Blade Dance","Dodge and Roll+1","Dash+1","Backstab","Blade Dance","Footwork+1","Masterful Stab","Prepared+1","Blade Dance+1","Cloak And Dagger+1","Burst+1","Deflect+1","Caltrops","Cloak And Dagger+1","Finisher","Backflip+1","RitualDagger","Quick Slash+1","Deadly Poison+1","Blade Dance+1","Distraction+1","Accuracy","Master of Strategy+1","Outmaneuver+1"],"relics":["Ring of the Snake","Toxic Egg 2","Ginger","Gambling Chip","WristBlade","Membership Card","Pear","Boot","Omamori","Ancient Tea Set"],"potions_floor_usage":[3,16,25],"damage_taken":[{"damage":0,"enemies":"Cultist","floor":1,"turns":5},{"damage":1,"enemies":"2 Louse","floor":2,"turns":3},{"damage":3,"enemies":"Jaw Worm","floor":3,"turns":5},{"damage":22,"enemies":"Large Slime","floor":4,"turns":8},{"damage":16,"enemies":"Gremlin Nob","floor":7,"turns":6},{"damage":11,"enemies":"3 Sentries","floor":10,"turns":10},{"damage":0,"enemies":"2 Fungi Beasts","floor":12,"turns":3},{"damage":0,"enemies":"Looter","floor":14,"turns":3},{"damage":17,"enemies":"The Guardian","floor":16,"turns":17},{"damage":0,"enemies":"3 Byrds","floor":18,"turns":5},{"damage":0,"enemies":"Spheric Guardian","floor":19,"turns":1},{"damage":0,"enemies":"Centurion and Healer","floor":21,"turns":5},{"damage":2,"enemies":"Slavers","floor":23,"turns":7},{"damage":6,"enemies":"Chosen and Byrds","floor":24,"turns":4},{"damage":23,"enemies":"Book of Stabbing","floor":25,"turns":4},{"damage":26,"enemies":"Shelled Parasite and Fungi","floor":27,"turns":6},{"damage":0,"enemies":"Centurion and Healer","floor":30,"turns":8},{"damage":56,"enemies":"Collector","floor":33,"turns":7}],"seed_played":"-4805595040216074275","potions_obtained":[{"floor":2,"key":"Weak Potion"},{"floor":7,"key":"Ancient Potion"},{"floor":10,"key":"Swift Potion"},{"floor":18,"key":"SmokeBomb"},{"floor":19,"key":"GhostInAJar"},{"floor":24,"key":"Ancient Potion"}],"is_trial":false,"path_per_floor":["M","M","M","M","$","R","E","R","T","E","R","M","R","M","R","B",null,"M","M","$","M","?","E","M","E","T","M","?","T","M","$","R"],"character_chosen":"THE_SILENT","items_purchased":["Blade Dance","Footwork","Membership Card","Cloak And Dagger+1","Finisher","Accuracy","Master of Strategy+1","Outmaneuver+1"],"campfire_rested":3,"item_purchase_floors":[5,5,20,20,20,31,31,31],"current_hp_per_floor":[77,76,73,51,51,51,35,35,35,24,47,47,47,47,70,53,77,77,77,77,77,71,79,73,50,50,24,24,24,24,24,50,0],"gold":2,"neow_bonus":"TEN_PERCENT_HP_BONUS","is_prod":false,"is_daily":false,"chose_seed":false,"campfire_upgraded":3,"win_rate":0,"timestamp":1537467509,"path_taken":["M","M","M","?","$","R","E","R","T","E","R","M","R","M","R","BOSS","M","M","$","M","?","E","M","E","T","M","?","?","M","$","R","BOSS"],"build_version":"2018-09-06","purchased_purges":0,"victory":false,"max_hp_per_floor":[77,77,77,77,77,77,77,77,77,77,77,77,77,77,77,77,77,77,77,77,77,77,87,87,87,87,87,87,87,87,87,87,87],"card_choices":[{"not_picked":["Bane","Underhanded Strike"],"picked":"Blade Dance","floor":1},{"not_picked":["Underhanded Strike","Quick Slash"],"picked":"Dodge and Roll","floor":2},{"not_picked":["Noxious Fumes","Dagger Spray"],"picked":"Dash","floor":3},{"not_picked":["Deflect","Flying Knee"],"picked":"Backstab","floor":4},{"not_picked":["Expertise","Eviscerate"],"picked":"Masterful Stab","floor":7},{"not_picked":["Deflect+1","Bane"],"picked":"Prepared+1","floor":10},{"not_picked":["Corpse Explosion+1","Infinite Blades"],"picked":"Blade Dance+1","floor":12},{"not_picked":["Bouncing Flask+1","Endless Agony"],"picked":"Cloak And Dagger+1","floor":14},{"not_picked":["Phantasmal Killer+1","Glass Knife"],"picked":"Burst+1","floor":16},{"not_picked":["Setup+1","Calculated Gamble+1"],"picked":"Deflect+1","floor":18},{"not_picked":["Quick Slash","Deflect+1"],"picked":"Caltrops","floor":19},{"not_picked":["Slice","Predator"],"picked":"Backflip+1","floor":21},{"not_picked":["Flechettes+1","Underhanded Strike"],"picked":"Quick Slash+1","floor":23},{"not_picked":["Slice","Masterful Stab"],"picked":"Deadly Poison+1","floor":24},{"not_picked":["Underhanded Strike","Concentrate+1"],"picked":"Blade Dance+1","floor":25},{"not_picked":["Slice","Backstab"],"picked":"Distraction+1","floor":27},{"not_picked":["Quick Slash","Riddle With Holes","Bane"],"picked":"SKIP","floor":30}],"player_experience":440252,"relics_obtained":[{"floor":7,"key":"Toxic Egg 2"},{"floor":9,"key":"Ginger"},{"floor":10,"key":"Gambling Chip"},{"floor":23,"key":"Pear"},{"floor":25,"key":"Boot"},{"floor":26,"key":"Omamori"},{"floor":29,"key":"Ancient Tea Set"}],"event_choices":[{"event_name":"Nest","player_choice":"Joined the Cult","floor":22,"damage_taken":0},{"event_name":"Forgotten Altar","player_choice":"Smashed Altar","floor":28,"damage_taken":0}],"is_beta":false,"boss_relics":[{"not_picked":["Calling Bell","Snecko Eye"],"picked":"WristBlade"}],"items_purged_floors":[],"is_endless":false,"potions_floor_spawned":[2,7,10,18,19,24],"killed_by":"Collector","ascension_level":3}