{"gold_per_floor":[111,189,189,205,224,224,242,242,294,314,314,333,349,366,366,467,517,533,505,505,505],"floor_reached":21,"playtime":1200,"items_purged":[],"score":175,"play_id":"1361187b-9086-47ef-abf2-419ce622f471","local_time":"20181105041132","is_ascension_mode":false,"campfire_choices":[{"data":"Genetic Algorithm","floor":6,"key":"SMITH"},{"floor":11,"key":"REST"},{"floor":15,"key":"REST"}],"neow_cost":"NONE","seed_source_timestamp":627894172714979,"circlet_count":0,"master_deck":["Strike_B","Strike_B","Strike_B","Strike_B","Defend_B","Defend_B","Defend_B","Defend_B","Zap","Dualcast+1","All For One","Compile Driver","Genetic Algorithm+1","Consume","Turbo","Conserve Battery","White Noise","Blizzard","Storm","Fission","Steam","Undo"],"relics":["Cracked Core","Lantern","Ornamental Fan","Regal Pillow","Tiny House"],"potions_floor_usage":[16,16,16,19],"damage_taken":[{"damage":0,"enemies":"Small Slimes","floor":1,"turns":2},{"damage":0,"enemies":"2 Louse","floor":4,"turns":2},{"damage":4,"enemies":"Jaw Worm","floor":5,"turns":3},{"damage":13,"enemies":"Blue Slaver","floor":7,"turns":3},{"damage":8,"enemies":"Red Slaver","floor":10,"turns":3},{"damage":29,"enemies":"Large Slime","floor":12,"turns":6},{"damage":2,"enemies":"Blue Slaver","floor":13,"turns":2},{"damage":22,"enemies":"Exordium Thugs","floor":14,"turns":7},{"damage":44,"enemies":"Slime Boss","floor":16,"turns":14},{"damage":19,"enemies":"Chosen","floor":18,"turns":6},{"damage":26,"enemies":"2 Thieves","floor":19,"turns":5},{"damage":36,"enemies":"3 Cultists","floor":21,"turns":4}],"seed_played":"-333795839022323862","potions_obtained":[{"floor":1,"key":"Explosive Potion"},{"floor":7,"key":"GamblersBrew"},{"floor":10,"key":"Block Potion"},{"floor":17,"key":"Dexterity Potion"},{"floor":18,"key":"Block Potion"}],"is_trial":false,"path_per_floor":["M","?","?","M","M","R","M","?","T","M","R","M","M","M","R","B",null,"M","M","?","M"],"character_chosen":"DEFECT","items_purchased":[],"campfire_rested":2,"item_purchase_floors":[],"current_hp_per_floor":[75,75,75,75,71,71,58,33,33,25,62,33,31,9,46,2,80,61,35,35,0],"gold":505,"neow_bonus":"ONE_RANDOM_RARE_CARD","is_prod":false,"is_daily":false,"chose_seed":false,"campfire_upgraded":1,"win_rate":0.0,"timestamp":1541409092,"path_taken":["M","?","?","M","M","R","M","?","T","?","R","M","M","M","R","BOSS","M","M","?","?"],"build_version":"2018-11-01","purchased_purges":0,"victory":false,"max_hp_per_floor":[75,75,75,75,75,75,75,75,75,75,75,75,75,75,75,75,80,80,80,80,80],"card_choices":[{"not_picked":["Stack","Rebound"],"picked":"Compile Driver","floor":1},{"not_picked":["Cold Snap","Undo"],"picked":"Genetic Algorithm","floor":4},{"not_picked":["Cold Snap","Streamline"],"picked":"Consume","floor":5},{"not_picked":["Heatsinks","Beam Cell"],"picked":"Turbo","floor":7},{"not_picked":["Undo","Gash"],"picked":"Conserve Battery","floor":10},{"not_picked":["Cold Snap","Ball Lightning"],"picked":"White Noise","floor":12},{"not_picked":["Coolheaded","Sweeping Beam"],"picked":"Blizzard","floor":13},{"not_picked":["Rip and Tear","Loop"],"picked":"Storm","floor":14},{"not_picked":["Meteor Strike","Seek"],"picked":"Fission","floor":16},{"not_picked":["Compile Driver","Sweeping Beam"],"picked":"Steam","floor":17},{"not_picked":["Go for the Eyes","Rip and Tear+1","Steam"],"picked":"SKIP","floor":18},{"not_picked":["Compile Driver","Auto Shields"],"picked":"Undo","floor":19}],"player_experience":24383,"relics_obtained":[{"floor":9,"key":"Regal Pillow"}],"event_choices":[{"damage_healed":0,"gold_gain":78,"player_choice":"Gained Gold","damage_taken":0,"max_hp_gain":0,"max_hp_loss":0,"event_name":"Golden Wing","floor":2,"gold_loss":0},{"damage_healed":0,"gold_gain":0,"player_choice":"Box","damage_taken":0,"relics_obtained":["Lantern"],"max_hp_gain":0,"max_hp_loss":0,"event_name":"Big Fish","floor":3,"gold_loss":0,"cards_obtained":["Regret"]},{"damage_healed":0,"gold_gain":0,"player_choice":"Success","damage_taken":25,"relics_obtained":["Ornamental Fan"],"max_hp_gain":0,"max_hp_loss":0,"event_name":"Scrap Ooze","floor":8,"gold_loss":0},{"cards_removed":["Regret"],"damage_healed":0,"gold_gain":0,"player_choice":"Purged","damage_taken":0,"max_hp_gain":0,"max_hp_loss":0,"event_name":"Purifier","floor":20,"gold_loss":0}],"is_beta":false,"boss_relics":[{"not_picked":["Philosopher\u0027s Stone","Sozu"],"picked":"Tiny House"}],"items_purged_floors":[],"is_endless":false,"potions_floor_spawned":[1,7,10,13,18],"killed_by":"3 Cultists","ascension_level":0}