{"gold_per_floor":[112,287,5,5,5,5,38,64,64,84,119,119,135,145,145,244,244,261,261,176,46,64,92,92,103,103,103,103,138,163,203,215,329,341,370,382,406,443,4,4,39,39,62,62,79,96,122,133,133,133],"floor_reached":50,"playtime":3371,"items_purged":["Doubt","Defend_R"],"score":758,"play_id":"b010457b-34c4-4322-abb0-e1e8fcbaaf50","local_time":"20190111001338","is_ascension_mode":true,"campfire_choices":[{"data":"Cleave","floor":6,"key":"SMITH"},{"data":"Bash","floor":12,"key":"SMITH"},{"floor":15,"key":"REST"},{"data":"Immolate","floor":24,"key":"SMITH"},{"data":"Corruption","floor":28,"key":"SMITH"},{"floor":32,"key":"REST"},{"floor":40,"key":"RECALL"},{"floor":42,"key":"REST"},{"data":"Second Wind","floor":44,"key":"SMITH"},{"floor":49,"key":"REST"}],"neow_cost":"NONE","seed_source_timestamp":183930193727965,"circlet_count":0,"master_deck":["Bash+1","Hemokinesis","Cleave+1","Disarm","Clothesline","Pommel Strike","Second Wind+1","Immolate+1","Corruption+1","J.A.X.","Burning Pact","Power Through+1","Warcry","Bite","Bite","Bite","Bite+1","Bite","Inflame+1","Exhume","Shrug It Off","Fiend Fire+1","Twin Strike","Corruption+1","Seeing Red+1","Seeing Red+1","Battle Trance+1"],"relics":["Burning Blood","Bronze Scales","WingedGreaves","Bag of Marbles","Dead Branch","Torii","Black Star","Strawberry","Ancient Tea Set","Lantern","Mummified Hand","Mercury Hourglass","MawBank","Regal Pillow","Potion Belt","Empty Cage","Whetstone","Vajra","DollysMirror","Toxic Egg 2","Meat on the Bone","Darkstone Periapt","Orichalcum"],"potions_floor_usage":[11,16,23,23,23,30,30,33,50,50],"damage_taken":[{"damage":9,"enemies":"Jaw Worm","floor":1,"turns":4},{"damage":19,"enemies":"Gremlin Nob","floor":7,"turns":3},{"damage":6,"enemies":"2 Louse","floor":10,"turns":2},{"damage":26,"enemies":"Lagavulin","floor":11,"turns":7},{"damage":0,"enemies":"Cultist","floor":13,"turns":2},{"damage":15,"enemies":"Large Slime","floor":14,"turns":4},{"damage":29,"enemies":"Slime Boss","floor":16,"turns":8},{"damage":33,"enemies":"2 Thieves","floor":18,"turns":3},{"damage":18,"enemies":"Shell Parasite","floor":22,"turns":4},{"damage":36,"enemies":"Gremlin Leader","floor":23,"turns":5},{"damage":0,"enemies":"3 Cultists","floor":25,"turns":2},{"damage":3,"enemies":"Book of Stabbing","floor":29,"turns":3},{"damage":6,"enemies":"Snecko","floor":30,"turns":4},{"damage":21,"enemies":"Gremlin Leader","floor":31,"turns":5},{"damage":44,"enemies":"Collector","floor":33,"turns":7},{"damage":2,"enemies":"3 Shapes","floor":35,"turns":5},{"damage":23,"enemies":"3 Darklings","floor":37,"turns":3},{"damage":49,"enemies":"Nemesis","floor":41,"turns":7},{"damage":18,"enemies":"Sphere and 2 Shapes","floor":45,"turns":4},{"damage":15,"enemies":"Jaw Worm Horde","floor":46,"turns":4},{"damage":32,"enemies":"Reptomancer","floor":47,"turns":4},{"damage":6,"enemies":"Writhing Mass","floor":48,"turns":2},{"damage":75,"enemies":"Awakened One","floor":50,"turns":5}],"seed_played":"-5404105366005638787","potions_obtained":[{"floor":0,"key":"Energy Potion"},{"floor":0,"key":"Explosive Potion"},{"floor":0,"key":"Fire Potion"},{"floor":16,"key":"Dexterity Potion"},{"floor":22,"key":"BloodPotion"},{"floor":25,"key":"Swift Potion"},{"floor":29,"key":"Block Potion"},{"floor":31,"key":"Block Potion"},{"floor":37,"key":"SteroidPotion"},{"floor":41,"key":"SpeedPotion"},{"floor":45,"key":"FearPotion"}],"is_trial":false,"path_per_floor":["M","?","$","?","$","R","E","T","T","M","E","R","M","M","R","B",null,"M","?","?","$","M","E","R","M","T","?","R","E","M","E","R","B",null,"M","?","M","T","$","R","E","R","T","R","M","M","E","M","R","B"],"character_chosen":"IRONCLAD","items_purchased":["Cleave","Bronze Scales","Burning Pact","Fire Potion","Vajra","DollysMirror"],"campfire_rested":4,"item_purchase_floors":[3,3,21,21,39,39],"current_hp_per_floor":[77,77,77,82,82,82,69,69,69,69,49,49,55,46,71,48,85,58,58,65,65,53,32,32,38,38,38,38,43,47,36,64,28,64,64,64,49,49,49,49,10,44,44,44,48,46,38,40,64,0],"gold":133,"neow_bonus":"THREE_SMALL_POTIONS","is_prod":false,"is_daily":false,"chose_seed":false,"campfire_upgraded":5,"win_rate":0,"timestamp":1547194418,"path_taken":["M","?","$","?","$","R","E","?","T","M","E","R","M","?","R","BOSS","M","?","?","$","M","E","R","M","T","?","R","E","M","E","R","BOSS","M","?","?","?","$","R","E","R","T","R","M","M","E","M","R","BOSS"],"build_version":"2019-01-10","purchased_purges":2,"victory":false,"max_hp_per_floor":[80,80,80,85,85,85,85,85,85,85,85,85,85,85,85,85,85,85,85,92,92,92,92,92,92,92,64,64,64,64,64,64,64,64,64,64,64,64,64,64,64,64,64,64,64,64,64,64,64,64],"card_choices":[{"not_picked":["Seeing Red","Clash"],"picked":"Hemokinesis","floor":1},{"not_picked":["Warcry","Entrench"],"picked":"Disarm","floor":7},{"not_picked":["True Grit","Battle Trance"],"picked":"Clothesline","floor":10},{"not_picked":["Shockwave","Juggernaut","Reckless Charge"],"picked":"SKIP","floor":11},{"not_picked":["Flex","Clothesline"],"picked":"Pommel Strike","floor":13},{"not_picked":["Sever Soul","Iron Wave"],"picked":"Second Wind","floor":14},{"not_picked":["Dark Embrace","Berserk"],"picked":"Immolate","floor":16},{"not_picked":["Bloodletting+1","Wild Strike"],"picked":"Corruption","floor":18},{"not_picked":["Pommel Strike","Headbutt+1"],"picked":"Power Through+1","floor":22},{"not_picked":["Power Through","Perfected Strike"],"picked":"Warcry","floor":23},{"not_picked":["Blood for Blood","Thunderclap","Wild Strike+1"],"picked":"SKIP","floor":25},{"not_picked":["Rage+1","Flame Barrier"],"picked":"Inflame+1","floor":29},{"not_picked":["Heavy Blade","Flex"],"picked":"Exhume","floor":30},{"not_picked":["Cleave","Spot Weakness+1"],"picked":"Shrug It Off","floor":31},{"not_picked":["Dark Embrace","Exhume"],"picked":"Fiend Fire","floor":33},{"not_picked":["Heavy Blade","Twin Strike+1","Sever Soul"],"picked":"SKIP","floor":35},{"not_picked":["Clothesline","Heavy Blade+1","Limit Break"],"picked":"SKIP","floor":37},{"not_picked":["Warcry","Spot Weakness","Heavy Blade"],"picked":"SKIP","floor":41},{"not_picked":["Spot Weakness+1","Clothesline+1"],"picked":"Seeing Red+1","floor":45},{"not_picked":["Iron Wave+1","Twin Strike+1","Second Wind+1"],"picked":"SKIP","floor":46},{"not_picked":["Clothesline","Sever Soul+1"],"picked":"Seeing Red+1","floor":47},{"not_picked":["Anger+1","Twin Strike+1"],"picked":"Battle Trance+1","floor":48}],"player_experience":138758,"relics_obtained":[{"floor":7,"key":"WingedGreaves"},{"floor":8,"key":"Bag of Marbles"},{"floor":9,"key":"Dead Branch"},{"floor":11,"key":"Torii"},{"floor":23,"key":"Ancient Tea Set"},{"floor":23,"key":"Lantern"},{"floor":26,"key":"Mummified Hand"},{"floor":29,"key":"Mercury Hourglass"},{"floor":29,"key":"MawBank"},{"floor":31,"key":"Regal Pillow"},{"floor":31,"key":"Potion Belt"},{"floor":38,"key":"Whetstone"},{"floor":41,"key":"Toxic Egg 2"},{"floor":41,"key":"Meat on the Bone"},{"floor":47,"key":"Darkstone Periapt"},{"floor":47,"key":"Orichalcum"}],"event_choices":[{"damage_healed":0,"gold_gain":175,"player_choice":"AGREE","damage_taken":0,"max_hp_gain":0,"max_hp_loss":0,"event_name":"Liars Game","floor":2,"gold_loss":0,"cards_obtained":["Doubt"]},{"damage_healed":0,"gold_gain":0,"player_choice":"Donut","damage_taken":0,"max_hp_gain":5,"max_hp_loss":0,"event_name":"Big Fish","floor":4,"gold_loss":0},{"damage_healed":0,"gold_gain":0,"player_choice":"Obtain J.A.X.","damage_taken":0,"max_hp_gain":0,"max_hp_loss":0,"event_name":"Drug Dealer","floor":19,"gold_loss":0,"cards_obtained":["J.A.X."]},{"damage_healed":0,"gold_gain":0,"player_choice":"Obtained Relic","damage_taken":0,"relics_obtained":["Strawberry"],"max_hp_gain":0,"max_hp_loss":0,"event_name":"Addict","floor":20,"gold_loss":85},{"damage_healed":0,"gold_gain":0,"player_choice":"Became a vampire","damage_taken":0,"max_hp_gain":0,"max_hp_loss":28,"event_name":"Vampires","floor":27,"gold_loss":0,"cards_obtained":["Bite","Bite","Bite","Bite","Bite"]},{"damage_healed":0,"gold_gain":0,"cards_transformed":["Defend_R"],"player_choice":"Transformed","damage_taken":0,"max_hp_gain":0,"max_hp_loss":0,"event_name":"Transmorgrifier","floor":36,"gold_loss":0,"cards_obtained":["Twin Strike"]}],"is_beta":false,"boss_relics":[{"not_picked":["White Beast Statue","Tiny House"],"picked":"Black Star"},{"not_picked":["Philosopher\u0027s Stone","Fusion Hammer"],"picked":"Empty Cage"}],"items_purged_floors":[3,39],"is_endless":false,"potions_floor_spawned":[1,10,16,22,25,29,31,37,41,45],"killed_by":"Awakened One","ascension_level":3}