{"gold_per_floor":[113,125,135,145,145,175,202,202,202,202,243,243,276,297,297,423,423,441,466,497,522,621,621,621],"floor_reached":24,"playtime":962,"items_purged":[],"score":325,"play_id":"25bfc84a-dc2d-475b-bff8-7f3dbfd15e76","local_time":"20190203003042","is_ascension_mode":true,"campfire_choices":[{"data":"Streamline","floor":8,"key":"SMITH"},{"data":"Go for the Eyes","floor":12,"key":"SMITH"},{"floor":15,"key":"REST"},{"floor":23,"key":"REST"}],"neow_cost":"NONE","seed_source_timestamp":1401740071544115,"circlet_count":0,"master_deck":["Strike_B","Strike_B","Strike_B","Strike_B","Defend_B","Defend_B","Defend_B","Defend_B","Zap+1","Dualcast","Streamline+1","Ball Lightning","Cold Snap","Core Surge+1","Go for the Eyes+1","Defragment","Seek","Doubt","Leap+1"],"relics":["Cracked Core","Omamori","Juzu Bracelet","Shovel","Golden Idol","Lantern","Oddly Smooth Stone","Calling Bell","Bag of Preparation","Toxic Egg 2","Du-Vu Doll","Red Mask"],"potions_floor_usage":[2,4,6,11,11,16,20],"damage_taken":[{"damage":1,"enemies":"Cultist","floor":1,"turns":4},{"damage":0,"enemies":"Jaw Worm","floor":2,"turns":2},{"damage":4,"enemies":"Small Slimes","floor":3,"turns":3},{"damage":6,"enemies":"Exordium Wildlife","floor":4,"turns":3},{"damage":26,"enemies":"3 Sentries","floor":6,"turns":5},{"damage":0,"enemies":"Gremlin Nob","floor":11,"turns":3},{"damage":9,"enemies":"3 Sentries","floor":13,"turns":6},{"damage":7,"enemies":"3 Louse","floor":14,"turns":2},{"damage":19,"enemies":"The Guardian","floor":16,"turns":9},{"damage":6,"enemies":"Chosen","floor":18,"turns":3},{"damage":10,"enemies":"Shell Parasite","floor":19,"turns":4},{"damage":23,"enemies":"Masked Bandits","floor":20,"turns":4},{"damage":12,"enemies":"Cultist and Chosen","floor":21,"turns":6},{"damage":30,"enemies":"Book of Stabbing","floor":24,"turns":5}],"seed_played":"-6236905475386002607","potions_obtained":[{"floor":0,"key":"PowerPotion"},{"floor":0,"key":"LiquidBronze"},{"floor":0,"key":"Block Potion"},{"floor":1,"key":"Block Potion"},{"floor":3,"key":"Regen Potion"},{"floor":6,"key":"Regen Potion"},{"floor":11,"key":"SteroidPotion"},{"floor":13,"key":"EssenceOfSteel"},{"floor":14,"key":"Weak Potion"}],"is_trial":false,"path_per_floor":["M","M","M","M","?","E","T","R","T","?","E","R","E","M","R","B",null,"M","M","?","M","?","R","E"],"character_chosen":"DEFECT","items_purchased":[],"campfire_rested":2,"item_purchase_floors":[],"current_hp_per_floor":[67,67,63,57,42,28,28,28,28,28,37,37,28,21,41,22,57,51,41,18,6,6,26,0],"gold":621,"neow_bonus":"THREE_SMALL_POTIONS","is_prod":false,"is_daily":false,"chose_seed":false,"campfire_upgraded":2,"win_rate":0,"timestamp":1549182642,"path_taken":["M","M","?","M","?","E","?","R","T","?","E","R","E","M","R","BOSS","M","M","?","M","?","R","E"],"build_version":"2019-01-23","purchased_purges":0,"victory":false,"max_hp_per_floor":[75,75,75,75,75,75,75,75,75,69,69,69,69,69,69,69,69,69,69,69,69,69,69,69],"card_choices":[{"not_picked":["Steam","Hologram"],"picked":"Streamline","floor":1},{"not_picked":["Conserve Battery","Chaos"],"picked":"Ball Lightning","floor":2},{"not_picked":["Heatsinks","Barrage"],"picked":"Cold Snap","floor":3},{"not_picked":["Streamline","Coolheaded"],"picked":"Core Surge","floor":4},{"not_picked":["Turbo","Streamline"],"picked":"Go for the Eyes","floor":6},{"not_picked":["Chill","Rip and Tear","Cold Snap"],"picked":"SKIP","floor":11},{"not_picked":["Chill","Rip and Tear","Cold Snap"],"picked":"SKIP","floor":11},{"not_picked":["Turbo","Go for the Eyes","Skim"],"picked":"SKIP","floor":13},{"not_picked":["Meteor Strike","Auto Shields"],"picked":"Defragment","floor":14},{"not_picked":["Meteor Strike","Rainbow"],"picked":"Seek","floor":16},{"not_picked":["Cold Snap","Barrage+1","Redo+1"],"picked":"SKIP","floor":18},{"not_picked":["Cold Snap","Blizzard+1","Storm"],"picked":"SKIP","floor":19},{"not_picked":["BootSequence+1","Hologram+1"],"picked":"Leap+1","floor":20},{"not_picked":["Rebound","Go for the Eyes","Gash"],"picked":"SKIP","floor":21}],"player_experience":308514,"relics_obtained":[{"floor":6,"key":"Omamori"},{"floor":7,"key":"Juzu Bracelet"},{"floor":9,"key":"Shovel"},{"floor":11,"key":"Lantern"},{"floor":13,"key":"Oddly Smooth Stone"},{"floor":17,"key":"Bag of Preparation"},{"floor":17,"key":"Toxic Egg 2"},{"floor":17,"key":"Du-Vu Doll"},{"floor":20,"key":"Red Mask"}],"event_choices":[{"damage_healed":0,"gold_gain":0,"player_choice":"Entered Light","damage_taken":15,"max_hp_gain":0,"max_hp_loss":0,"event_name":"Shining Light","floor":5,"gold_loss":0,"cards_upgraded":["Zap","Core Surge"]},{"damage_healed":0,"gold_gain":0,"player_choice":"Lose Max HP","damage_taken":0,"relics_obtained":["Golden Idol"],"max_hp_gain":0,"max_hp_loss":6,"event_name":"Golden Idol","floor":10,"gold_loss":0},{"damage_healed":0,"gold_gain":0,"player_choice":"Fought Bandits","damage_taken":0,"max_hp_gain":0,"max_hp_loss":0,"event_name":"Masked Bandits","floor":20,"gold_loss":0},{"damage_healed":0,"gold_gain":99,"player_choice":"Stole From Cult","damage_taken":0,"max_hp_gain":0,"max_hp_loss":0,"event_name":"Nest","floor":22,"gold_loss":0}],"is_beta":false,"boss_relics":[{"not_picked":["Philosopher\u0027s Stone","Busted Crown"],"picked":"Calling Bell"}],"items_purged_floors":[],"is_endless":false,"potions_floor_spawned":[1,3,6,11,13,14],"killed_by":"Book of Stabbing","ascension_level":7}