{"gold_per_floor":[114,128,140,215,271,271,282,282,282,301,335,350,365,390,390,491,491,504,486,486,498,374,374],"floor_reached":23,"playtime":853,"items_purged":["Normality"],"score":205,"play_id":"8439d8db-0540-4254-b063-40dc722486e4","local_time":"20190121212830","is_ascension_mode":false,"campfire_choices":[{"data":"Zap","floor":6,"key":"SMITH"},{"data":"Doom and Gloom","floor":8,"key":"SMITH"},{"floor":15,"key":"REST"}],"neow_cost":"NONE","seed_source_timestamp":354026658764670,"circlet_count":0,"master_deck":["Strike_B","Strike_B","Strike_B","Strike_B","Defend_B","Defend_B","Defend_B","Defend_B","Zap+1","Dualcast","Loop","Cold Snap","Doom and Gloom+1","Rebound","Buffer","Loop","Leap","Echo Form","Shame","Doubt","White Noise+1","Streamline+1","Glacier","Conserve Battery"],"relics":["Cracked Core","Bottled Lightning","Mercury Hourglass","Calling Bell","Boot","Molten Egg 2","FossilizedHelix"],"potions_floor_usage":[0,11,13,14,21,23],"damage_taken":[{"damage":8,"enemies":"2 Louse","floor":1,"turns":2},{"damage":8,"enemies":"Jaw Worm","floor":2,"turns":3},{"damage":0,"enemies":"Cultist","floor":3,"turns":3},{"damage":10,"enemies":"Red Slaver","floor":7,"turns":4},{"damage":0,"enemies":"3 Louse","floor":10,"turns":1},{"damage":4,"enemies":"Gremlin Nob","floor":11,"turns":3},{"damage":5,"enemies":"Looter","floor":12,"turns":2},{"damage":7,"enemies":"Lots of Slimes","floor":13,"turns":2},{"damage":17,"enemies":"3 Sentries","floor":14,"turns":8},{"damage":18,"enemies":"The Guardian","floor":16,"turns":7},{"damage":3,"enemies":"Chosen","floor":18,"turns":6},{"damage":27,"enemies":"2 Thieves","floor":19,"turns":5},{"damage":17,"enemies":"Centurion and Healer","floor":21,"turns":7},{"damage":35,"enemies":"Book of Stabbing","floor":23,"turns":4}],"seed_played":"2328213315448265826","potions_obtained":[{"floor":0,"key":"FearPotion"},{"floor":0,"key":"Fruit Juice"},{"floor":0,"key":"Swift Potion"},{"floor":10,"key":"AttackPotion"},{"floor":12,"key":"LiquidBronze"},{"floor":13,"key":"SkillPotion"},{"floor":14,"key":"EssenceOfSteel"},{"floor":16,"key":"Weak Potion"},{"floor":18,"key":"Energy Potion"},{"floor":21,"key":"SneckoOil"}],"is_trial":false,"path_per_floor":["M","M","M","?","?","R","M","R","T","M","E","M","M","E","R","B",null,"M","M","?","M","$","E"],"character_chosen":"DEFECT","items_purchased":["Conserve Battery"],"campfire_rested":1,"item_purchase_floors":[22],"current_hp_per_floor":[72,64,64,53,53,53,43,43,43,43,39,34,27,10,34,16,80,77,50,50,33,33,0],"gold":374,"neow_bonus":"THREE_SMALL_POTIONS","is_prod":false,"is_daily":false,"chose_seed":false,"campfire_upgraded":2,"win_rate":0,"timestamp":1548134910,"path_taken":["M","M","M","?","?","R","M","R","T","M","E","M","M","E","R","BOSS","M","M","?","M","$","E"],"build_version":"2019-01-17v2","purchased_purges":1,"victory":false,"max_hp_per_floor":[80,80,80,80,80,80,80,80,80,80,80,80,80,80,80,80,80,80,80,80,80,80,80],"card_choices":[{"not_picked":["Turbo","Stack"],"picked":"Loop","floor":1},{"not_picked":["Beam Cell","Steam"],"picked":"Cold Snap","floor":2},{"not_picked":["Steam","Leap"],"picked":"Doom and Gloom","floor":3},{"not_picked":["Beam Cell","Coolheaded"],"picked":"Rebound","floor":7},{"not_picked":["Storm","Aggregate"],"picked":"Buffer","floor":10},{"not_picked":["Storm","Streamline"],"picked":"Loop","floor":11},{"not_picked":["Chaos","Turbo"],"picked":"Leap","floor":12},{"not_picked":["Darkness","Streamline","Leap"],"picked":"SKIP","floor":13},{"not_picked":["Tempest","Steam","Sweeping Beam"],"picked":"SKIP","floor":14},{"not_picked":["Fission","Amplify"],"picked":"Echo Form","floor":16},{"not_picked":["Amplify","Cold Snap+1"],"picked":"White Noise+1","floor":18},{"not_picked":["Stack","Beam Cell+1"],"picked":"Streamline+1","floor":19},{"not_picked":["Steam+1","Go for the Eyes+1"],"picked":"Glacier","floor":21}],"player_experience":241555,"relics_obtained":[{"floor":11,"key":"Bottled Lightning"},{"floor":14,"key":"Mercury Hourglass"},{"floor":17,"key":"Boot"},{"floor":17,"key":"Molten Egg 2"},{"floor":17,"key":"FossilizedHelix"}],"event_choices":[{"damage_healed":0,"gold_gain":75,"player_choice":"Gather Gold","damage_taken":11,"max_hp_gain":0,"max_hp_loss":0,"event_name":"World of Goop","floor":4,"gold_loss":0},{"damage_healed":0,"gold_gain":56,"player_choice":"Gained Gold","damage_taken":0,"max_hp_gain":0,"max_hp_loss":0,"event_name":"Golden Wing","floor":5,"gold_loss":0},{"damage_healed":0,"gold_gain":0,"player_choice":"Ignored","damage_taken":0,"max_hp_gain":0,"max_hp_loss":0,"event_name":"Ghosts","floor":20,"gold_loss":0}],"is_beta":false,"boss_relics":[{"not_picked":["Empty Cage","Tiny House"],"picked":"Calling Bell"}],"items_purged_floors":[22],"is_endless":false,"potions_floor_spawned":[10,12,13,14,16,18,21],"killed_by":"Book of Stabbing","ascension_level":0}