{"gold_per_floor":[117,128,128,146,161,161,193,209,209,209,209,209,10,20,20,92,92,105,105,115,135,85,85,413,413,413,305,305,320,320,334,334,408,408,425,443,443,443,457,457,467,480,506,526,526,557,557,567,567,567],"floor_reached":50,"playtime":5457,"items_purged":["Strike_B","Strike_B","Parasite"],"score":1142,"play_id":"d331f7b7-a0da-41e7-a919-e4e73a78e416","local_time":"20190208215115","is_ascension_mode":true,"campfire_choices":[{"data":"Streamline","floor":6,"key":"SMITH"},{"data":"Coolheaded","floor":11,"key":"SMITH"},{"data":"Biased Cognition","floor":15,"key":"SMITH"},{"floor":23,"key":"REST"},{"floor":25,"key":"REST"},{"floor":30,"key":"REST"},{"floor":32,"key":"REST"},{"data":"Buffer","floor":40,"key":"SMITH"},{"floor":47,"key":"RECALL"},{"floor":49,"key":"REST"}],"neow_cost":"NONE","seed_source_timestamp":1895502999189177,"circlet_count":0,"master_deck":["AscendersBane","Zap+1","Dualcast","Coolheaded+1","Lockon","Hologram","Glacier","White Noise","Biased Cognition+1","Ball Lightning","Echo Form","Genetic Algorithm","Turbo+1","Sweeping Beam+1","Compile Driver","Conserve Battery","Buffer+1","Stack","Barrage","Blizzard","Chaos","Darkness","Defragment+1","Stack","Discovery","Glacier+1","Reinforced Body","Hologram+1","Pain","Loop","Compile Driver","Capacitor"],"relics":["Cracked Core","Orichalcum","Smiling Mask","Incense Burner","Cursed Key","Old Coin","Turnip","Pandora\u0027s Box","Unceasing Top"],"potions_floor_usage":[7,16,21,33,35,46,50],"damage_taken":[{"damage":0,"enemies":"2 Louse","floor":1,"turns":2},{"damage":0,"enemies":"Cultist","floor":2,"turns":3},{"damage":2,"enemies":"Small Slimes","floor":4,"turns":2},{"damage":10,"enemies":"Gremlin Gang","floor":5,"turns":5},{"damage":34,"enemies":"Lagavulin","floor":7,"turns":6},{"damage":8,"enemies":"Large Slime","floor":8,"turns":5},{"damage":6,"enemies":"2 Fungi Beasts","floor":14,"turns":3},{"damage":0,"enemies":"Hexaghost","floor":16,"turns":6},{"damage":23,"enemies":"2 Thieves","floor":18,"turns":3},{"damage":1,"enemies":"Chosen","floor":20,"turns":6},{"damage":0,"enemies":"Snake Plant","floor":21,"turns":4},{"damage":50,"enemies":"Slavers","floor":24,"turns":10},{"damage":17,"enemies":"Centurion and Healer","floor":29,"turns":6},{"damage":11,"enemies":"Chosen and Byrds","floor":31,"turns":7},{"damage":4,"enemies":"Collector","floor":33,"turns":10},{"damage":16,"enemies":"Orb Walker","floor":35,"turns":4},{"damage":0,"enemies":"3 Shapes","floor":36,"turns":3},{"damage":0,"enemies":"Spire Growth","floor":39,"turns":8},{"damage":0,"enemies":"Maw","floor":41,"turns":6},{"damage":4,"enemies":"3 Darklings","floor":42,"turns":6},{"damage":1,"enemies":"Sphere and 2 Shapes","floor":44,"turns":6},{"damage":7,"enemies":"Giant Head","floor":46,"turns":10},{"damage":4,"enemies":"Writhing Mass","floor":48,"turns":8},{"damage":79,"enemies":"Time Eater","floor":50,"turns":16}],"seed_played":"-3886693842654355410","potions_obtained":[{"floor":1,"key":"Energy Potion"},{"floor":2,"key":"SpeedPotion"},{"floor":7,"key":"FocusPotion"},{"floor":21,"key":"LiquidBronze"},{"floor":29,"key":"PowerPotion"},{"floor":31,"key":"Explosive Potion"},{"floor":33,"key":"SkillPotion"},{"floor":36,"key":"FearPotion"},{"floor":39,"key":"SpeedPotion"},{"floor":48,"key":"FearPotion"}],"is_trial":false,"path_per_floor":["M","M","?","M","M","R","E","M","T","?","R","?","$","M","R","B",null,"M","?","M","M","$","R","E","R","T","$","?","M","R","M","R","B",null,"M","M","?","?","M","R","M","M","T","M","?","E","R","M","R","B"],"character_chosen":"DEFECT","items_purchased":["Biased Cognition","Compile Driver"],"campfire_rested":5,"item_purchase_floors":[13,27],"current_hp_per_floor":[64,64,71,69,59,59,25,17,17,17,17,17,17,11,11,11,56,33,33,32,32,32,53,3,24,24,24,24,7,27,16,36,32,59,43,43,43,43,43,43,43,39,39,38,38,31,31,27,47,0],"gold":567,"neow_bonus":"RANDOM_COMMON_RELIC","is_prod":false,"is_daily":false,"chose_seed":false,"campfire_upgraded":4,"win_rate":0,"timestamp":1549691475,"path_taken":["M","M","?","M","?","R","E","M","T","?","R","?","$","?","R","BOSS","M","?","M","M","$","R","E","R","T","$","?","M","R","M","R","BOSS","M","?","?","?","M","R","M","M","T","M","?","E","R","M","R","BOSS"],"build_version":"2019-01-23","purchased_purges":3,"victory":false,"max_hp_per_floor":[71,71,71,71,71,71,71,71,71,71,71,71,71,71,71,71,71,71,71,71,71,71,71,71,71,71,68,68,68,68,68,68,68,68,68,68,68,68,68,68,68,68,68,68,68,68,68,68,68,68],"card_choices":[{"not_picked":["Loop","Auto Shields"],"picked":"Streamline","floor":1},{"not_picked":["Double Energy","Stack"],"picked":"Coolheaded","floor":2},{"not_picked":["Steam","Stack"],"picked":"Lockon","floor":4},{"not_picked":["Force Field","Tempest"],"picked":"Hologram","floor":5},{"not_picked":["Streamline","Steam"],"picked":"Glacier","floor":7},{"not_picked":["Beam Cell","Steam"],"picked":"White Noise","floor":8},{"not_picked":["Gash","Aggregate"],"picked":"Ball Lightning","floor":14},{"not_picked":["Rainbow","Reboot"],"picked":"Echo Form","floor":16},{"not_picked":["Cold Snap+1","Beam Cell+1"],"picked":"Genetic Algorithm","floor":18},{"not_picked":["Barrage","Melter"],"picked":"Turbo+1","floor":20},{"not_picked":["Beam Cell","Ball Lightning"],"picked":"Sweeping Beam","floor":21},{"not_picked":["Lockon+1","Aggregate","Tempest"],"picked":"SKIP","floor":24},{"not_picked":["Rip and Tear","Gash","Redo+1"],"picked":"SKIP","floor":29},{"not_picked":["Tempest","Storm"],"picked":"Conserve Battery","floor":31},{"not_picked":["Creative AI","Machine Learning"],"picked":"Buffer","floor":33},{"not_picked":["Streamline","Self Repair"],"picked":"Defragment+1","floor":35},{"not_picked":["Cold Snap","Redo"],"picked":"Stack","floor":36},{"not_picked":["Dramatic Entrance","Impatience"],"picked":"Discovery","floor":38},{"not_picked":["Redo","Loop"],"picked":"Glacier+1","floor":39},{"not_picked":["Gash+1","Redo+1"],"picked":"Reinforced Body","floor":41},{"not_picked":["Tempest","Cold Snap"],"picked":"Hologram+1","floor":42},{"not_picked":["Steam+1","Beam Cell"],"picked":"Loop","floor":44},{"not_picked":["Consume","Amplify"],"picked":"Compile Driver","floor":46},{"not_picked":["Hello World+1","Darkness"],"picked":"Capacitor","floor":48}],"player_experience":830555,"relics_obtained":[{"floor":7,"key":"Smiling Mask"},{"floor":9,"key":"Incense Burner"},{"floor":24,"key":"Old Coin"},{"floor":26,"key":"Turnip"},{"floor":46,"key":"Unceasing Top"}],"event_choices":[{"damage_healed":7,"gold_gain":0,"player_choice":"Full Heal","damage_taken":0,"max_hp_gain":0,"max_hp_loss":0,"event_name":"Wheel of Change","floor":3,"gold_loss":0},{"damage_healed":0,"gold_gain":0,"player_choice":"Grow","damage_taken":0,"max_hp_gain":0,"max_hp_loss":0,"event_name":"Living Wall","floor":10,"gold_loss":0,"cards_upgraded":["Zap"]},{"cards_removed":["Strike_B"],"damage_healed":0,"gold_gain":0,"player_choice":"Offered Basic","damage_taken":0,"max_hp_gain":0,"max_hp_loss":0,"event_name":"Bonfire Elementals","floor":12,"gold_loss":0},{"damage_healed":0,"gold_gain":0,"player_choice":"Ignored","damage_taken":0,"max_hp_gain":0,"max_hp_loss":0,"event_name":"The Mausoleum","floor":19,"gold_loss":0},{"damage_healed":0,"gold_gain":0,"player_choice":"Upgraded","damage_taken":0,"max_hp_gain":0,"max_hp_loss":0,"event_name":"Upgrade Shrine","floor":28,"gold_loss":0,"cards_upgraded":["Sweeping Beam"]},{"cards_removed":["Streamline"],"damage_healed":0,"gold_gain":0,"player_choice":"Removed Attack","damage_taken":0,"max_hp_gain":0,"max_hp_loss":0,"event_name":"Falling","floor":37,"gold_loss":0},{"damage_healed":0,"gold_gain":0,"player_choice":"Memory 1","damage_taken":0,"max_hp_gain":0,"max_hp_loss":0,"event_name":"SensoryStone","floor":38,"gold_loss":0},{"damage_healed":0,"gold_gain":0,"player_choice":"Ignored","damage_taken":0,"max_hp_gain":0,"max_hp_loss":0,"event_name":"Mysterious Sphere","floor":45,"gold_loss":0}],"is_beta":false,"boss_relics":[{"not_picked":["Sozu","Inserter"],"picked":"Cursed Key"},{"not_picked":["Lizard Tail","Runic Dome"],"picked":"Pandora\u0027s Box"}],"items_purged_floors":[13,22,27],"is_endless":false,"potions_floor_spawned":[1,2,7,8,21,29,31,33,36,39,48],"killed_by":"Time Eater","ascension_level":20}