{"gold_per_floor":[219,219,85,97,97,136,136,160,160,178,178,222,222,238,238,367,367,385,19,39,1,1,1,1],"floor_reached":24,"playtime":935,"items_purged":["Strike_B"],"score":275,"play_id":"c4f882dc-584b-460d-96f0-90ce40aea491","local_time":"20190203220147","is_ascension_mode":true,"campfire_choices":[{"data":"Zap","floor":7,"key":"SMITH"},{"floor":11,"key":"REST"},{"data":"Streamline","floor":13,"key":"SMITH"},{"floor":15,"key":"REST"},{"floor":23,"key":"REST"}],"neow_cost":"NONE","seed_source_timestamp":1479242403565368,"circlet_count":0,"master_deck":["Strike_B","Strike_B","Strike_B","Defend_B","Defend_B","Defend_B","Defend_B","Zap+1","Dualcast","Static Discharge","Cold Snap","Blizzard","Streamline+1","Coolheaded","Leap","Sweeping Beam","Machine Learning","Defragment","Ball Lightning","Buffer","Coolheaded","Loop","Hologram","Defragment","Self Repair"],"relics":["Cracked Core","Golden Idol","Calipers","Girya","Boot","Orrery","Matryoshka"],"potions_floor_usage":[6,8,12,16],"damage_taken":[{"damage":3,"enemies":"2 Louse","floor":1,"turns":2},{"damage":5,"enemies":"Small Slimes","floor":4,"turns":4},{"damage":13,"enemies":"Lagavulin","floor":6,"turns":5},{"damage":10,"enemies":"Jaw Worm","floor":8,"turns":2},{"damage":4,"enemies":"Blue Slaver","floor":10,"turns":3},{"damage":20,"enemies":"Gremlin Nob","floor":12,"turns":4},{"damage":8,"enemies":"Large Slime","floor":14,"turns":5},{"damage":11,"enemies":"Slime Boss","floor":16,"turns":10},{"damage":5,"enemies":"Spheric Guardian","floor":18,"turns":4},{"damage":51,"enemies":"3 Byrds","floor":20,"turns":6},{"damage":28,"enemies":"Snake Plant","floor":24,"turns":3}],"seed_played":"-6570675371498708396","potions_obtained":[{"floor":1,"key":"Dexterity Potion"},{"floor":10,"key":"FocusPotion"},{"floor":14,"key":"PowerPotion"}],"is_trial":false,"path_per_floor":["M","?","$","M","?","E","R","M","T","M","R","E","R","M","R","B",null,"M","$","M","$","?","R","M"],"character_chosen":"DEFECT","items_purchased":["Static Discharge","AttackPotion","AttackPotion","Defragment","Matryoshka","Self Repair"],"campfire_rested":3,"item_purchase_floors":[3,3,3,19,19,21],"current_hp_per_floor":[65,65,65,60,42,29,29,19,19,15,37,17,17,9,31,20,61,56,56,5,5,5,27,0],"gold":1,"neow_bonus":"HUNDRED_GOLD","is_prod":false,"is_daily":false,"chose_seed":false,"campfire_upgraded":2,"win_rate":0,"timestamp":1549260107,"path_taken":["M","?","$","M","?","E","R","M","T","M","R","E","R","M","R","BOSS","M","$","M","$","?","R","M"],"build_version":"2019-01-23","purchased_purges":1,"victory":false,"max_hp_per_floor":[75,75,75,75,75,75,75,75,75,75,75,75,75,75,75,75,75,75,75,75,75,75,75,75],"card_choices":[{"not_picked":["Force Field","Beam Cell","Steam"],"picked":"SKIP","floor":1},{"not_picked":["Leap","Compile Driver"],"picked":"Cold Snap","floor":4},{"not_picked":["Stack","Hello World"],"picked":"Blizzard","floor":6},{"not_picked":["Hologram","Blizzard"],"picked":"Streamline","floor":8},{"not_picked":["Compile Driver","Leap"],"picked":"Coolheaded","floor":10},{"not_picked":["Streamline","Meteor Strike"],"picked":"Leap","floor":12},{"not_picked":["Leap","Fusion"],"picked":"Sweeping Beam","floor":14},{"not_picked":["All For One","Amplify"],"picked":"Machine Learning","floor":16},{"not_picked":["Barrage","Compile Driver"],"picked":"Defragment","floor":17},{"not_picked":["Gash","Stack"],"picked":"Ball Lightning","floor":17},{"not_picked":["Barrage","Stack"],"picked":"Buffer","floor":17},{"not_picked":["Redo","Self Repair"],"picked":"Coolheaded","floor":17},{"not_picked":["Rebound","Double Energy"],"picked":"Loop","floor":17},{"not_picked":["Streamline","Turbo+1"],"picked":"Hologram","floor":18},{"not_picked":["Cold Snap","Gash","Blizzard"],"picked":"SKIP","floor":20}],"player_experience":315411,"relics_obtained":[{"floor":6,"key":"Calipers"},{"floor":9,"key":"Girya"},{"floor":12,"key":"Boot"}],"event_choices":[{"damage_healed":0,"gold_gain":0,"player_choice":"Ignored","damage_taken":0,"max_hp_gain":0,"max_hp_loss":0,"event_name":"Shining Light","floor":2,"gold_loss":0},{"damage_healed":0,"gold_gain":0,"player_choice":"Take Damage","damage_taken":18,"relics_obtained":["Golden Idol"],"max_hp_gain":0,"max_hp_loss":0,"event_name":"Golden Idol","floor":5,"gold_loss":0},{"damage_healed":0,"gold_gain":0,"player_choice":"Ignored","damage_taken":0,"max_hp_gain":0,"max_hp_loss":0,"event_name":"Vampires","floor":22,"gold_loss":0}],"is_beta":false,"boss_relics":[{"not_picked":["White Beast Statue","Tiny House"],"picked":"Orrery"}],"items_purged_floors":[19],"is_endless":false,"potions_floor_spawned":[1,4,10,14],"killed_by":"Snake Plant","ascension_level":7}