{"gold_per_floor":[111,111,122,136,150,178,178,189,189,205,205,261,261],"floor_reached":13,"playtime":759,"items_purged":[],"score":131,"play_id":"e3ad439d-e8fe-4645-8e34-8bb6cd066605","local_time":"20181002205255","is_ascension_mode":true,"campfire_choices":[{"floor":7,"key":"REST"}],"neow_cost":"TEN_PERCENT_HP_LOSS","seed_source_timestamp":947476493439548,"circlet_count":0,"master_deck":["Strike_B","Strike_B","Defend_B","Defend_B","Defend_B","Zap","Dualcast","FTL","Darkness","Conserve Battery","Leap","Streamline","Genetic Algorithm","Doom and Gloom","Turbo"],"relics":["Cracked Core","Centennial Puzzle","Blood Vial","Tiny Chest"],"potions_floor_usage":[5],"damage_taken":[{"damage":1,"enemies":"2 Louse","floor":1,"turns":3},{"damage":2,"enemies":"Jaw Worm","floor":3,"turns":3},{"damage":1,"enemies":"Cultist","floor":4,"turns":3},{"damage":17,"enemies":"Lots of Slimes","floor":5,"turns":5},{"damage":28,"enemies":"3 Sentries","floor":6,"turns":8},{"damage":6,"enemies":"Large Slime","floor":8,"turns":5},{"damage":16,"enemies":"Exordium Wildlife","floor":10,"turns":4},{"damage":13,"enemies":"Lagavulin","floor":12,"turns":6},{"damage":12,"enemies":"Gremlin Gang","floor":13,"turns":2}],"seed_played":"-7938753940967874275","potions_obtained":[{"floor":4,"key":"Block Potion"},{"floor":5,"key":"FearPotion"},{"floor":6,"key":"Ancient Potion"}],"is_trial":false,"path_per_floor":["M","?","M","M","M","E","R","M","T","M","?","E"],"character_chosen":"DEFECT","items_purchased":[],"campfire_rested":1,"item_purchase_floors":[],"current_hp_per_floor":[67,72,70,69,52,24,45,39,39,25,18,7,0],"gold":261,"neow_bonus":"REMOVE_TWO","is_prod":false,"is_daily":false,"chose_seed":false,"campfire_upgraded":0,"win_rate":0,"timestamp":1538527975,"path_taken":["M","?","M","M","M","E","R","M","T","?","?","E","M"],"build_version":"2018-09-27","purchased_purges":0,"victory":false,"max_hp_per_floor":[68,73,73,73,73,73,73,73,73,73,73,73,73],"card_choices":[{"not_picked":["Turbo","Redo"],"picked":"FTL","floor":1},{"not_picked":["Sweeping Beam","Redo"],"picked":"Darkness","floor":3},{"not_picked":["Stack","Recycle"],"picked":"Conserve Battery","floor":4},{"not_picked":["Go for the Eyes","Melter"],"picked":"Leap","floor":5},{"not_picked":["Ball Lightning","Turbo"],"picked":"Streamline","floor":6},{"not_picked":["Streamline","Rebound"],"picked":"Genetic Algorithm","floor":8},{"not_picked":["Conserve Battery","Coolheaded"],"picked":"Doom and Gloom","floor":10},{"not_picked":["Rip and Tear","Blizzard"],"picked":"Turbo","floor":12}],"player_experience":536757,"relics_obtained":[{"floor":6,"key":"Centennial Puzzle"},{"floor":9,"key":"Blood Vial"},{"floor":12,"key":"Tiny Chest"}],"event_choices":[{"event_name":"Big Fish","player_choice":"Donut","floor":2,"damage_taken":0},{"event_name":"Golden Wing","player_choice":"Card Removal","floor":11,"damage_taken":0}],"is_beta":false,"boss_relics":[],"items_purged_floors":[],"is_endless":false,"potions_floor_spawned":[4,5,6],"killed_by":"Gremlin Gang","ascension_level":7}