{"gold_per_floor":[116,133,58,75,75,75,88,88,88,88,102,102,102,56,56,158,208,225,125,140,15,31,31,45,45,45,45,55,75,75,75,75,75],"floor_reached":33,"playtime":2128,"items_purged":["Bash","Strike_R","Strike_R"],"score":262,"play_id":"9fcf242f-89f4-47f9-85d9-1dbff58ff188","local_time":"20190106031229","is_ascension_mode":false,"campfire_choices":[{"data":"Cleave","floor":6,"key":"SMITH"},{"data":"Iron Wave","floor":8,"key":"SMITH"},{"data":"Heavy Blade","floor":10,"key":"SMITH"},{"data":"Inflame","floor":15,"key":"SMITH"},{"floor":23,"key":"REST"},{"floor":25,"key":"REST"},{"data":"Shrug It Off","floor":27,"key":"SMITH"},{"data":"Inflame","floor":32,"key":"SMITH"}],"neow_cost":"NONE","seed_source_timestamp":436503360533217,"circlet_count":0,"master_deck":["Strike_R","Strike_R","Strike_R","Defend_R","Defend_R","Defend_R","Defend_R","Cleave+1","Heavy Blade+1","Iron Wave+1","Inflame+1","Shrug It Off+1","Feed+1","Pommel Strike+1","Battle Trance","Flex+1","Inflame+1"],"relics":["Burning Blood","Pantograph","Tiny House","Kunai","MutagenicStrength"],"potions_floor_usage":[33],"damage_taken":[{"damage":3,"enemies":"2 Louse","floor":1,"turns":4},{"damage":7,"enemies":"Small Slimes","floor":2,"turns":3},{"damage":1,"enemies":"Cultist","floor":4,"turns":3},{"damage":1,"enemies":"2 Fungi Beasts","floor":7,"turns":4},{"damage":13,"enemies":"Looter","floor":11,"turns":3},{"damage":46,"enemies":"Slime Boss","floor":16,"turns":13},{"damage":40,"enemies":"Shell Parasite","floor":18,"turns":8},{"damage":20,"enemies":"Spheric Guardian","floor":20,"turns":4},{"damage":53,"enemies":"Centurion and Healer","floor":22,"turns":10},{"damage":32,"enemies":"Snake Plant","floor":24,"turns":6},{"damage":13,"enemies":"Snecko","floor":28,"turns":4},{"damage":9,"enemies":"3 Cultists","floor":29,"turns":5},{"damage":86,"enemies":"Collector","floor":33,"turns":7}],"seed_played":"-6360418140734796637","potions_obtained":[{"floor":2,"key":"Dexterity Potion"},{"floor":11,"key":"Explosive Potion"},{"floor":17,"key":"EntropicBrew"}],"is_trial":false,"path_per_floor":["M","M","$","M","?","R","M","R","T","R","M","?","?","$","R","B",null,"M","$","M","$","M","R","M","R","T","R","M","M","?","?","R","B"],"character_chosen":"IRONCLAD","items_purchased":["Shrug It Off"],"campfire_rested":2,"item_purchase_floors":[14],"current_hp_per_floor":[88,87,87,88,88,88,88,88,88,88,81,86,86,86,86,53,98,64,64,54,54,7,37,11,41,41,41,34,35,35,35,35,0],"gold":75,"neow_bonus":"TEN_PERCENT_HP_BONUS","is_prod":false,"is_daily":false,"chose_seed":false,"campfire_upgraded":6,"win_rate":0.0,"timestamp":1546740749,"path_taken":["M","M","$","M","?","R","M","R","T","R","M","?","?","$","R","BOSS","M","$","M","$","M","R","M","R","T","R","?","M","?","?","R","BOSS"],"build_version":"2019-01-03v4","purchased_purges":3,"victory":false,"max_hp_per_floor":[88,88,88,88,88,88,88,88,88,88,88,93,93,93,93,93,98,98,98,102,102,102,102,102,102,102,102,102,106,106,106,106,106],"card_choices":[{"not_picked":["Thunderclap","Dropkick"],"picked":"Cleave","floor":1},{"not_picked":["Feel No Pain","Clothesline"],"picked":"Heavy Blade","floor":2},{"not_picked":["Sword Boomerang","Clothesline","Clash"],"picked":"SKIP","floor":4},{"not_picked":["Infernal Blade","Flame Barrier"],"picked":"Iron Wave","floor":7},{"not_picked":["Twin Strike","Pummel"],"picked":"Inflame","floor":11},{"not_picked":["Fiend Fire","Impervious"],"picked":"Feed","floor":16},{"not_picked":["Fire Breathing","Warcry","Anger"],"picked":"SKIP","floor":18},{"not_picked":["Dropkick","Anger","Fire Breathing"],"picked":"SKIP","floor":20},{"not_picked":["Double Tap","Bloodletting"],"picked":"Pommel Strike+1","floor":22},{"not_picked":["Rage","Clash+1"],"picked":"Battle Trance","floor":24},{"not_picked":["Cleave","Perfected Strike"],"picked":"Flex+1","floor":28},{"not_picked":["Cleave","Iron Wave+1"],"picked":"Inflame","floor":29}],"player_experience":171590,"relics_obtained":[{"floor":9,"key":"Pantograph"},{"floor":26,"key":"Kunai"}],"event_choices":[{"damage_healed":0,"gold_gain":0,"player_choice":"Ignored","damage_taken":0,"max_hp_gain":0,"max_hp_loss":0,"event_name":"Liars Game","floor":5,"gold_loss":0},{"damage_healed":0,"gold_gain":0,"player_choice":"Donut","damage_taken":0,"max_hp_gain":5,"max_hp_loss":0,"event_name":"Big Fish","floor":12,"gold_loss":0},{"damage_healed":0,"gold_gain":0,"player_choice":"0 cards matched","damage_taken":0,"max_hp_gain":0,"max_hp_loss":0,"event_name":"Match and Keep!","floor":13,"gold_loss":0,"cards_obtained":[]},{"damage_healed":0,"gold_gain":0,"player_choice":"Inject Mutagens","damage_taken":0,"relics_obtained":["MutagenicStrength"],"max_hp_gain":0,"max_hp_loss":0,"event_name":"Drug Dealer","floor":30,"gold_loss":0}],"is_beta":false,"boss_relics":[{"not_picked":["Coffee Dripper","Eternal Feather"],"picked":"Tiny House"}],"items_purged_floors":[3,19,21],"is_endless":false,"potions_floor_spawned":[2,11,18,24,28],"killed_by":"Collector","ascension_level":0}