{"gold_per_floor":[362,376,376,395,411,446,462,487,561,571,587,601,601,601,601,705,705,719,160,177,38,58,93,93,112,112,37,49,49,74,88,88,88],"floor_reached":33,"playtime":6565,"items_purged":["Defend_G","Defend_G"],"score":406,"play_id":"ad2817b1-3f30-4848-a478-0baa5aad7938","local_time":"20180920013758","is_ascension_mode":true,"campfire_choices":[{"floor":15.0,"key":"REST"},{"data":"Dash","floor":24.0,"key":"SMITH"},{"data":"Deadly Poison","floor":32,"key":"SMITH"}],"neow_cost":"PERCENT_DAMAGE","seed_source_timestamp":0,"circlet_count":0,"master_deck":["Defend_G","Defend_G","Strike_G","Strike_G","Strike_G+1","Survivor+1","Neutralize","Cloak And Dagger","Backflip","Venomology","Deadly Poison","Dodge and Roll","Cloak And Dagger","Sucker Punch","After Image","Bouncing Flask","Predator","Malaise","Corpse Explosion","Poisoned Stab","Deflect","Dash+1","Accuracy","Leg Sweep","Corpse Explosion","Choke","Deadly Poison+1","Riddle With Holes","PiercingWail"],"special_seed":0,"relics":["Ring of the Snake","Juzu Bracelet","Calipers","Sundial","Coffee Dripper","The Specimen","Snake Skull","Bird Faced Urn","Mummified Hand","Smiling Mask"],"potions_floor_usage":[33,33,33,33],"damage_taken":[{"damage":0.0,"enemies":"Cultist","floor":1.0,"turns":4.0},{"damage":1.0,"enemies":"2 Louse","floor":2.0,"turns":3.0},{"damage":2.0,"enemies":"Small Slimes","floor":4.0,"turns":3.0},{"damage":1.0,"enemies":"Looter","floor":5.0,"turns":5.0},{"damage":15.0,"enemies":"Lagavulin","floor":6.0,"turns":8.0},{"damage":2.0,"enemies":"Exordium Thugs","floor":7.0,"turns":6.0},{"damage":31.0,"enemies":"3 Sentries","floor":8.0,"turns":13.0},{"damage":0.0,"enemies":"2 Fungi Beasts","floor":10.0,"turns":3.0},{"damage":1.0,"enemies":"3 Louse","floor":11.0,"turns":3.0},{"damage":2.0,"enemies":"Blue Slaver","floor":12.0,"turns":5.0},{"damage":0.0,"enemies":"Hexaghost","floor":16.0,"turns":12.0},{"damage":0.0,"enemies":"Chosen","floor":18.0,"turns":5.0},{"damage":7.0,"enemies":"2 Thieves","floor":20.0,"turns":4.0},{"damage":0.0,"enemies":"Cultist and Chosen","floor":22.0,"turns":6.0},{"damage":26.0,"enemies":"Slavers","floor":23.0,"turns":5.0},{"damage":0.0,"enemies":"Snake Plant","floor":25.0,"turns":6.0},{"damage":0.0,"enemies":"3 Cultists","floor":28.0,"turns":2.0},{"damage":4.0,"enemies":"Book of Stabbing","floor":30.0,"turns":6.0},{"damage":4.0,"enemies":"Chosen and Byrds","floor":31.0,"turns":4.0},{"damage":63,"enemies":"Champ","floor":33,"turns":12}],"seed_played":"437888560842455720","potions_obtained":[{"floor":1.0,"key":"Weak Potion"},{"floor":2.0,"key":"Strength Potion"},{"floor":5.0,"key":"EssenceOfSteel"},{"floor":8.0,"key":"Poison Potion"},{"floor":12.0,"key":"Swift Potion"},{"floor":25.0,"key":"Poison Potion"},{"floor":31.0,"key":"FearPotion"}],"is_trial":false,"path_per_floor":["M","M","?","M","M","E","M","E","T","M","M","M","?","?","R","B",null,"M","$","M","$","M","E","R","M","T","?","M","?","E","M","R"],"character_chosen":"THE_SILENT","items_purchased":["The Specimen","Snake Skull","Deflect","Accuracy"],"campfire_rested":1,"item_purchase_floors":[19,19,19,21],"current_hp_per_floor":[49,48,53,51,50,50,48,32,32,32,31,29,29,14,36,36,75,75,75,68,68,68,42,42,46,46,46,46,46,44,40,40,0],"gold":88,"neow_bonus":"TWO_FIFTY_GOLD","is_prod":false,"is_daily":false,"chose_seed":false,"campfire_upgraded":2,"win_rate":0,"timestamp":1537421878,"path_taken":["M","?","?","M","M","E","M","E","T","M","M","M","?","?","R","BOSS","M","$","M","$","M","E","R","M","T","?","M","?","E","M","R","BOSS"],"build_version":"2018-09-06","purchased_purges":2,"victory":false,"max_hp_per_floor":[70,70,75,75,75,75,75,75,75,75,75,75,75,75,75,75,75,75,75,75,75,75,75,75,75,75,75,75,75,75,75,75,75],"card_choices":[{"not_picked":["Expertise","Blade Dance"],"picked":"Cloak And Dagger","floor":1.0},{"not_picked":["Outmaneuver","Underhanded Strike"],"picked":"Backflip","floor":2.0},{"not_picked":["Skewer","Deflect"],"picked":"Venomology","floor":4.0},{"not_picked":["Heel Hook","Crippling Poison"],"picked":"Deadly Poison","floor":5.0},{"not_picked":["Riddle With Holes","Heel Hook"],"picked":"Dodge and Roll","floor":6.0},{"not_picked":["Dodge and Roll","Flying Knee"],"picked":"Cloak And Dagger","floor":7.0},{"not_picked":["Calculated Gamble","Dagger Throw"],"picked":"Sucker Punch","floor":8.0},{"not_picked":["Cloak And Dagger","Masterful Stab"],"picked":"After Image","floor":10.0},{"not_picked":["Flying Knee","Backstab"],"picked":"Bouncing Flask","floor":11.0},{"not_picked":["Prepared","Deflect"],"picked":"Predator","floor":12.0},{"not_picked":["Night Terror","A Thousand Cuts"],"picked":"Corpse Explosion","floor":16.0},{"not_picked":["Cloak And Dagger","Underhanded Strike"],"picked":"Poisoned Stab","floor":18.0},{"not_picked":["Quick Slash+1","Blur"],"picked":"Dash","floor":20.0},{"not_picked":["Bouncing Flask","Underhanded Strike+1"],"picked":"Leg Sweep","floor":22.0},{"not_picked":["Dagger Throw+1","Cloak And Dagger+1"],"picked":"Corpse Explosion","floor":23.0},{"not_picked":["Dagger Spray","Deflect+1"],"picked":"Choke","floor":25.0},{"not_picked":["Slice","Concentrate"],"picked":"Deadly Poison","floor":28.0},{"not_picked":["Tactician","Underhanded Strike"],"picked":"Riddle With Holes","floor":30.0},{"not_picked":["Envenom","All Out Attack"],"picked":"PiercingWail","floor":31.0}],"player_experience":433687,"relics_obtained":[{"floor":6.0,"key":"Juzu Bracelet"},{"floor":8.0,"key":"Calipers"},{"floor":9.0,"key":"Sundial"},{"floor":23.0,"key":"Bird Faced Urn"},{"floor":26.0,"key":"Mummified Hand"},{"floor":30.0,"key":"Smiling Mask"}],"event_choices":[{"event_name":"Big Fish","player_choice":"Donut","floor":3.0,"damage_taken":0.0},{"event_name":"Transmorgrifier","player_choice":"Transform","floor":13.0,"damage_taken":0.0},{"event_name":"Shining Light","player_choice":"Entered Light","floor":14.0,"damage_taken":0.0},{"event_name":"Beggar","player_choice":"Gave Gold","floor":27.0,"damage_taken":0.0},{"event_name":"Wheel of Change","player_choice":"Card Removal","floor":29.0,"damage_taken":0.0}],"is_beta":false,"boss_relics":[{"not_picked":["Black Star","WristBlade"],"picked":"Coffee Dripper"}],"items_purged_floors":[19,21],"is_endless":false,"potions_floor_spawned":[1,2,5,8,12,18,20,25,31],"killed_by":"Champ","ascension_level":3}