{"gold_per_floor":[114,429,444,459,100,115,145,160,185,200,200,200,215,230,230,330,330,345,360,375,375,390,390,405,420,420,420,435,465,480,507,519,631,643,670,697,559,574,589,619,619,656,656,671,686,701,716,731,731,731],"floor_reached":51,"playtime":3045,"items_purged":[],"score":894,"play_id":"db826de4-26ed-468a-94fe-83bc12a82405","local_time":"20190108012748","daily_mods":["Insanity","Vintage","Night Terrors"],"is_ascension_mode":false,"campfire_choices":[{"data":"Infernal Blade","floor":15,"key":"SMITH"},{"data":"Fiend Fire","floor":23,"key":"SMITH"},{"floor":32,"key":"REST"},{"floor":41,"key":"REST"},{"data":"Brutality","floor":49,"key":"SMITH"}],"neow_cost":"","seed_source_timestamp":0,"circlet_count":0,"master_deck":["Heavy Blade","Wild Strike","Intimidate","Perfected Strike","Bloodletting","True Grit","True Grit","Warcry","Shockwave","Twin Strike","Dual Wield","Flex","Iron Wave","Flame Barrier","Iron Wave+1","True Grit","Combust","Perfected Strike","Body Slam","Flex","Body Slam","Uppercut","Dropkick","Heavy Blade","Uppercut+1","Spot Weakness","Armaments","Wild Strike","Rampage","Twin Strike","Thunderclap","Perfected Strike","Warcry","Disarm","Body Slam","Body Slam","Burning Pact","Heavy Blade","Headbutt","Armaments","Entrench","Rampage","Iron Wave","Wild Strike","Rampage","Havoc","Blood for Blood","Metallicize","Thunderclap","Iron Wave","Infernal Blade+1","Bloodletting","Fiend Fire+1","Necronomicurse","Sever Soul","Brutality+1","Flex","Limit Break","Heavy Blade+1"],"special_seed":17904,"relics":["Black Blood","Nunchaku","Old Coin","Bottled Tornado","Strawberry","Membership Card","Paper Frog","Ornamental Fan","Orichalcum","Bottled Flame","Pen Nib","Ancient Tea Set","Vajra","Calipers","Kunai","Regal Pillow","Runic Cube","Blood Vial","Letter Opener","Boot","Necronomicon","Pear","PreservedInsect","Bag of Preparation","Red Skull","Question Card","Lantern","MawBank","Self Forming Clay","Pantograph","Whetstone","Mummified Hand","Gremlin Horn","Molten Egg 2","Sundial","StoneCalendar","Meat on the Bone","Champion Belt","Potion Belt","Mercury Hourglass","Charon\u0027s Ashes","Bag of Marbles"],"potions_floor_usage":[16,33,50,50,50],"damage_taken":[{"damage":11,"enemies":"Jaw Worm","floor":1,"turns":2},{"damage":2,"enemies":"Small Slimes","floor":2,"turns":3},{"damage":0,"enemies":"Cultist","floor":3,"turns":2},{"damage":2,"enemies":"2 Fungi Beasts","floor":4,"turns":2},{"damage":3,"enemies":"3 Louse","floor":6,"turns":3},{"damage":14,"enemies":"Gremlin Nob","floor":7,"turns":3},{"damage":5,"enemies":"Red Slaver","floor":8,"turns":2},{"damage":2,"enemies":"Gremlin Gang","floor":10,"turns":4},{"damage":0,"enemies":"3 Louse","floor":13,"turns":3},{"damage":6,"enemies":"Exordium Wildlife","floor":14,"turns":3},{"damage":7,"enemies":"Slime Boss","floor":16,"turns":9},{"damage":14,"enemies":"2 Thieves","floor":18,"turns":3},{"damage":8,"enemies":"Shell Parasite","floor":19,"turns":3},{"damage":7,"enemies":"Centurion and Healer","floor":20,"turns":7},{"damage":14,"enemies":"Snake Plant","floor":22,"turns":3},{"damage":0,"enemies":"Snecko","floor":24,"turns":2},{"damage":0,"enemies":"Chosen and Byrds","floor":25,"turns":3},{"damage":11,"enemies":"3 Cultists","floor":28,"turns":4},{"damage":39,"enemies":"Gremlin Leader","floor":29,"turns":3},{"damage":3,"enemies":"Centurion and Healer","floor":30,"turns":2},{"damage":0,"enemies":"Snake Plant","floor":31,"turns":1},{"damage":22,"enemies":"Champ","floor":33,"turns":5},{"damage":1,"enemies":"Orb Walker","floor":35,"turns":2},{"damage":0,"enemies":"3 Shapes","floor":36,"turns":4},{"damage":0,"enemies":"Transient","floor":38,"turns":5},{"damage":6,"enemies":"Spire Growth","floor":39,"turns":3},{"damage":50,"enemies":"Nemesis","floor":40,"turns":5},{"damage":0,"enemies":"2 Orb Walkers","floor":42,"turns":2},{"damage":11,"enemies":"4 Shapes","floor":44,"turns":2},{"damage":19,"enemies":"Writhing Mass","floor":45,"turns":4},{"damage":0,"enemies":"Sphere and 2 Shapes","floor":46,"turns":1},{"damage":15,"enemies":"Maw","floor":47,"turns":4},{"damage":17,"enemies":"3 Darklings","floor":48,"turns":3},{"damage":55,"enemies":"Time Eater","floor":50,"turns":7}],"seed_played":"-1546988897683153099","potions_obtained":[{"floor":2,"key":"SkillPotion"},{"floor":3,"key":"LiquidBronze"},{"floor":4,"key":"Ancient Potion"},{"floor":8,"key":"FearPotion"},{"floor":13,"key":"SpeedPotion"},{"floor":16,"key":"BloodPotion"},{"floor":22,"key":"SteroidPotion"},{"floor":25,"key":"EntropicBrew"},{"floor":33,"key":"SpeedPotion"},{"floor":38,"key":"Strength Potion"},{"floor":47,"key":"SpeedPotion"}],"is_trial":false,"path_per_floor":["M","M","M","M","$","M","E","M","T","M","?","?","M","M","R","B",null,"M","M","M","?","M","R","M","M","T","?","M","E","M","M","R","B",null,"M","M","$","M","M","E","R","?","T","M","M","M","M","M","R","B",null],"character_chosen":"IRONCLAD","items_purchased":["Infernal Blade","Membership Card","Paper Frog","Flex","Mummified Hand"],"campfire_rested":2,"item_purchase_floors":[5,5,5,37,37],"current_hp_per_floor":[75,79,80,87,87,87,79,80,80,84,84,84,87,87,87,86,87,79,79,80,64,68,68,76,84,84,84,81,50,55,63,92,76,92,92,92,92,92,92,52,87,87,87,86,78,87,82,77,77,54],"gold":731,"neow_bonus":"","is_prod":false,"is_daily":true,"chose_seed":false,"campfire_upgraded":3,"win_rate":0,"timestamp":1546928868,"path_taken":["M","M","M","M","$","M","E","M","T","M","?","?","M","?","R","BOSS","M","M","M","?","M","R","M","M","T","?","?","E","?","M","R","BOSS","M","M","$","M","M","E","R","?","T","M","M","M","M","M","R","BOSS"],"build_version":"2019-01-03v4","purchased_purges":0,"victory":true,"max_hp_per_floor":[80,80,80,87,87,87,87,87,87,87,87,87,87,87,87,87,87,87,87,87,87,97,97,97,97,97,97,97,97,97,97,92,92,92,92,92,92,92,92,92,87,87,87,87,87,87,87,87,87,87],"card_choices":[{"not_picked":["Armaments","Wild Strike"],"picked":"Bloodletting","floor":7},{"not_picked":["Barricade","Berserk"],"picked":"Fiend Fire","floor":16},{"not_picked":["Anger","Metallicize","Armaments+1"],"picked":"Sever Soul","floor":29},{"not_picked":["Reaper","Berserk","Barricade"],"picked":"Brutality","floor":33},{"not_picked":["Shrug It Off+1","Dual Wield+1","Heavy Blade+1"],"picked":"Limit Break","floor":40},{"not_picked":["Shrug It Off","Twin Strike+1","Sever Soul+1"],"picked":"Heavy Blade+1","floor":42}],"player_experience":74426,"relics_obtained":[{"floor":1,"key":"Nunchaku"},{"floor":2,"key":"Old Coin"},{"floor":3,"key":"Bottled Tornado"},{"floor":4,"key":"Strawberry"},{"floor":6,"key":"Ornamental Fan"},{"floor":7,"key":"Orichalcum"},{"floor":8,"key":"Bottled Flame"},{"floor":9,"key":"Pen Nib"},{"floor":10,"key":"Ancient Tea Set"},{"floor":13,"key":"Kunai"},{"floor":14,"key":"Regal Pillow"},{"floor":18,"key":"Blood Vial"},{"floor":19,"key":"Letter Opener"},{"floor":20,"key":"Boot"},{"floor":21,"key":"Necronomicon"},{"floor":22,"key":"Pear"},{"floor":24,"key":"PreservedInsect"},{"floor":25,"key":"Bag of Preparation"},{"floor":26,"key":"Red Skull"},{"floor":28,"key":"Question Card"},{"floor":29,"key":"Lantern"},{"floor":30,"key":"MawBank"},{"floor":31,"key":"Self Forming Clay"},{"floor":35,"key":"Pantograph"},{"floor":36,"key":"Whetstone"},{"floor":38,"key":"Gremlin Horn"},{"floor":39,"key":"Molten Egg 2"},{"floor":40,"key":"Sundial"},{"floor":42,"key":"StoneCalendar"},{"floor":43,"key":"Meat on the Bone"},{"floor":44,"key":"Champion Belt"},{"floor":45,"key":"Potion Belt"},{"floor":46,"key":"Mercury Hourglass"},{"floor":47,"key":"Charon\u0027s Ashes"},{"floor":48,"key":"Bag of Marbles"}],"event_choices":[{"damage_healed":0,"gold_gain":0,"player_choice":"Box","damage_taken":0,"relics_obtained":["Vajra"],"max_hp_gain":0,"max_hp_loss":0,"event_name":"Big Fish","floor":11,"gold_loss":0,"cards_obtained":["Regret"]},{"damage_healed":0,"gold_gain":0,"player_choice":"Gave Potion","damage_taken":0,"relics_obtained":["Calipers"],"max_hp_gain":0,"max_hp_loss":0,"event_name":"WeMeetAgain","floor":12,"gold_loss":0},{"damage_healed":0,"gold_gain":0,"player_choice":"Obtained Book","damage_taken":16,"max_hp_gain":0,"max_hp_loss":0,"event_name":"Cursed Tome","floor":21,"gold_loss":0},{"cards_removed":["Regret"],"damage_healed":0,"gold_gain":0,"player_choice":"Purged","damage_taken":0,"max_hp_gain":0,"max_hp_loss":0,"event_name":"Purifier","floor":27,"gold_loss":0},{"damage_healed":0,"gold_gain":0,"player_choice":"Fight","damage_taken":0,"max_hp_gain":0,"max_hp_loss":0,"event_name":"Mysterious Sphere","floor":42,"gold_loss":0}],"is_beta":false,"boss_relics":[{"not_picked":["Philosopher\u0027s Stone","Velvet Choker"],"picked":"Runic Cube"},{"not_picked":["Snecko Eye","Empty Cage"],"picked":"Black Blood"}],"items_purged_floors":[],"is_endless":false,"potions_floor_spawned":[2,3,4,8,13,16,19,22,25,31,33,35,36,38,39,47],"ascension_level":0}