{"gold_per_floor":[112,125,125,144,67,67,67,102,102,102,75,103,103,114,114,114],"floor_reached":16,"playtime":556,"items_purged":[],"score":263,"play_id":"0bc7d4bd-0a24-4495-b457-04559347e673","local_time":"20190210180339","is_ascension_mode":true,"campfire_choices":[{"data":"Deadly Poison","floor":6.0,"key":"SMITH"},{"data":"Sucker Punch","floor":10.0,"key":"SMITH"},{"data":"Poisoned Stab","floor":13,"key":"SMITH"},{"floor":15,"key":"REST"}],"neow_cost":"NONE","seed_source_timestamp":0,"circlet_count":0,"master_deck":["AscendersBane","Defend_G","Defend_G","Defend_G","Defend_G","Defend_G","Strike_G","Strike_G","Strike_G","Strike_G","Survivor","Neutralize+1","Flying Knee","Deadly Poison+1","Blade Dance","Corpse Explosion","Sucker Punch+1","Poisoned Stab+1","Bouncing Flask"],"special_seed":0,"relics":["Ring of the Snake","NeowsBlessing","Snake Skull","Singing Bowl","Torii"],"potions_floor_usage":[12,12,16,16],"damage_taken":[{"damage":0.0,"enemies":"Cultist","floor":1.0,"turns":1.0},{"damage":0.0,"enemies":"Small Slimes","floor":2.0,"turns":1.0},{"damage":0.0,"enemies":"Jaw Worm","floor":4.0,"turns":1.0},{"damage":22.0,"enemies":"3 Sentries","floor":8.0,"turns":5.0},{"damage":4,"enemies":"Exordium Thugs","floor":11,"turns":4},{"damage":0,"enemies":"Gremlin Nob","floor":12,"turns":3},{"damage":0,"enemies":"Red Slaver","floor":14,"turns":3},{"damage":58,"enemies":"Slime Boss","floor":16,"turns":9}],"seed_played":"2397211156111637791","potions_obtained":[{"floor":1.0,"key":"Swift Potion"},{"floor":2.0,"key":"FearPotion"},{"floor":11,"key":"PowerPotion"},{"floor":12,"key":"SpeedPotion"},{"floor":14,"key":"SneckoOil"}],"is_trial":false,"path_per_floor":["M","M","?","M","$","R","?","E","T","R","M","E","R","M","R","B"],"character_chosen":"THE_SILENT","items_purchased":["Corpse Explosion"],"campfire_rested":1,"item_purchase_floors":[5],"current_hp_per_floor":[59,59,59,59,59,59,59,37,37,37,33,35,35,35,55,0],"gold":114,"neow_bonus":"THREE_ENEMY_KILL","is_prod":false,"is_daily":false,"chose_seed":false,"campfire_upgraded":3,"win_rate":0,"timestamp":1549839819,"path_taken":["M","?","?","?","?","R","?","E","T","R","M","E","R","M","R","BOSS"],"build_version":"2019-01-23","purchased_purges":0,"victory":false,"max_hp_per_floor":[66,66,66,66,66,66,66,66,66,66,66,68,68,68,68,68],"card_choices":[{"not_picked":["Tactician","Prepared"],"picked":"Flying Knee","floor":1.0},{"not_picked":["Prepared","Flying Knee"],"picked":"Deadly Poison","floor":2.0},{"not_picked":["Accuracy","All Out Attack"],"picked":"Blade Dance","floor":4.0},{"not_picked":["Flechettes","Unload"],"picked":"Sucker Punch","floor":8.0},{"not_picked":["Tactician","Infinite Blades"],"picked":"Poisoned Stab","floor":11},{"not_picked":["Expertise","Flechettes","Quick Slash"],"picked":"Singing Bowl","floor":12},{"not_picked":["Well Laid Plans","Backstab"],"picked":"Bouncing Flask","floor":14}],"player_experience":1198763,"relics_obtained":[{"floor":8.0,"key":"Snake Skull"},{"floor":9.0,"key":"Singing Bowl"},{"floor":12,"key":"Torii"}],"event_choices":[{"damage_healed":0.0,"max_hp_gain":0.0,"max_hp_loss":0.0,"gold_gain":0.0,"event_name":"Accursed Blacksmith","player_choice":"Forge","floor":3.0,"gold_loss":0.0,"damage_taken":0.0,"cards_upgraded":["Neutralize"]},{"cards_removed":["Strike_G"],"damage_healed":0.0,"max_hp_gain":0.0,"max_hp_loss":0.0,"gold_gain":0.0,"event_name":"Purifier","player_choice":"Purged","floor":7.0,"gold_loss":0.0,"damage_taken":0.0}],"is_beta":false,"boss_relics":[],"items_purged_floors":[],"is_endless":false,"potions_floor_spawned":[1,2,11,12,14],"killed_by":"Slime Boss","ascension_level":19}