{"gold_per_floor":[116,136,146,165,181,181,213,213,213,229,229,30,50,79,79,157,157,168,187,134,148,148],"floor_reached":22,"playtime":1958,"items_purged":[],"score":400,"play_id":"995fcd16-efb9-4d15-9b94-b5148563c043","local_time":"20190209124255","is_ascension_mode":true,"campfire_choices":[{"data":"Zap","floor":6,"key":"SMITH"},{"floor":8,"key":"REST"},{"floor":11,"key":"REST"},{"floor":15,"key":"DIG"}],"neow_cost":"NONE","seed_source_timestamp":1952508420175371,"circlet_count":0,"master_deck":["AscendersBane","Strike_B","Strike_B","Strike_B","Strike_B","Defend_B","Defend_B","Defend_B","Defend_B","Zap+1","Dualcast","Glacier","Sweeping Beam","Glacier","Genetic Algorithm","Compile Driver","Compile Driver","FTL","Seek","Ball Lightning","Coolheaded","All For One","Fission","Chaos+1","Capacitor","Redo+1"],"relics":["Cracked Core","Nunchaku","Shovel","Bag of Preparation","Ornamental Fan","WingedGreaves","Eternal Feather","Cables"],"potions_floor_usage":[4,18],"damage_taken":[{"damage":5,"enemies":"2 Louse","floor":1,"turns":2},{"damage":1,"enemies":"Cultist","floor":2,"turns":4},{"damage":0,"enemies":"Small Slimes","floor":3,"turns":5},{"damage":2,"enemies":"3 Louse","floor":4,"turns":2},{"damage":0,"enemies":"Looter","floor":5,"turns":4},{"damage":49,"enemies":"Gremlin Nob","floor":7,"turns":5},{"damage":6,"enemies":"Lots of Slimes","floor":10,"turns":6},{"damage":0,"enemies":"Blue Slaver","floor":13,"turns":4},{"damage":1,"enemies":"3 Sentries","floor":14,"turns":7},{"damage":14,"enemies":"Slime Boss","floor":16,"turns":7},{"damage":9,"enemies":"3 Byrds","floor":18,"turns":7},{"damage":19,"enemies":"Chosen","floor":19,"turns":6},{"damage":21,"enemies":"Snake Plant","floor":21,"turns":4},{"damage":17,"enemies":"Colosseum Slavers","floor":22,"turns":1}],"seed_played":"-8062467835456313228","potions_obtained":[{"floor":2,"key":"Energy Potion"},{"floor":7,"key":"SpeedPotion"},{"floor":10,"key":"Explosive Potion"}],"is_trial":false,"path_per_floor":["M","M","M","M","M","R","E","R","T","M","R","$","M","E","R","B",null,"M","M","?","M","?"],"character_chosen":"DEFECT","items_purchased":["Bag of Preparation","Ball Lightning"],"campfire_rested":2,"item_purchase_floors":[12,12],"current_hp_per_floor":[59,58,58,56,56,56,7,28,28,22,43,43,43,42,42,28,60,51,32,32,11,0],"gold":148,"neow_bonus":"THREE_CARDS","is_prod":false,"is_daily":false,"chose_seed":false,"campfire_upgraded":1,"win_rate":0,"timestamp":1549744975,"path_taken":["M","M","M","M","M","R","E","R","T","M","R","$","M","E","R","BOSS","M","M","?","?","?"],"build_version":"2019-01-23","purchased_purges":0,"victory":false,"max_hp_per_floor":[71,71,71,71,71,71,71,71,71,71,71,71,71,71,71,71,71,71,71,71,71,71],"card_choices":[{"not_picked":["Storm","Rebound"],"picked":"Glacier","floor":0},{"not_picked":["Capacitor","Barrage"],"picked":"Sweeping Beam","floor":1},{"not_picked":["Heatsinks","Static Discharge"],"picked":"Glacier","floor":2},{"not_picked":["Go for the Eyes","Fusion"],"picked":"Genetic Algorithm","floor":3},{"not_picked":["Force Field","Redo"],"picked":"Compile Driver","floor":4},{"not_picked":["Self Repair","Steam"],"picked":"Compile Driver","floor":5},{"not_picked":["Redo","BootSequence"],"picked":"FTL","floor":7},{"not_picked":["Barrage","Reprogram"],"picked":"Seek","floor":10},{"not_picked":["Recycle","Cold Snap"],"picked":"Coolheaded","floor":13},{"not_picked":["Cold Snap","Gash"],"picked":"All For One","floor":14},{"not_picked":["Thunder Strike","Multi-Cast"],"picked":"Fission","floor":16},{"not_picked":["Beam Cell","Turbo"],"picked":"Chaos+1","floor":18},{"not_picked":["Glacier","Chaos"],"picked":"Capacitor","floor":19},{"not_picked":["Gash","Compile Driver"],"picked":"Redo+1","floor":21}],"player_experience":846362,"relics_obtained":[{"floor":7,"key":"Nunchaku"},{"floor":9,"key":"Shovel"},{"floor":14,"key":"Ornamental Fan"},{"floor":15,"key":"WingedGreaves"}],"event_choices":[{"damage_healed":0,"gold_gain":0,"player_choice":"Paid Gold","damage_taken":0,"relics_obtained":["Cables"],"max_hp_gain":0,"max_hp_loss":0,"event_name":"WeMeetAgain","floor":20,"gold_loss":53},{"damage_healed":0,"gold_gain":0,"player_choice":"Fight","damage_taken":0,"max_hp_gain":0,"max_hp_loss":0,"event_name":"Colosseum","floor":22,"gold_loss":0}],"is_beta":false,"boss_relics":[{"not_picked":["Orrery","Lizard Tail"],"picked":"Eternal Feather"}],"items_purged_floors":[],"is_endless":false,"potions_floor_spawned":[2,7,10,13],"killed_by":"Colosseum Slavers","ascension_level":20}