{"gold_per_floor":[117,117,129,129,146,172,188,207,207,60,79,79,112,112,112,216,216,235,250,250,262,262,262,293,311,311,15,15,35,35,45,45,45],"floor_reached":33,"playtime":2799,"items_purged":["Strike_B"],"score":279,"play_id":"e9413786-412a-4cd8-9455-6cd90ae7bdd4","local_time":"20190105020110","is_ascension_mode":false,"campfire_choices":[{"floor":12,"key":"REST"},{"floor":15,"key":"REST"},{"data":"Dualcast","floor":23,"key":"SMITH"},{"floor":28,"key":"REST"},{"floor":30,"key":"REST"},{"floor":32,"key":"REST"}],"neow_cost":"TEN_PERCENT_HP_LOSS","seed_source_timestamp":1320832295339835,"circlet_count":0,"master_deck":["Strike_B","Strike_B","Strike_B","Defend_B","Defend_B","Defend_B","Defend_B","Zap+1","Dualcast+1","All For One","Double Energy","Genetic Algorithm","Ball Lightning","Coolheaded","Sweeping Beam","Melter","Stack","Machine Learning","Auto Shields","Beam Cell","Defragment","Conserve Battery","Reinforced Body","Redo","Glacier"],"relics":["Cracked Core","Darkstone Periapt","Shuriken","Letter Opener","Pen Nib","Smiling Mask","Nuclear Battery","Dodecahedron","Calipers","Frozen Egg 2"],"potions_floor_usage":[16,16,16,24,24,33],"damage_taken":[{"damage":1,"enemies":"2 Louse","floor":1,"turns":2},{"damage":1,"enemies":"Jaw Worm","floor":3,"turns":2},{"damage":2,"enemies":"Small Slimes","floor":5,"turns":3},{"damage":16,"enemies":"Lagavulin","floor":6,"turns":7},{"damage":3,"enemies":"2 Fungi Beasts","floor":7,"turns":3},{"damage":8,"enemies":"Looter","floor":8,"turns":3},{"damage":2,"enemies":"Gremlin Gang","floor":11,"turns":3},{"damage":26,"enemies":"3 Sentries","floor":13,"turns":7},{"damage":10,"enemies":"Slime Boss","floor":16,"turns":9},{"damage":7,"enemies":"Chosen","floor":18,"turns":5},{"damage":5,"enemies":"Shell Parasite","floor":19,"turns":6},{"damage":14,"enemies":"Cultist and Chosen","floor":21,"turns":5},{"damage":34,"enemies":"Gremlin Leader","floor":24,"turns":6},{"damage":17,"enemies":"Centurion and Healer","floor":25,"turns":6},{"damage":12,"enemies":"Shelled Parasite and Fungi","floor":29,"turns":7},{"damage":3,"enemies":"Snecko","floor":31,"turns":6},{"damage":59,"enemies":"Champ","floor":33,"turns":17}],"seed_played":"8074923113620900966","potions_obtained":[{"floor":1,"key":"FocusPotion"},{"floor":3,"key":"Regen Potion"},{"floor":11,"key":"Strength Potion"},{"floor":19,"key":"Regen Potion"},{"floor":21,"key":"AttackPotion"},{"floor":31,"key":"Poison Potion"}],"is_trial":false,"path_per_floor":["M","?","M","?","M","E","M","M","T","$","M","R","E","?","R","B",null,"M","M","?","M","?","R","E","M","T","$","R","M","R","M","R","B"],"character_chosen":"DEFECT","items_purchased":["Pen Nib","Frozen Egg 2"],"campfire_rested":5,"item_purchase_floors":[10,27],"current_hp_per_floor":[67,67,66,63,61,45,42,34,34,34,32,52,26,26,46,51,68,61,56,56,42,42,42,23,6,6,6,26,14,34,31,51,0],"gold":45,"neow_bonus":"THREE_RARE_CARDS","is_prod":false,"is_daily":false,"chose_seed":false,"campfire_upgraded":1,"win_rate":0.0,"timestamp":1546682470,"path_taken":["M","?","M","?","M","E","M","M","T","?","M","R","E","?","R","BOSS","M","M","?","M","?","R","E","M","T","$","R","M","R","M","R","BOSS"],"build_version":"2019-01-03v4","purchased_purges":1,"victory":false,"max_hp_per_floor":[68,68,68,68,68,68,68,68,68,68,68,68,68,68,68,68,68,68,68,68,68,68,68,68,68,68,68,68,68,68,68,68,68],"card_choices":[{"not_picked":["Seek","Biased Cognition"],"picked":"All For One","floor":0},{"not_picked":["Force Field","Reinforced Body","FTL"],"picked":"SKIP","floor":1},{"not_picked":["Force Field","Reinforced Body","FTL"],"picked":"SKIP","floor":1},{"not_picked":["Barrage","Streamline"],"picked":"Double Energy","floor":3},{"not_picked":["Conserve Battery","Gash"],"picked":"Genetic Algorithm","floor":5},{"not_picked":["Electrodynamics","Consume"],"picked":"Ball Lightning","floor":6},{"not_picked":["Ball Lightning","Redo"],"picked":"Coolheaded","floor":7},{"not_picked":["Beam Cell","Capacitor"],"picked":"Sweeping Beam","floor":8},{"not_picked":["Auto Shields","Sweeping Beam"],"picked":"Melter","floor":11},{"not_picked":["Steam","Conserve Battery"],"picked":"Stack","floor":13},{"not_picked":["Rainbow","Reboot"],"picked":"Machine Learning","floor":16},{"not_picked":["Rebound","Barrage"],"picked":"Auto Shields","floor":18},{"not_picked":["Hologram","Ball Lightning+1"],"picked":"Beam Cell","floor":19},{"not_picked":["Steam Power","Hologram","Aggregate"],"picked":"SKIP","floor":21},{"not_picked":["Coolheaded+1","Seek"],"picked":"Conserve Battery","floor":24},{"not_picked":["Barrage+1","Reprogram+1"],"picked":"Reinforced Body","floor":25},{"not_picked":["Hologram","Chill"],"picked":"Redo","floor":29},{"not_picked":["Consume","Rebound"],"picked":"Glacier","floor":31}],"player_experience":79428,"relics_obtained":[{"floor":6,"key":"Shuriken"},{"floor":9,"key":"Letter Opener"},{"floor":13,"key":"Smiling Mask"},{"floor":24,"key":"Dodecahedron"},{"floor":26,"key":"Calipers"}],"event_choices":[{"damage_healed":0,"gold_gain":0,"player_choice":"Grow","damage_taken":0,"max_hp_gain":0,"max_hp_loss":0,"event_name":"Living Wall","floor":2,"gold_loss":0,"cards_upgraded":["Zap"]},{"damage_healed":0,"gold_gain":0,"player_choice":"Success","damage_taken":3,"relics_obtained":["Darkstone Periapt"],"max_hp_gain":0,"max_hp_loss":0,"event_name":"Scrap Ooze","floor":4,"gold_loss":0},{"damage_healed":0,"gold_gain":0,"player_choice":"Ignored","damage_taken":0,"max_hp_gain":0,"max_hp_loss":0,"event_name":"Shining Light","floor":14,"gold_loss":0},{"damage_healed":0,"gold_gain":0,"player_choice":"Read","damage_taken":0,"max_hp_gain":0,"max_hp_loss":0,"event_name":"The Library","floor":20,"gold_loss":0,"cards_obtained":["Defragment"]},{"damage_healed":0,"gold_gain":0,"player_choice":"Ignored","damage_taken":0,"max_hp_gain":0,"max_hp_loss":0,"event_name":"Ghosts","floor":22,"gold_loss":0}],"is_beta":false,"boss_relics":[{"not_picked":["Sozu","Tiny House"],"picked":"Nuclear Battery"}],"items_purged_floors":[27],"is_endless":false,"potions_floor_spawned":[1,3,11,19,21,31],"killed_by":"Champ","ascension_level":0}