{"gold_per_floor":[14,14,33,33,46,81,81,81,81,105,123,158,177,221,221,341,341,361,361,25,39,54,94,94,128,177,177,196,209,233,49,49,179,179,202,216,0,18,18,51,51,91,91,130,149,182,182,205,205,205],"floor_reached":51,"playtime":9268,"items_purged":["Injury","Strike_G+1"],"score":1160,"play_id":"57407d5a-93ed-4962-8fe6-1d765f8cf2d3","local_time":"20180928234252","is_ascension_mode":true,"campfire_choices":[{"data":"Skewer","floor":7.0,"key":"SMITH"},{"floor":15,"key":"REST"},{"data":"Footwork","floor":27,"key":"SMITH"},{"floor":32,"key":"REST"},{"data":"Accuracy","floor":41,"key":"SMITH"},{"data":"Footwork","floor":49,"key":"SMITH"}],"neow_cost":"NO_GOLD","seed_source_timestamp":0,"circlet_count":0,"master_deck":["Defend_G+1","Defend_G+1","Defend_G+1","Defend_G+1","Defend_G+1","Strike_G+1","Strike_G+1","Strike_G+1","Strike_G+1","Survivor","Neutralize","Skewer+1","Flying Knee+1","Backstab","Underhanded Strike","Backflip+1","Distraction+1","After Image","Quick Slash","Prepared+1","Unload+1","Blade Dance+1","J.A.X.+1","Accuracy+1","Eviscerate","Footwork+1","Terror+1","Blade Dance+1","Escape Plan+1","PiercingWail+1","Outmaneuver+1","Acrobatics+1","Bullet Time+1","Footwork+1","After Image","Deflect+1","Backflip+1","Accuracy","Deep Breath+1","Thinking Ahead+1","Riddle With Holes+1","Doubt","Leg Sweep+1","Backflip+1","PiercingWail+1","Writhe","Slice+1"],"special_seed":0,"relics":["Ring of the Snake","Gambling Chip","Orichalcum","Golden Idol","Toxic Egg 2","Ninja Scroll","Pen Nib","Busted Crown","Lantern","Blue Candle","Smiling Mask","Bag of Preparation","Cursed Key","Whetstone","Dream Catcher","Mercury Hourglass","Darkstone Periapt","PreservedInsect"],"potions_floor_usage":[16,16,16,30,33,46,50,50,50],"damage_taken":[{"damage":2.0,"enemies":"2 Louse","floor":1.0,"turns":4.0},{"damage":1.0,"enemies":"Small Slimes","floor":3.0,"turns":4.0},{"damage":17.0,"enemies":"Jaw Worm","floor":5.0,"turns":4.0},{"damage":6.0,"enemies":"3 Sentries","floor":6.0,"turns":8.0},{"damage":0.0,"enemies":"Looter","floor":10.0,"turns":1.0},{"damage":0.0,"enemies":"3 Louse","floor":11.0,"turns":4.0},{"damage":5.0,"enemies":"Gremlin Nob","floor":12.0,"turns":3.0},{"damage":0.0,"enemies":"Lots of Slimes","floor":13.0,"turns":2.0},{"damage":20.0,"enemies":"Lagavulin","floor":14.0,"turns":8.0},{"damage":25,"enemies":"Hexaghost","floor":16,"turns":14},{"damage":0,"enemies":"Spheric Guardian","floor":18,"turns":1},{"damage":0,"enemies":"Chosen","floor":21,"turns":3},{"damage":0,"enemies":"Centurion and Healer","floor":22,"turns":4},{"damage":8,"enemies":"Slavers","floor":23,"turns":4},{"damage":3,"enemies":"Gremlin Leader","floor":25,"turns":4},{"damage":3,"enemies":"Snecko","floor":28,"turns":2},{"damage":3,"enemies":"Chosen and Byrds","floor":29,"turns":3},{"damage":4,"enemies":"Centurion and Healer","floor":30,"turns":5},{"damage":36,"enemies":"Collector","floor":33,"turns":8},{"damage":0,"enemies":"3 Shapes","floor":35,"turns":2},{"damage":0,"enemies":"Orb Walker","floor":36,"turns":2},{"damage":0,"enemies":"4 Shapes","floor":38,"turns":3},{"damage":8,"enemies":"Giant Head","floor":40,"turns":7},{"damage":9,"enemies":"2 Orb Walkers","floor":42,"turns":3},{"damage":3,"enemies":"Giant Head","floor":44,"turns":5},{"damage":0,"enemies":"3 Darklings","floor":45,"turns":2},{"damage":0,"enemies":"2 Orb Walkers","floor":46,"turns":3},{"damage":4,"enemies":"Reptomancer","floor":48,"turns":4},{"damage":18,"enemies":"Donu and Deca","floor":50,"turns":8}],"seed_played":"8037620963946182041","potions_obtained":[{"floor":1.0,"key":"PowerPotion"},{"floor":5.0,"key":"Regen Potion"},{"floor":6.0,"key":"Swift Potion"},{"floor":11.0,"key":"Fire Potion"},{"floor":14.0,"key":"SteroidPotion"},{"floor":16,"key":"Fire Potion"},{"floor":18,"key":"SteroidPotion"},{"floor":21,"key":"AttackPotion"},{"floor":28,"key":"SkillPotion"},{"floor":33,"key":"SkillPotion"},{"floor":35,"key":"GamblersBrew"},{"floor":45,"key":"Fire Potion"},{"floor":48,"key":"EssenceOfSteel"}],"is_trial":false,"path_per_floor":["M","?","M","?","M","E","R","?","T","M","M","E","M","E","R","B",null,"M","?","$","M","M","E","?","E","T","R","M","M","M","$","R","B",null,"M","M","$","M","?","E","R","E","T","E","M","E","?","M","R","B"],"character_chosen":"THE_SILENT","items_purchased":["Accuracy","Lantern","Eviscerate","Bullet Time+1","Footwork","Accuracy","Deep Breath+1"],"campfire_rested":2,"item_purchase_floors":[20,20,20,31,31,37,37],"current_hp_per_floor":[75,80,79,61,44,53,53,53,53,53,53,48,48,28,54,29,74,74,74,74,74,74,66,66,63,63,63,60,57,53,53,79,43,78,78,78,78,78,68,60,60,51,51,48,48,48,76,72,72,54],"gold":205,"neow_bonus":"TWENTY_PERCENT_HP_BONUS","is_prod":false,"is_daily":false,"chose_seed":false,"campfire_upgraded":4,"win_rate":0,"timestamp":1538192572,"path_taken":["M","?","M","?","M","E","R","?","T","M","M","E","M","E","R","BOSS","M","?","$","M","M","E","?","E","T","R","M","M","M","$","R","BOSS","M","M","?","?","?","E","R","E","T","E","M","E","?","M","R","BOSS"],"build_version":"2018-09-27","purchased_purges":2,"victory":true,"max_hp_per_floor":[84,89,89,89,89,89,89,89,89,89,89,89,89,89,89,89,89,89,89,89,89,89,89,89,89,89,89,89,89,89,89,89,89,89,89,89,89,89,89,89,89,89,89,89,89,89,95,95,95,95],"card_choices":[{"not_picked":["Reflex","Bane"],"picked":"Skewer","floor":1.0},{"not_picked":["Quick Slash","Blade Dance"],"picked":"Flying Knee","floor":3.0},{"not_picked":["Masterful Stab","All Out Attack"],"picked":"Backstab","floor":5.0},{"not_picked":["Doppelganger","Setup"],"picked":"Underhanded Strike","floor":6.0},{"not_picked":["Dodge and Roll+1","Bane"],"picked":"Backflip+1","floor":10.0},{"not_picked":["Outmaneuver+1","Endless Agony"],"picked":"Distraction+1","floor":11.0},{"not_picked":["Noxious Fumes","Terror+1"],"picked":"After Image","floor":12.0},{"not_picked":["Sucker Punch","Deadly Poison+1"],"picked":"Quick Slash","floor":13.0},{"not_picked":["Concentrate+1","Dagger Throw"],"picked":"Prepared+1","floor":14.0},{"not_picked":["Wraith Form v2","Night Terror+1"],"picked":"Unload","floor":16},{"not_picked":[],"picked":"Blade Dance+1","floor":18},{"not_picked":[],"picked":"Footwork","floor":21},{"not_picked":[],"picked":"Terror+1","floor":22},{"not_picked":[],"picked":"Blade Dance+1","floor":23},{"not_picked":[],"picked":"Escape Plan+1","floor":25},{"not_picked":[],"picked":"PiercingWail+1","floor":28},{"not_picked":[],"picked":"Outmaneuver+1","floor":29},{"not_picked":[],"picked":"Acrobatics+1","floor":30},{"not_picked":[],"picked":"After Image","floor":33},{"not_picked":[],"picked":"Deflect+1","floor":35},{"not_picked":[],"picked":"Backflip+1","floor":36},{"not_picked":["Outmaneuver+1"],"picked":"SKIP","floor":38},{"not_picked":[],"picked":"Thinking Ahead+1","floor":39},{"not_picked":[],"picked":"Riddle With Holes+1","floor":40},{"not_picked":["Sucker Punch"],"picked":"SKIP","floor":42},{"not_picked":[],"picked":"Leg Sweep+1","floor":44},{"not_picked":[],"picked":"Backflip+1","floor":45},{"not_picked":[],"picked":"PiercingWail+1","floor":46},{"not_picked":[],"picked":"Slice+1","floor":48}],"player_experience":511531,"relics_obtained":[{"floor":6.0,"key":"Orichalcum"},{"floor":9.0,"key":"Toxic Egg 2"},{"floor":12.0,"key":"Ninja Scroll"},{"floor":14.0,"key":"Pen Nib"},{"floor":23,"key":"Blue Candle"},{"floor":25,"key":"Smiling Mask"},{"floor":26,"key":"Bag of Preparation"},{"floor":40,"key":"Whetstone"},{"floor":42,"key":"Dream Catcher"},{"floor":43,"key":"Mercury Hourglass"},{"floor":44,"key":"Darkstone Periapt"},{"floor":46,"key":"PreservedInsect"}],"event_choices":[{"event_name":"Big Fish","player_choice":"Donut","floor":2.0,"damage_taken":0.0},{"event_name":"Scrap Ooze","player_choice":"success","floor":4.0,"damage_taken":18.0},{"event_name":"Golden Idol","player_choice":"Take Wound","floor":8.0,"damage_taken":0.0},{"event_name":"Drug Dealer","player_choice":"Got JAX","floor":19,"damage_taken":0},{"event_name":"Back to Basics","player_choice":"Simplicity","floor":24,"damage_taken":0},{"event_name":"SensoryStone","player_choice":"Memory 3","floor":39,"damage_taken":0},{"event_name":"Winding Halls","player_choice":"Writhe","floor":47,"damage_taken":0}],"is_beta":false,"boss_relics":[{"not_picked":["Empty Cage","Tiny House"],"picked":"Busted Crown"},{"not_picked":["Coffee Dripper","Snecko Eye"],"picked":"Cursed Key"}],"items_purged_floors":[20,37],"is_endless":false,"potions_floor_spawned":[1,5,6,11,14,16,18,21,25,28,33,35,40,45,48],"ascension_level":6}