{"gold_per_floor":[118,128,146,157,173,208,208,229,229,246,321,321,350,363,363,468,468,487,69,249,266,266,266,294,42,42,61,61,76,102,122,122,217,217,232,249,249,77,95,124,124,124,147,147,247,263,263,263,263,263],"floor_reached":50,"playtime":4675,"items_purged":["Strike_R","Strike_R"],"score":846,"play_id":"3f11d83f-c1f6-4774-9e85-79368e4c6a3e","local_time":"20181020211426","is_ascension_mode":true,"campfire_choices":[{"floor":7.0,"key":"REST"},{"floor":12.0,"key":"REST"},{"floor":15.0,"key":"REST"},{"floor":23.0,"key":"REST"},{"floor":28,"key":"REST"},{"floor":32,"key":"REST"},{"data":"Demon Form","floor":44,"key":"SMITH"},{"data":"Armaments","floor":49,"key":"SMITH"}],"neow_cost":"NONE","seed_source_timestamp":0,"circlet_count":0,"master_deck":["Strike_R","Strike_R","Defend_R","Defend_R","Defend_R","Defend_R","Bash+1","AscendersBane","Clothesline","Battle Trance","Spot Weakness","Shrug It Off","Body Slam","Perfected Strike","Infernal Blade","Demon Form+1","Shrug It Off","Perfected Strike+1","Barricade","Wild Strike","Armaments+1","Twin Strike","Shockwave+1","Uppercut","Wild Strike","Spot Weakness+1","Flame Barrier+1","Inflame","Warcry+1","Twin Strike","Seeing Red+1"],"special_seed":0,"relics":["Burning Blood","Potion Belt","Odd Mushroom","Red Skull","Happy Flower","Busted Crown","Whetstone","Strawberry","Toxic Egg 2","Regal Pillow","Shuriken","Bronze Scales","Coffee Dripper","Self Forming Clay","Bag of Preparation"],"potions_floor_usage":[33,33,50,50,50],"damage_taken":[{"damage":4.0,"enemies":"2 Louse","floor":1.0,"turns":4.0},{"damage":4.0,"enemies":"Cultist","floor":2.0,"turns":3.0},{"damage":9.0,"enemies":"Small Slimes","floor":3.0,"turns":5.0},{"damage":9.0,"enemies":"Looter","floor":4.0,"turns":4.0},{"damage":13.0,"enemies":"Red Slaver","floor":5.0,"turns":5.0},{"damage":35.0,"enemies":"Gremlin Nob","floor":6.0,"turns":5.0},{"damage":29.0,"enemies":"The Mushroom Lair","floor":8.0,"turns":6.0},{"damage":28.0,"enemies":"Gremlin Gang","floor":10.0,"turns":6.0},{"damage":12.0,"enemies":"3 Sentries","floor":13.0,"turns":5.0},{"damage":10.0,"enemies":"2 Fungi Beasts","floor":14.0,"turns":3.0},{"damage":48.0,"enemies":"Hexaghost","floor":16.0,"turns":8.0},{"damage":21.0,"enemies":"3 Byrds","floor":18.0,"turns":5.0},{"damage":25.0,"enemies":"2 Thieves","floor":21.0,"turns":3.0},{"damage":39.0,"enemies":"Gremlin Leader","floor":24.0,"turns":9.0},{"damage":12,"enemies":"Snake Plant","floor":27,"turns":3},{"damage":21,"enemies":"Cultist and Chosen","floor":29,"turns":5},{"damage":63,"enemies":"Slavers","floor":30,"turns":6},{"damage":12,"enemies":"Centurion and Healer","floor":31,"turns":6},{"damage":47,"enemies":"Collector","floor":33,"turns":9},{"damage":19,"enemies":"3 Shapes","floor":35,"turns":4},{"damage":21,"enemies":"3 Darklings","floor":36,"turns":4},{"damage":26,"enemies":"Spire Growth","floor":39,"turns":5},{"damage":30,"enemies":"Giant Head","floor":40,"turns":6},{"damage":23,"enemies":"Maw","floor":46,"turns":6},{"damage":93,"enemies":"Donu and Deca","floor":50,"turns":7}],"seed_played":"7088714866119260996","potions_obtained":[{"floor":3.0,"key":"LiquidBronze"},{"floor":4.0,"key":"Ancient Potion"},{"floor":10.0,"key":"Fruit Juice"},{"floor":14.0,"key":"LiquidBronze"},{"floor":27,"key":"Dexterity Potion"},{"floor":30,"key":"EssenceOfSteel"},{"floor":36,"key":"Strength Potion"},{"floor":39,"key":"Poison Potion"}],"is_trial":false,"path_per_floor":["M","M","M","M","M","E","R","?","T","M","?","R","E","M","R","B",null,"M","$","?","M","?","R","E","$","T","M","R","M","E","M","R","B",null,"M","M","?","$","M","E","?","?","T","R","?","M","?","?","R"],"character_chosen":"IRONCLAD","items_purchased":["Whetstone","Strawberry","Armaments","Regal Pillow","Flame Barrier+1","Inflame","Warcry+1"],"campfire_rested":6,"item_purchase_floors":[19,19,19,25,38,38,38],"current_hp_per_floor":[82,84,81,78,71,42,68,45,45,28,17,44,38,34,61,19,75,60,67,37,18,51,81,48,48,48,42,87,72,15,9,54,13,78,65,50,87,87,67,43,43,43,43,43,43,26,87,87,87,0],"gold":263,"neow_bonus":"TEN_PERCENT_HP_BONUS","is_prod":false,"is_daily":false,"chose_seed":false,"campfire_upgraded":2,"win_rate":0,"timestamp":1540084466,"path_taken":["M","M","M","M","M","E","R","?","T","M","?","R","E","M","R","BOSS","M","$","?","M","?","R","E","?","T","M","R","M","E","?","R","BOSS","M","?","?","$","M","E","?","?","T","R","?","?","?","?","R","BOSS"],"build_version":"2018-10-18","purchased_purges":2,"victory":false,"max_hp_per_floor":[88,88,88,88,88,88,88,88,88,93,93,93,93,93,93,93,93,93,100,100,100,100,100,100,100,100,100,100,100,100,100,100,100,100,100,100,87,87,87,87,87,87,87,87,87,87,87,87,87,87],"card_choices":[{"not_picked":["Anger","Second Wind"],"picked":"Clothesline","floor":1.0},{"not_picked":["Sword Boomerang","Intimidate"],"picked":"Battle Trance","floor":2.0},{"not_picked":["Sword Boomerang","Iron Wave"],"picked":"Spot Weakness","floor":3.0},{"not_picked":["Iron Wave","Uppercut"],"picked":"Shrug It Off","floor":4.0},{"not_picked":["Power Through","Headbutt"],"picked":"Body Slam","floor":5.0},{"not_picked":["True Grit","Headbutt"],"picked":"Perfected Strike","floor":6.0},{"not_picked":["Heavy Blade","Disarm"],"picked":"Infernal Blade","floor":8.0},{"not_picked":["True Grit","Havoc"],"picked":"Demon Form","floor":10.0},{"not_picked":["Burning Pact","Corruption"],"picked":"Shrug It Off","floor":13.0},{"not_picked":["Heavy Blade","Brutality"],"picked":"Perfected Strike","floor":14.0},{"not_picked":["Exhume","Brutality"],"picked":"Barricade","floor":16.0},{"not_picked":[],"picked":"Wild Strike","floor":18.0},{"not_picked":[],"picked":"Twin Strike","floor":21.0},{"not_picked":["Havoc"],"picked":"SKIP","floor":24},{"not_picked":[],"picked":"Shockwave+1","floor":27},{"not_picked":["Dropkick"],"picked":"SKIP","floor":29},{"not_picked":[],"picked":"Uppercut","floor":30},{"not_picked":[],"picked":"Wild Strike","floor":31},{"not_picked":["Combust"],"picked":"SKIP","floor":35},{"not_picked":[],"picked":"Spot Weakness+1","floor":36},{"not_picked":["Bloodletting+1"],"picked":"SKIP","floor":39},{"not_picked":[],"picked":"Twin Strike","floor":40},{"not_picked":[],"picked":"Seeing Red+1","floor":46}],"player_experience":627279,"relics_obtained":[{"floor":6.0,"key":"Potion Belt"},{"floor":8.0,"key":"Odd Mushroom"},{"floor":9.0,"key":"Red Skull"},{"floor":13.0,"key":"Happy Flower"},{"floor":24,"key":"Toxic Egg 2"},{"floor":26,"key":"Shuriken"},{"floor":30,"key":"Bronze Scales"},{"floor":40,"key":"Self Forming Clay"},{"floor":43,"key":"Bag of Preparation"}],"event_choices":[{"damage_healed":0.0,"max_hp_gain":0.0,"max_hp_loss":0.0,"gold_gain":0.0,"event_name":"Mushrooms","player_choice":"Fought Mushrooms","floor":8.0,"gold_loss":0.0,"damage_taken":0.0},{"damage_healed":0.0,"max_hp_gain":0.0,"max_hp_loss":0.0,"gold_gain":75.0,"event_name":"World of Goop","player_choice":"Gather Gold","floor":11.0,"gold_loss":0.0,"damage_taken":11.0},{"damage_healed":0.0,"max_hp_gain":0.0,"max_hp_loss":0.0,"gold_gain":180.0,"event_name":"Knowing Skull","player_choice":"GOLD GOLD ","floor":20.0,"potions_obtained":[],"gold_loss":0.0,"damage_taken":30.0,"cards_obtained":[]},{"damage_healed":33.0,"max_hp_gain":0.0,"max_hp_loss":0.0,"gold_gain":0.0,"event_name":"The Library","player_choice":"Heal","floor":22.0,"gold_loss":0.0,"damage_taken":0.0},{"damage_healed":87,"gold_gain":0,"player_choice":"Heal","damage_taken":0,"max_hp_gain":0,"max_hp_loss":13,"event_name":"The Moai Head","floor":37,"gold_loss":0},{"cards_removed":["Strike_R"],"damage_healed":0,"gold_gain":0,"player_choice":"Removed Attack","damage_taken":0,"max_hp_gain":0,"max_hp_loss":0,"event_name":"Falling","floor":41,"gold_loss":0},{"damage_healed":0,"gold_gain":0,"player_choice":"Ignored","damage_taken":0,"max_hp_gain":0,"max_hp_loss":0,"event_name":"SecretPortal","floor":42,"gold_loss":0},{"damage_healed":0,"gold_gain":100,"player_choice":"Pray","damage_taken":0,"max_hp_gain":0,"max_hp_loss":0,"event_name":"Golden Shrine","floor":45,"gold_loss":0},{"damage_healed":61,"gold_gain":0,"player_choice":"Heal","damage_taken":0,"max_hp_gain":0,"max_hp_loss":0,"event_name":"MindBloom","floor":47,"gold_loss":0,"cards_obtained":["Doubt"]},{"cards_removed":["Doubt"],"damage_healed":0,"gold_gain":0,"player_choice":"Removed Curses","damage_taken":0,"max_hp_gain":0,"max_hp_loss":0,"event_name":"Fountain of Cleansing","floor":48,"gold_loss":0}],"is_beta":false,"boss_relics":[{"not_picked":["Runic Pyramid","Pandora\u0027s Box"],"picked":"Busted Crown"},{"not_picked":["Black Star","Orrery"],"picked":"Coffee Dripper"}],"items_purged_floors":[19,25],"is_endless":false,"potions_floor_spawned":[3,4,10,14,27,30,36,39],"killed_by":"Donu and Deca","ascension_level":10}