{"gold_per_floor":[114,189,189,114,127,170,195,195,195,211,211,229,229,248,248,341,341,302,10,10,45,65,65,65,65,65,96,49,77,77,92,92,166,166,180,120,143,161,180,180,66,66,66,92,48,67,289,299,299,299,299,299,299,49,77,77],"floor_reached":56,"playtime":3419,"items_purged":["Decay","Doubt","Clumsy"],"score":1976,"play_id":"dbf30ea9-3911-4514-ad1d-02d67688c0b1","local_time":"20190213034333","is_ascension_mode":true,"campfire_choices":[{"data":"Poisoned Stab","floor":8.0,"key":"SMITH"},{"data":"Neutralize","floor":11.0,"key":"SMITH"},{"data":"Deadly Poison","floor":13.0,"key":"SMITH"},{"data":"Well Laid Plans","floor":15.0,"key":"SMITH"},{"data":"Noxious Fumes","floor":23.0,"key":"SMITH"},{"data":"Footwork","floor":25.0,"key":"SMITH"},{"floor":32.0,"key":"REST"},{"floor":40.0,"key":"RECALL"},{"data":"Backflip","floor":42.0,"key":"SMITH"},{"data":"Footwork","floor":49.0,"key":"SMITH"},{"floor":53.0,"key":"REST"}],"neow_cost":"NONE","seed_source_timestamp":2845826507965954,"circlet_count":0,"master_deck":["AscendersBane","Defend_G+1","Defend_G+1","Defend_G+1","Defend_G+1","Defend_G+1","Strike_G+1","Strike_G+1","Strike_G+1","Strike_G+1","Survivor","Neutralize+1","Backflip+1","PiercingWail","Poisoned Stab+1","Dodge and Roll","Deadly Poison+1","Well Laid Plans+1","Die Die Die","PiercingWail","Noxious Fumes+1","Footwork+1","Slice+1","Acrobatics+1","Cloak And Dagger+1","Footwork+1","PiercingWail+1","After Image","Infinite Blades+1","Dodge and Roll+1","Well Laid Plans","Corpse Explosion+1","PiercingWail+1","PiercingWail+1","Caltrops+1"],"special_seed":0,"relics":["Ring of the Snake","NeowsBlessing","Bloody Idol","Darkstone Periapt","The Courier","Cursed Key","Kunai","Red Mask","Regal Pillow","Toxic Egg 2","Ancient Tea Set","Letter Opener","Black Star","Singing Bowl","Bottled Lightning","Bronze Scales","Thread and Needle","Blood Vial"],"potions_floor_usage":[56],"damage_taken":[{"damage":0.0,"enemies":"Jaw Worm","floor":1.0,"turns":1.0},{"damage":0.0,"enemies":"2 Louse","floor":5.0,"turns":1.0},{"damage":0.0,"enemies":"3 Sentries","floor":6.0,"turns":2.0},{"damage":0.0,"enemies":"Small Slimes","floor":7.0,"turns":5.0},{"damage":0.0,"enemies":"Blue Slaver","floor":10.0,"turns":6.0},{"damage":5.0,"enemies":"Red Slaver","floor":12.0,"turns":4.0},{"damage":1.0,"enemies":"3 Louse","floor":14.0,"turns":5.0},{"damage":17.0,"enemies":"Hexaghost","floor":16.0,"turns":13.0},{"damage":8.0,"enemies":"2 Thieves","floor":18.0,"turns":5.0},{"damage":4.0,"enemies":"Masked Bandits","floor":21.0,"turns":6.0},{"damage":0.0,"enemies":"Spheric Guardian","floor":22.0,"turns":5.0},{"damage":7.0,"enemies":"Book of Stabbing","floor":27.0,"turns":7.0},{"damage":47.0,"enemies":"Slavers","floor":29.0,"turns":6.0},{"damage":0.0,"enemies":"Centurion and Healer","floor":31.0,"turns":7.0},{"damage":1.0,"enemies":"Champ","floor":33.0,"turns":15.0},{"damage":29.0,"enemies":"3 Darklings","floor":35.0,"turns":7.0},{"damage":0.0,"enemies":"Orb Walker","floor":38.0,"turns":4.0},{"damage":3.0,"enemies":"Sphere and 2 Shapes","floor":39.0,"turns":7.0},{"damage":0.0,"enemies":"Reptomancer","floor":44.0,"turns":8.0},{"damage":4.0,"enemies":"Jaw Worm Horde","floor":46.0,"turns":4.0},{"damage":3.0,"enemies":"4 Shapes","floor":48.0,"turns":4.0},{"damage":49.0,"enemies":"Time Eater","floor":50.0,"turns":19.0},{"damage":28.0,"enemies":"Donu and Deca","floor":51.0,"turns":12.0},{"damage":33.0,"enemies":"Shield and Spear","floor":55.0,"turns":10.0},{"damage":59,"enemies":"The Heart","floor":56,"turns":5}],"seed_played":"7634802583166392125","potions_obtained":[{"floor":1.0,"key":"GhostInAJar"},{"floor":7.0,"key":"Swift Potion"},{"floor":22.0,"key":"Weak Potion"},{"floor":27.0,"key":"FairyPotion"},{"floor":31.0,"key":"Block Potion"},{"floor":33.0,"key":"Energy Potion"},{"floor":35.0,"key":"Block Potion"},{"floor":44.0,"key":"PowerPotion"},{"floor":48.0,"key":"LiquidBronze"}],"is_trial":false,"path_per_floor":["M","?","?","?","M","E","M","R","T","M","R","M","R","M","R","B",null,"M","$","?","?","M","R","?","R","T","E","$","E","T","M","R","B",null,"M","$","T","M","M","R","$","R","T","E","$","M","?","M","R","B","B",null,"R","$","E","B"],"character_chosen":"THE_SILENT","items_purchased":["Noxious Fumes","Kunai","Cloak And Dagger+1","Well Laid Plans","PiercingWail+1","Bronze Scales","PiercingWail+1"],"campfire_rested":2,"item_purchase_floors":[19,19,28,41,45,54,54],"current_hp_per_floor":[59,48,48,48,48,48,48,48,48,48,48,43,43,42,42,25,51,43,43,43,39,39,39,39,39,45,43,43,11,17,22,58,62,70,46,46,57,62,64,64,64,64,64,69,69,72,77,81,81,32,4,63,82,82,54,0],"gold":77,"neow_bonus":"THREE_ENEMY_KILL","is_prod":false,"is_daily":false,"chose_seed":false,"campfire_upgraded":8,"win_rate":0,"timestamp":1550025813,"path_taken":["M","?","?","?","M","E","?","R","T","M","R","M","R","M","R","BOSS","M","$","?","?","M","R","?","R","T","E","?","E","?","M","R","BOSS","M","$","?","M","M","R","$","R","T","E","$","M","?","M","R","BOSS","BOSS","R","$","E","BOSS"],"build_version":"2019-02-06","purchased_purges":3,"victory":false,"max_hp_per_floor":[66,66,60,60,60,60,60,60,60,60,60,60,60,60,60,60,60,60,60,60,60,60,60,60,60,66,66,66,66,72,72,72,72,72,72,72,78,78,78,78,78,78,78,78,78,80,80,82,82,82,82,82,82,82,82,82],"card_choices":[{"not_picked":["Deflect","Eviscerate"],"picked":"Backflip","floor":1.0},{"not_picked":["Bane","Riddle With Holes","Underhanded Strike"],"picked":"SKIP","floor":5.0},{"not_picked":["Setup","Dodge and Roll"],"picked":"PiercingWail","floor":6.0},{"not_picked":["Crippling Poison","Prepared"],"picked":"Poisoned Stab","floor":7.0},{"not_picked":["Deflect","Escape Plan"],"picked":"Dodge and Roll","floor":10.0},{"not_picked":["Bane","Dodge and Roll"],"picked":"Deadly Poison","floor":12.0},{"not_picked":["Blur","All Out Attack"],"picked":"Well Laid Plans","floor":14.0},{"not_picked":["Glass Knife","Unload"],"picked":"Die Die Die","floor":16.0},{"not_picked":["Sucker Punch","Riddle With Holes+1"],"picked":"PiercingWail","floor":18.0},{"not_picked":["Expertise","Backflip"],"picked":"Footwork","floor":21.0},{"not_picked":["Quick Slash","Underhanded Strike"],"picked":"Slice+1","floor":22.0},{"not_picked":["Underhanded Strike","Dagger Spray+1"],"picked":"Acrobatics","floor":27.0},{"not_picked":["Sucker Punch+1","Noxious Fumes"],"picked":"Footwork","floor":29.0},{"not_picked":["Grand Finale","Deadly Poison+1"],"picked":"PiercingWail+1","floor":31.0},{"not_picked":["Unload","Tools of the Trade"],"picked":"After Image","floor":33.0},{"not_picked":["Quick Slash","Dash"],"picked":"Infinite Blades+1","floor":35.0},{"not_picked":["Skewer","Outmaneuver+1","Flying Knee"],"picked":"SKIP","floor":38.0},{"not_picked":["Quick Slash","Infinite Blades"],"picked":"Dodge and Roll+1","floor":39.0},{"not_picked":["Quick Slash","Masterful Stab+1"],"picked":"Corpse Explosion+1","floor":44.0},{"not_picked":["Dagger Spray","Cloak And Dagger+1","Blade Dance+1"],"picked":"Singing Bowl","floor":46.0},{"not_picked":["Cloak And Dagger+1","Tactician+1","Dagger Spray"],"picked":"Singing Bowl","floor":48.0},{"not_picked":["Sucker Punch","Endless Agony"],"picked":"Caltrops+1","floor":55.0}],"player_experience":3002396,"relics_obtained":[{"floor":6.0,"key":"Darkstone Periapt"},{"floor":9.0,"key":"The Courier"},{"floor":21.0,"key":"Red Mask"},{"floor":26.0,"key":"Regal Pillow"},{"floor":27.0,"key":"Toxic Egg 2"},{"floor":29.0,"key":"Ancient Tea Set"},{"floor":30.0,"key":"Letter Opener"},{"floor":44.0,"key":"Singing Bowl"},{"floor":44.0,"key":"Bottled Lightning"},{"floor":55.0,"key":"Thread and Needle"},{"floor":55.0,"key":"Blood Vial"}],"event_choices":[{"damage_healed":0.0,"max_hp_gain":0.0,"max_hp_loss":0.0,"gold_gain":75.0,"event_name":"World of Goop","player_choice":"Gather Gold","floor":2.0,"gold_loss":0.0,"damage_taken":11.0},{"damage_healed":0.0,"max_hp_gain":0.0,"max_hp_loss":6.0,"gold_gain":0.0,"event_name":"Golden Idol","player_choice":"Lose Max HP","floor":3.0,"gold_loss":0.0,"damage_taken":0.0,"relics_obtained":["Golden Idol"]},{"cards_removed":["Strike_G"],"damage_healed":0.0,"max_hp_gain":0.0,"max_hp_loss":0.0,"gold_gain":0.0,"event_name":"The Cleric","player_choice":"Card Removal","floor":4.0,"gold_loss":75.0,"damage_taken":0.0},{"damage_healed":0.0,"max_hp_gain":0.0,"max_hp_loss":0.0,"gold_gain":0.0,"event_name":"Back to Basics","player_choice":"Simplicity","floor":20.0,"gold_loss":0.0,"damage_taken":0.0,"cards_upgraded":["Defend_G","Defend_G","Defend_G","Defend_G","Defend_G","Strike_G","Strike_G","Strike_G","Strike_G"]},{"damage_healed":0.0,"max_hp_gain":0.0,"max_hp_loss":0.0,"gold_gain":0.0,"event_name":"Masked Bandits","player_choice":"Fought Bandits","floor":21.0,"gold_loss":0.0,"damage_taken":0.0},{"damage_healed":0.0,"max_hp_gain":0.0,"max_hp_loss":0.0,"gold_gain":0.0,"event_name":"Forgotten Altar","player_choice":"Gave Idol","floor":24.0,"relics_lost":["Golden Idol"],"gold_loss":0.0,"damage_taken":0.0,"relics_obtained":["Bloody Idol"]},{"damage_healed":0.0,"max_hp_gain":0.0,"max_hp_loss":0.0,"gold_gain":222.0,"event_name":"Tomb of Lord Red Mask","player_choice":"Wore Mask","floor":47.0,"gold_loss":0.0,"damage_taken":0.0}],"is_beta":true,"boss_relics":[{"not_picked":["Velvet Choker","Sozu"],"picked":"Cursed Key"},{"not_picked":["Philosopher\u0027s Stone","Runic Dome"],"picked":"Black Star"}],"items_purged_floors":[36,41,54],"is_endless":false,"potions_floor_spawned":[1,7,10,14,22,27,31,33,35,44,48],"killed_by":"The Heart","ascension_level":20}