{"gold_per_floor":[118,128,128,144,164,164,188,208,234,257,275,275,314,330,330,451,451,465,23,44,65,80,80,103,103,130,130,130,170,193,193,193,319,319,343,343,356,356,376,376,52,87,87,87,87,9,24,24],"floor_reached":48,"playtime":3982,"items_purged":["Doubt","Strike_B"],"score":757,"play_id":"f14239be-ef86-430a-8194-8fe539606b83","local_time":"20181024134919","is_ascension_mode":true,"campfire_choices":[{"floor":6.0,"key":"REST"},{"floor":12.0,"key":"REST"},{"floor":15.0,"key":"REST"},{"floor":23.0,"key":"REST"},{"floor":25.0,"key":"REST"},{"floor":27.0,"key":"REST"},{"floor":32.0,"key":"REST"},{"floor":40.0,"key":"REST"},{"floor":44.0,"key":"REST"}],"neow_cost":"CURSE","seed_source_timestamp":0,"circlet_count":0,"master_deck":["Strike_B","Strike_B","Strike_B","Defend_B+1","Defend_B","Defend_B","Defend_B+1","Zap","Dualcast","AscendersBane","Electrodynamics","Steam","Coolheaded","Ball Lightning","Cold Snap","Barrage","Conserve Battery","Doom and Gloom","Darkness","Go for the Eyes","Redo","Seek","Defragment","Apotheosis","Biased Cognition","Darkness","Cold Snap","Leap","BootSequence","Coolheaded","Amplify","Chill","RitualDagger","Compile Driver","Meteor Strike","Sunder+1","Flash of Steel","FTL","Melter+1","Redo+1","Darkness","Blizzard"],"special_seed":0,"relics":["Cracked Core","Golden Idol","Ancient Tea Set","Dream Catcher","Fusion Hammer","Vajra","Pen Nib","Orichalcum","Busted Crown","War Paint","Turnip","Art of War"],"potions_floor_usage":[],"damage_taken":[{"damage":12.0,"enemies":"Small Slimes","floor":1.0,"turns":3.0},{"damage":0.0,"enemies":"2 Louse","floor":2.0,"turns":3.0},{"damage":7.0,"enemies":"Jaw Worm","floor":4.0,"turns":3.0},{"damage":4.0,"enemies":"Red Slaver","floor":5.0,"turns":3.0},{"damage":13.0,"enemies":"Gremlin Gang","floor":7.0,"turns":4.0},{"damage":12.0,"enemies":"Lots of Slimes","floor":8.0,"turns":4.0},{"damage":5.0,"enemies":"2 Fungi Beasts","floor":10.0,"turns":4.0},{"damage":2.0,"enemies":"Large Slime","floor":11.0,"turns":5.0},{"damage":1.0,"enemies":"3 Sentries","floor":13.0,"turns":5.0},{"damage":0.0,"enemies":"Exordium Wildlife","floor":14.0,"turns":3.0},{"damage":28.0,"enemies":"The Guardian","floor":16.0,"turns":9.0},{"damage":9.0,"enemies":"3 Byrds","floor":18.0,"turns":3.0},{"damage":22.0,"enemies":"Spheric Guardian","floor":20.0,"turns":4.0},{"damage":19.0,"enemies":"Centurion and Healer","floor":21.0,"turns":5.0},{"damage":7.0,"enemies":"Snecko","floor":22.0,"turns":5.0},{"damage":14.0,"enemies":"Shelled Parasite and Fungi","floor":24.0,"turns":4.0},{"damage":12.0,"enemies":"Slavers","floor":29.0,"turns":3.0},{"damage":1.0,"enemies":"Chosen and Byrds","floor":30.0,"turns":5.0},{"damage":2.0,"enemies":"Automaton","floor":33.0,"turns":9.0},{"damage":0.0,"enemies":"3 Shapes","floor":35.0,"turns":2.0},{"damage":0.0,"enemies":"Orb Walker","floor":37.0,"turns":5.0},{"damage":5.0,"enemies":"Spire Growth","floor":39.0,"turns":4.0},{"damage":64.0,"enemies":"Giant Head","floor":42.0,"turns":8.0},{"damage":13.0,"enemies":"3 Darklings","floor":47.0,"turns":4.0},{"damage":22,"enemies":"Transient","floor":48,"turns":3}],"seed_played":"3302593187876697706","potions_obtained":[{"floor":5.0,"key":"GamblersBrew"},{"floor":10.0,"key":"Strength Potion"},{"floor":11.0,"key":"Block Potion"},{"floor":14.0,"key":"Explosive Potion"},{"floor":18.0,"key":"SteroidPotion"},{"floor":22.0,"key":"Dexterity Potion"},{"floor":33.0,"key":"Weak Potion"},{"floor":39.0,"key":"SpeedPotion"}],"is_trial":false,"path_per_floor":["M","M","?","M","M","R","M","M","T","M","M","R","E","M","R","B",null,"M","$","M","M","M","R","M","R","T","R","?","E","M","?","R","B",null,"M","?","M","?","M","R","$","E","T","R","?","$","M"],"character_chosen":"DEFECT","items_purchased":["Apotheosis","Biased Cognition","Darkness","FTL","War Paint","Darkness"],"campfire_rested":9,"item_purchase_floors":[19,19,19,41,41,46],"current_hp_per_floor":[56,56,38,31,27,49,36,24,24,19,17,39,38,38,60,32,64,55,55,33,14,7,29,15,37,37,59,59,47,46,40,62,60,71,71,71,71,61,56,75,75,11,11,33,33,33,20,0],"gold":24,"neow_bonus":"THREE_RARE_CARDS","is_prod":false,"is_daily":false,"chose_seed":false,"campfire_upgraded":0,"win_rate":0,"timestamp":1540403359,"path_taken":["M","M","?","?","?","R","M","M","T","M","M","R","E","M","R","BOSS","M","$","M","M","M","R","?","R","T","R","?","E","M","?","R","BOSS","M","?","M","?","M","R","$","E","T","R","?","?","M","?"],"build_version":"2018-10-18","purchased_purges":2,"victory":false,"max_hp_per_floor":[75,75,75,75,75,75,75,75,75,75,75,75,75,75,75,75,75,75,75,75,75,75,75,75,75,75,75,75,75,75,75,75,75,75,75,75,75,75,75,75,75,75,75,75,75,75,75,75],"card_choices":[{"not_picked":["Fission","Thunder Strike"],"picked":"Electrodynamics","floor":0.0},{"not_picked":["Rebound","Streamline"],"picked":"Steam","floor":1.0},{"not_picked":["Sweeping Beam","Conserve Battery"],"picked":"Coolheaded","floor":2.0},{"not_picked":["Amplify","Compile Driver"],"picked":"Ball Lightning","floor":4.0},{"not_picked":["Double Energy","Conserve Battery"],"picked":"Cold Snap","floor":5.0},{"not_picked":["Sweeping Beam","Turbo"],"picked":"Barrage","floor":7.0},{"not_picked":["Sweeping Beam","Compile Driver"],"picked":"Conserve Battery","floor":8.0},{"not_picked":["Ball Lightning","Aggregate"],"picked":"Doom and Gloom","floor":10.0},{"not_picked":["Streamline","Sweeping Beam","Gash"],"picked":"SKIP","floor":11.0},{"not_picked":["Hello World","Doom and Gloom"],"picked":"Darkness","floor":13.0},{"not_picked":["Compile Driver","Stack"],"picked":"Go for the Eyes","floor":14.0},{"not_picked":["Reprogram","Fusion"],"picked":"Redo","floor":15.0},{"not_picked":["Reboot","Meteor Strike"],"picked":"Seek","floor":16.0},{"not_picked":["Conserve Battery","Sweeping Beam"],"picked":"Defragment","floor":18.0},{"not_picked":["Barrage","Sweeping Beam","Skim"],"picked":"SKIP","floor":20.0},{"not_picked":["Streamline","Leap"],"picked":"Cold Snap","floor":21.0},{"not_picked":["Redo+1","Reprogram+1"],"picked":"Leap","floor":22.0},{"not_picked":["Gash","Chill"],"picked":"BootSequence","floor":23.0},{"not_picked":["Aggregate+1","Ball Lightning"],"picked":"Chill","floor":24.0},{"not_picked":["Streamline","Turbo+1"],"picked":"Coolheaded","floor":25.0},{"not_picked":["Gash+1","Redo"],"picked":"Amplify","floor":27.0},{"not_picked":["Steam+1","Redo"],"picked":"Chill","floor":29.0},{"not_picked":["Redo","Sweeping Beam","Turbo"],"picked":"SKIP","floor":30.0},{"not_picked":["Rebound","Steam"],"picked":"Compile Driver","floor":32.0},{"not_picked":["Multi-Cast","All For One"],"picked":"Meteor Strike","floor":33.0},{"not_picked":["Turbo"],"picked":"SKIP","floor":35.0},{"not_picked":[],"picked":"Sunder+1","floor":37.0},{"not_picked":[],"picked":"Flash of Steel","floor":38.0},{"not_picked":["Sweeping Beam"],"picked":"SKIP","floor":39.0},{"not_picked":[],"picked":"Melter+1","floor":42.0},{"not_picked":[],"picked":"Redo+1","floor":44.0},{"not_picked":[],"picked":"Blizzard","floor":47.0}],"player_experience":656298,"relics_obtained":[{"floor":9.0,"key":"Ancient Tea Set"},{"floor":13.0,"key":"Dream Catcher"},{"floor":26.0,"key":"Vajra"},{"floor":29.0,"key":"Orichalcum"},{"floor":42.0,"key":"Turnip"},{"floor":43.0,"key":"Art of War"}],"event_choices":[{"damage_healed":0.0,"max_hp_gain":0.0,"max_hp_loss":0.0,"gold_gain":0.0,"event_name":"Golden Idol","player_choice":"Take Damage","floor":3.0,"gold_loss":0.0,"damage_taken":18.0,"relics_obtained":["Golden Idol"]},{"damage_healed":0.0,"max_hp_gain":0.0,"max_hp_loss":0.0,"gold_gain":0.0,"event_name":"The Mausoleum","player_choice":"Opened","floor":28.0,"gold_loss":0.0,"damage_taken":0.0,"relics_obtained":["Pen Nib"]},{"damage_healed":0.0,"max_hp_gain":0.0,"max_hp_loss":0.0,"gold_gain":0.0,"event_name":"Nest","player_choice":"Joined the Cult","floor":31.0,"gold_loss":0.0,"damage_taken":6.0,"cards_obtained":["RitualDagger"]},{"damage_healed":0.0,"max_hp_gain":0.0,"max_hp_loss":0.0,"gold_gain":0.0,"event_name":"Tomb of Lord Red Mask","player_choice":"Ignored","floor":36.0,"gold_loss":0.0,"damage_taken":0.0},{"damage_healed":0.0,"max_hp_gain":0.0,"max_hp_loss":0.0,"gold_gain":0.0,"event_name":"SensoryStone","player_choice":"Memory 3","floor":38.0,"gold_loss":0.0,"damage_taken":10.0},{"cards_removed":["Chill"],"damage_healed":0.0,"max_hp_gain":0.0,"max_hp_loss":0.0,"gold_gain":0.0,"event_name":"Falling","player_choice":"Removed Skill","floor":45.0,"gold_loss":0.0,"damage_taken":0.0}],"is_beta":false,"boss_relics":[{"not_picked":["Runic Dome","Eternal Feather"],"picked":"Fusion Hammer"},{"not_picked":["Calling Bell","Empty Cage"],"picked":"Busted Crown"}],"items_purged_floors":[19,41],"is_endless":false,"potions_floor_spawned":[5,10,11,14,18,22,33,37,39],"killed_by":"Transient","ascension_level":10}