{"gold_per_floor":[119,135,14,14,28,28,45,57,57,72,72,83,83,121,121,247,310,334,347,371,296,309,309,350,371,452,3,3,3,128,147,147,275,275,296,315,109,209,232,232,232],"floor_reached":41,"playtime":7966,"items_purged":["Strike_R","Strike_R","Strike_R+1"],"score":442,"play_id":"a360644a-57a7-437e-bb2c-355f708b72b6","local_time":"20190107180825","is_ascension_mode":false,"campfire_choices":[{"data":"Pommel Strike","floor":6.0,"key":"SMITH"},{"data":"Body Slam","floor":11.0,"key":"SMITH"},{"data":"Bash","floor":15.0,"key":"SMITH"},{"data":"Whirlwind","floor":23.0,"key":"SMITH"},{"data":"Flame Barrier","floor":28.0,"key":"SMITH"},{"data":"Fiend Fire","floor":32,"key":"SMITH"},{"data":"Barricade","floor":40,"key":"SMITH"}],"neow_cost":"NONE","seed_source_timestamp":0,"circlet_count":0,"master_deck":["Strike_R+1","Defend_R+1","Defend_R+1","Defend_R+1","Defend_R+1","Bash+1","Uppercut+1","Anger+1","Pommel Strike+1","Headbutt","Shrug It Off","Body Slam+1","Flame Barrier+1","Fiend Fire+1","Pommel Strike","Whirlwind+1","Shrug It Off+1","Warcry+1","Battle Trance+1","Flame Barrier+1","Barricade+1","Burning Pact+1"],"special_seed":0,"relics":["Burning Blood","Torii","Golden Idol","Toxic Egg 2","Tiny House","Prayer Wheel","Mummified Hand","Orichalcum","Lee\u0027s Waffle","Magic Flower","Letter Opener","White Beast Statue"],"potions_floor_usage":[33,41,41],"damage_taken":[{"damage":1.0,"enemies":"Cultist","floor":1.0,"turns":4.0},{"damage":5.0,"enemies":"Jaw Worm","floor":2.0,"turns":3.0},{"damage":5.0,"enemies":"2 Louse","floor":5.0,"turns":2.0},{"damage":8.0,"enemies":"Exordium Wildlife","floor":7.0,"turns":3.0},{"damage":3.0,"enemies":"Large Slime","floor":8.0,"turns":5.0},{"damage":2.0,"enemies":"Blue Slaver","floor":10.0,"turns":3.0},{"damage":2.0,"enemies":"Red Slaver","floor":12.0,"turns":3.0},{"damage":14.0,"enemies":"Lagavulin","floor":14.0,"turns":6.0},{"damage":14.0,"enemies":"Slime Boss","floor":16.0,"turns":11.0},{"damage":3.0,"enemies":"Shell Parasite","floor":18.0,"turns":5.0},{"damage":15.0,"enemies":"Chosen","floor":19.0,"turns":5.0},{"damage":9.0,"enemies":"Centurion and Healer","floor":20.0,"turns":5.0},{"damage":15.0,"enemies":"Shelled Parasite and Fungi","floor":22.0,"turns":8.0},{"damage":40.0,"enemies":"Slavers","floor":24.0,"turns":5.0},{"damage":30.0,"enemies":"Sentry and Sphere","floor":25.0,"turns":7.0},{"damage":10,"enemies":"Colosseum Slavers","floor":30,"turns":6},{"damage":8,"enemies":"Colosseum Nobs","floor":30,"turns":5},{"damage":6,"enemies":"Centurion and Healer","floor":31,"turns":7},{"damage":66,"enemies":"Automaton","floor":33,"turns":12},{"damage":13,"enemies":"Orb Walker","floor":35,"turns":4},{"damage":18,"enemies":"3 Shapes","floor":36,"turns":8},{"damage":58,"enemies":"Transient","floor":39,"turns":5},{"damage":89,"enemies":"Giant Head","floor":41,"turns":9}],"seed_played":"6238453377655704837","potions_obtained":[{"floor":8.0,"key":"SneckoOil"},{"floor":12.0,"key":"SpeedPotion"},{"floor":14.0,"key":"EssenceOfSteel"},{"floor":18.0,"key":"FearPotion"},{"floor":30,"key":"Dexterity Potion"},{"floor":33,"key":"BloodPotion"}],"is_trial":false,"path_per_floor":["M","M","$","?","M","R","M","M","T","M","R","M","?","E","R","B",null,"M","M","M","?","M","R","E","M","T","$","R","?","?","M","R","B",null,"M","M","$","?","M","R","E"],"character_chosen":"IRONCLAD","items_purchased":["Pommel Strike","Orichalcum","Lee\u0027s Waffle","Burning Pact+1"],"campfire_rested":0,"item_purchase_floors":[3,27,27,37],"current_hp_per_floor":[88,88,88,88,88,88,86,88,88,88,88,88,66,58,58,50,93,93,84,81,81,72,72,38,14,14,100,100,100,94,97,97,40,100,96,87,87,87,38,38,0],"gold":232,"neow_bonus":"TEN_PERCENT_HP_BONUS","is_prod":false,"is_daily":false,"chose_seed":false,"campfire_upgraded":7,"win_rate":0.0,"timestamp":1546880905,"path_taken":["M","M","?","?","M","R","?","M","T","M","R","M","?","E","R","BOSS","M","M","M","?","M","R","E","M","T","$","R","?","?","M","R","BOSS","M","M","$","?","M","R","E"],"build_version":"2019-01-03v4","purchased_purges":3,"victory":false,"max_hp_per_floor":[88,88,88,88,88,88,88,88,88,88,88,88,88,88,88,88,93,93,93,93,93,93,93,93,93,93,100,100,100,100,100,100,100,100,100,100,100,100,100,100,100],"card_choices":[{"not_picked":["Warcry","Clash"],"picked":"Uppercut","floor":1.0},{"not_picked":["True Grit","Twin Strike"],"picked":"Anger","floor":2.0},{"not_picked":["Second Wind","Rage"],"picked":"Headbutt","floor":5.0},{"not_picked":["Blood for Blood","Perfected Strike"],"picked":"Shrug It Off","floor":7.0},{"not_picked":["Uppercut","Sword Boomerang"],"picked":"Body Slam","floor":8.0},{"not_picked":["Clash","Wild Strike","Berserk"],"picked":"SKIP","floor":10.0},{"not_picked":["Battle Trance","Flex"],"picked":"Flame Barrier","floor":12.0},{"not_picked":["Offering+1","Exhume+1"],"picked":"Fiend Fire","floor":16.0},{"not_picked":["Reckless Charge","Havoc+1","Sword Boomerang"],"picked":"SKIP","floor":18.0},{"not_picked":["Anger","Combust"],"picked":"Pommel Strike","floor":19.0},{"not_picked":["True Grit+1","Rupture+1"],"picked":"Whirlwind","floor":20.0},{"not_picked":["Dark Embrace","Perfected Strike","Whirlwind"],"picked":"SKIP","floor":22.0},{"not_picked":["True Grit+1","Infernal Blade+1"],"picked":"Shrug It Off+1","floor":24.0},{"not_picked":["Wild Strike","Anger"],"picked":"Warcry+1","floor":25.0},{"not_picked":["Second Wind+1","Clothesline","Perfected Strike"],"picked":"SKIP","floor":25.0},{"not_picked":["Anger+1","Thunderclap+1"],"picked":"Battle Trance+1","floor":31},{"not_picked":["Flex+1","Shrug It Off+1"],"picked":"Flame Barrier+1","floor":31},{"not_picked":["Berserk","Immolate"],"picked":"Barricade","floor":33},{"not_picked":["Sword Boomerang+1","Body Slam","Ghostly Armor+1"],"picked":"SKIP","floor":35},{"not_picked":["Twin Strike","Pummel","Ghostly Armor+1"],"picked":"SKIP","floor":35},{"not_picked":["Warcry+1","Battle Trance+1","Corruption+1"],"picked":"SKIP","floor":36},{"not_picked":["Clash","Iron Wave+1","Twin Strike"],"picked":"SKIP","floor":36},{"not_picked":["Warcry+1","Dual Wield+1","Berserk"],"picked":"SKIP","floor":39},{"not_picked":["Body Slam+1","Heavy Blade+1","Dual Wield+1"],"picked":"SKIP","floor":39}],"player_experience":200878,"relics_obtained":[{"floor":9.0,"key":"Torii"},{"floor":14.0,"key":"Toxic Egg 2"},{"floor":24.0,"key":"Prayer Wheel"},{"floor":26.0,"key":"Mummified Hand"},{"floor":30,"key":"Magic Flower"},{"floor":30,"key":"Letter Opener"}],"event_choices":[{"damage_healed":0.0,"max_hp_gain":0.0,"max_hp_loss":0.0,"gold_gain":0.0,"event_name":"Upgrade Shrine","player_choice":"Upgraded","floor":4.0,"gold_loss":0.0,"damage_taken":0.0,"cards_upgraded":["Uppercut"]},{"damage_healed":0.0,"max_hp_gain":0.0,"max_hp_loss":0.0,"gold_gain":0.0,"event_name":"Golden Idol","player_choice":"Take Damage","floor":13.0,"gold_loss":0.0,"damage_taken":22.0,"relics_obtained":["Golden Idol"]},{"cards_removed":["Strike_R"],"damage_healed":0.0,"max_hp_gain":0.0,"max_hp_loss":0.0,"gold_gain":0.0,"event_name":"Beggar","player_choice":"Gave Gold","floor":21.0,"gold_loss":75.0,"damage_taken":0.0},{"damage_healed":0,"gold_gain":0,"player_choice":"Simplicity","damage_taken":0,"max_hp_gain":0,"max_hp_loss":0,"event_name":"Back to Basics","floor":29,"gold_loss":0,"cards_upgraded":["Strike_R","Strike_R","Defend_R","Defend_R","Defend_R","Defend_R"]},{"damage_healed":0,"gold_gain":0,"player_choice":"Fight","damage_taken":0,"max_hp_gain":0,"max_hp_loss":0,"event_name":"Colosseum","floor":30,"gold_loss":0},{"damage_healed":0,"gold_gain":0,"player_choice":"Fought Nobs","damage_taken":0,"max_hp_gain":0,"max_hp_loss":0,"event_name":"Colosseum","floor":30,"gold_loss":0},{"damage_healed":0,"gold_gain":100,"player_choice":"Pray","damage_taken":0,"max_hp_gain":0,"max_hp_loss":0,"event_name":"Golden Shrine","floor":38,"gold_loss":0}],"is_beta":false,"boss_relics":[{"not_picked":["Pandora\u0027s Box","Ectoplasm"],"picked":"Tiny House"},{"not_picked":["Runic Cube","Astrolabe"],"picked":"White Beast Statue"}],"items_purged_floors":[3,27,37],"is_endless":false,"potions_floor_spawned":[8,12,14,18,19,30,30,33,35,36,39],"killed_by":"Giant Head","ascension_level":0}