{"gold_per_floor":[118,136,136,18,36,36,48,64,87,87,122,142,160,190,190,292,292,308,319,319,21,41,41,69,69],"floor_reached":25,"playtime":2137,"items_purged":[],"score":295,"play_id":"7d2dd071-80e5-4fae-aabe-4fcb31de7a14","local_time":"20180907023108","is_ascension_mode":true,"campfire_choices":[{"floor":6,"key":"REST"},{"floor":10,"key":"REST"},{"floor":15,"key":"REST"},{"floor":23,"key":"REST"}],"neow_cost":"","seed_source_timestamp":145830070580402,"circlet_count":0,"master_deck":["Strike_B+1","Strike_B+1","Strike_B+1","Defend_B+1","Defend_B+1","Defend_B+1","Defend_B+1","Zap","Dualcast","Capacitor","Coolheaded","Storm","Compile Driver","Ball Lightning","Conserve Battery","Reprogram","Echo Form","Storm","Static Discharge","White Noise","Conserve Battery","Creative AI","Go for the Eyes","Static Discharge","Cold Snap","Defragment","Coolheaded","Echo Form","Conserve Battery","Self Repair","White Noise","Coolheaded","Flash of Steel","Darkness","All For One","Rebound"],"relics":["Cracked Core","PreservedInsect","Centennial Puzzle","Dream Catcher","Orrery","Anchor"],"potions_floor_usage":[11,13,14,16,22,22,25],"damage_taken":[{"damage":1,"enemies":"Cultist","floor":1,"turns":3},{"damage":12,"enemies":"Jaw Worm","floor":2,"turns":3},{"damage":14,"enemies":"2 Louse","floor":5,"turns":3},{"damage":12,"enemies":"Looter","floor":7,"turns":3},{"damage":15,"enemies":"Red Slaver","floor":8,"turns":4},{"damage":30,"enemies":"Gremlin Nob","floor":11,"turns":4},{"damage":13,"enemies":"Exordium Wildlife","floor":12,"turns":3},{"damage":18,"enemies":"2 Fungi Beasts","floor":13,"turns":5},{"damage":6,"enemies":"3 Sentries","floor":14,"turns":4},{"damage":25,"enemies":"The Guardian","floor":16,"turns":11},{"damage":11,"enemies":"3 Byrds","floor":18,"turns":2},{"damage":21,"enemies":"Shell Parasite","floor":19,"turns":4},{"damage":12,"enemies":"Cultist and Chosen","floor":22,"turns":5},{"damage":44,"enemies":"Gremlin Leader","floor":24,"turns":3},{"damage":33,"enemies":"3 Cultists","floor":25,"turns":4}],"seed_played":"-9005220328585037075","potions_obtained":[{"floor":1,"key":"SteroidPotion"},{"floor":7,"key":"SkillPotion"},{"floor":12,"key":"Regen Potion"},{"floor":13,"key":"Block Potion"},{"floor":14,"key":"Fire Potion"},{"floor":16,"key":"Block Potion"},{"floor":19,"key":"FearPotion"},{"floor":24,"key":"Block Potion"}],"is_trial":false,"path_per_floor":["M","M","?","$","M","R","M","M","T","R","E","M","M","E","R","B",null,"M","M","?","$","M","R","E"],"character_chosen":"DEFECT","items_purchased":["Storm","Compile Driver","Self Repair","White Noise","Coolheaded","Flash of Steel"],"campfire_rested":4,"item_purchase_floors":[4,4,21,21,21,21],"current_hp_per_floor":[74,62,62,62,48,70,58,43,43,65,35,22,18,12,34,9,75,64,43,43,43,38,60,23,0],"gold":69,"neow_bonus":"","is_prod":false,"is_daily":false,"chose_seed":false,"campfire_upgraded":0,"win_rate":0,"timestamp":1536301868,"path_taken":["M","?","?","$","M","R","M","M","T","R","E","M","M","E","R","BOSS","M","M","?","$","M","R","E","?"],"build_version":"2018-09-06","purchased_purges":0,"victory":false,"max_hp_per_floor":[75,75,75,75,75,75,75,75,75,75,75,75,75,75,75,75,75,75,75,75,75,75,75,75,75],"card_choices":[{"not_picked":["Ball Lightning","Loop"],"picked":"Capacitor","floor":1},{"not_picked":["Compile Driver","Gash"],"picked":"Coolheaded","floor":2},{"not_picked":["Gash","Barrage"],"picked":"Ball Lightning","floor":5},{"not_picked":["Recycle","Cold Snap"],"picked":"Conserve Battery","floor":7},{"not_picked":["Sweeping Beam","Steam"],"picked":"Reprogram","floor":8},{"not_picked":["Stack","Beam Cell"],"picked":"Echo Form","floor":11},{"not_picked":["Redo","Leap"],"picked":"Storm","floor":12},{"not_picked":["Redo","Doom and Gloom"],"picked":"Static Discharge","floor":13},{"not_picked":["Stack","Go for the Eyes"],"picked":"White Noise","floor":14},{"not_picked":["FTL","Rebound"],"picked":"Conserve Battery","floor":15},{"not_picked":["Biased Cognition","Buffer"],"picked":"Creative AI","floor":16},{"not_picked":["Streamline","Hologram"],"picked":"Go for the Eyes","floor":17},{"not_picked":["Go for the Eyes","Leap"],"picked":"Static Discharge","floor":17},{"not_picked":["Go for the Eyes","Turbo"],"picked":"Cold Snap","floor":17},{"not_picked":["Beam Cell","Coolheaded"],"picked":"Defragment","floor":17},{"not_picked":["Undo","Scrape"],"picked":"Coolheaded","floor":17},{"not_picked":["Leap","Conserve Battery"],"picked":"Echo Form","floor":18},{"not_picked":["Melter","Leap"],"picked":"Conserve Battery","floor":19},{"not_picked":["Gash","Chill"],"picked":"Darkness","floor":22},{"not_picked":["BootSequence","Blizzard+1"],"picked":"All For One","floor":23},{"not_picked":["Streamline","Redo"],"picked":"Rebound","floor":24}],"player_experience":301288,"relics_obtained":[{"floor":9,"key":"PreservedInsect"},{"floor":11,"key":"Centennial Puzzle"},{"floor":14,"key":"Dream Catcher"},{"floor":24,"key":"Anchor"}],"event_choices":[{"event_name":"Bonfire Elementals","player_choice":"BASIC","floor":3,"damage_taken":0},{"event_name":"Back to Basics","player_choice":"Simplicity","floor":20,"damage_taken":0}],"is_beta":false,"boss_relics":[{"not_picked":["Empty Cage","Runic Pyramid"],"picked":"Orrery"}],"items_purged_floors":[],"is_endless":false,"potions_floor_spawned":[1,7,12,13,14,16,19,24],"killed_by":"3 Cultists","ascension_level":3}