{"gold_per_floor":[11,25,25,100,120,120,145,164,164,182,182,199,211,32,32,132,132,147,162,173,189,51,51,86,86,110,125,125,136,171,190,190,190],"floor_reached":33,"playtime":13606,"items_purged":[],"score":421,"play_id":"23258610-3965-46ed-bdb4-0854ee748c6d","local_time":"20180915235447","is_ascension_mode":true,"campfire_choices":[{"floor":6.0,"key":"REST"},{"floor":11.0,"key":"REST"},{"floor":15.0,"key":"REST"},{"floor":23,"key":"REST"},{"floor":25,"key":"REST"},{"floor":32,"key":"REST"}],"neow_cost":"NO_GOLD","seed_source_timestamp":0,"circlet_count":0,"master_deck":["Strike_R","Strike_R+1","Strike_R","Defend_R","Defend_R","Defend_R","Defend_R","Bash","Rupture","Twin Strike+1","Fire Breathing","Bloodletting","Perfected Strike","Perfected Strike","Offering","Clothesline","Armaments","Feed","Pummel","Seeing Red","Twin Strike","Combust","Immolate","Heavy Blade+1","Ghostly Armor","Pommel Strike","True Grit","Pommel Strike"],"special_seed":0,"relics":["Burning Blood","Whetstone","Ancient Tea Set","Vajra","Busted Crown","Kunai","Anchor","Red Mask"],"potions_floor_usage":[21,27,30,33],"damage_taken":[{"damage":19.0,"enemies":"Jaw Worm","floor":1.0,"turns":5.0},{"damage":15.0,"enemies":"Cultist","floor":2.0,"turns":5.0},{"damage":13.0,"enemies":"2 Louse","floor":5.0,"turns":3.0},{"damage":60.0,"enemies":"3 Sentries","floor":7.0,"turns":10.0},{"damage":0.0,"enemies":"Large Slime","floor":8.0,"turns":6.0},{"damage":8.0,"enemies":"Blue Slaver","floor":10.0,"turns":2.0},{"damage":4.0,"enemies":"Exordium Wildlife","floor":12.0,"turns":4.0},{"damage":5.0,"enemies":"3 Louse","floor":13.0,"turns":3.0},{"damage":9.0,"enemies":"Slime Boss","floor":16.0,"turns":4.0},{"damage":26.0,"enemies":"3 Byrds","floor":18.0,"turns":6.0},{"damage":31,"enemies":"2 Thieves","floor":19,"turns":4},{"damage":18,"enemies":"Snake Plant","floor":20,"turns":3},{"damage":20,"enemies":"Cultist and Chosen","floor":21,"turns":6},{"damage":48,"enemies":"Book of Stabbing","floor":24,"turns":4},{"damage":10,"enemies":"Snecko","floor":27,"turns":4},{"damage":15,"enemies":"3 Cultists","floor":29,"turns":4},{"damage":14,"enemies":"Masked Bandits","floor":30,"turns":3},{"damage":27,"enemies":"Shelled Parasite and Fungi","floor":31,"turns":5},{"damage":75,"enemies":"Champ","floor":33,"turns":10}],"seed_played":"7416922892173581455","potions_obtained":[{"floor":1.0,"key":"Energy Potion"},{"floor":5.0,"key":"SteroidPotion"},{"floor":7.0,"key":"Poison Potion"},{"floor":13.0,"key":"Block Potion"},{"floor":18,"key":"SneckoOil"},{"floor":20,"key":"Block Potion"},{"floor":27,"key":"SneckoOil"},{"floor":31,"key":"SteroidPotion"}],"is_trial":false,"path_per_floor":["M","M","?","?","M","R","E","M","T","M","R","M","M","$","R","B",null,"M","M","M","M","$","R","E","R","T","M","?","M","?","M","R"],"character_chosen":"IRONCLAD","items_purchased":["Vajra","Armaments","Combust","Immolate"],"campfire_rested":6,"item_purchase_floors":[14,14,22,22],"current_hp_per_floor":[83,74,67,56,49,77,23,29,29,27,55,57,58,58,86,83,96,79,57,48,34,34,65,26,58,58,54,54,45,40,19,52,0],"gold":190,"neow_bonus":"TWENTY_PERCENT_HP_BONUS","is_prod":false,"is_daily":false,"chose_seed":false,"campfire_upgraded":0,"win_rate":0,"timestamp":1537070087,"path_taken":["M","M","?","?","M","R","E","M","T","M","R","M","M","?","R","BOSS","M","M","M","M","$","R","E","R","T","M","?","M","?","M","R","BOSS"],"build_version":"2018-09-06","purchased_purges":0,"victory":false,"max_hp_per_floor":[96,96,96,96,96,96,96,96,96,96,96,96,96,96,96,96,96,99,102,105,105,105,105,108,108,108,108,108,108,111,111,111,111],"card_choices":[{"not_picked":["Corruption","Carnage"],"picked":"Rupture","floor":1.0},{"not_picked":["Sever Soul","Clothesline"],"picked":"Twin Strike","floor":2.0},{"not_picked":["Reckless Charge","Body Slam"],"picked":"Fire Breathing","floor":5.0},{"not_picked":["Shrug It Off","Body Slam"],"picked":"Bloodletting","floor":7.0},{"not_picked":["True Grit","Seeing Red"],"picked":"Perfected Strike","floor":8.0},{"not_picked":["Anger","True Grit"],"picked":"Perfected Strike","floor":10.0},{"not_picked":["Cleave","Clothesline"],"picked":"Offering","floor":12.0},{"not_picked":["Clash","Second Wind"],"picked":"Clothesline","floor":13.0},{"not_picked":["Exhume","Brutality"],"picked":"Feed","floor":16.0},{"not_picked":[],"picked":"Pummel","floor":18},{"not_picked":[],"picked":"Seeing Red","floor":19},{"not_picked":["Cleave"],"picked":"SKIP","floor":20},{"not_picked":[],"picked":"Twin Strike","floor":21},{"not_picked":[],"picked":"Heavy Blade+1","floor":24},{"not_picked":[],"picked":"Ghostly Armor","floor":27},{"not_picked":[],"picked":"Pommel Strike","floor":29},{"not_picked":[],"picked":"True Grit","floor":30},{"not_picked":[],"picked":"Pommel Strike","floor":31}],"player_experience":369293,"relics_obtained":[{"floor":7.0,"key":"Whetstone"},{"floor":9.0,"key":"Ancient Tea Set"},{"floor":24,"key":"Kunai"},{"floor":26,"key":"Anchor"},{"floor":30,"key":"Red Mask"}],"event_choices":[{"event_name":"Golden Wing","player_choice":"Card Removal","floor":3.0,"damage_taken":0.0},{"event_name":"World of Goop","player_choice":"Gather Gold","floor":4.0,"damage_taken":0.0},{"event_name":"Bonfire Elementals","player_choice":"BASIC","floor":28,"damage_taken":0},{"event_name":"Masked Bandits","player_choice":"Fought Bandits","floor":30,"damage_taken":0}],"is_beta":false,"boss_relics":[{"not_picked":["Calling Bell","Orrery"],"picked":"Busted Crown"}],"items_purged_floors":[],"is_endless":false,"potions_floor_spawned":[1,5,7,13,18,20,27,31],"killed_by":"Champ","ascension_level":3}