{"gold_per_floor":[118,133,57,57,57,87,0,56,83,109,133,159,171,183,195,284,296,325,234,234,66,66,99,99,99,99,99,99,119,133,147,147,221,221,240,240,256,256,275,302,313,313,382,12,12,24,24,48,48,48,48],"floor_reached":52,"playtime":2572,"items_purged":["Strike_G","Writhe"],"score":1916,"play_id":"a3f5bc2e-0f4e-4cb1-a1db-0797bf7cb4d7","local_time":"20190213024008","is_ascension_mode":true,"campfire_choices":[{"data":"Noxious Fumes","floor":15.0,"key":"SMITH"},{"data":"Footwork","floor":24.0,"key":"SMITH"},{"data":"Dodge and Roll","floor":27.0,"key":"SMITH"},{"floor":32.0,"key":"REST"},{"data":"PiercingWail","floor":42.0,"key":"SMITH"},{"data":"Noxious Fumes","floor":45,"key":"SMITH"},{"floor":47,"key":"RECALL"},{"floor":49,"key":"REST"}],"neow_cost":"NONE","seed_source_timestamp":2843091022716786,"circlet_count":0,"master_deck":["AscendersBane","Defend_G+1","Defend_G+1","Defend_G+1","Defend_G+1","Defend_G+1","Strike_G+1","Survivor+1","Neutralize+1","Dodge and Roll+1","Escape Plan+1","Deadly Poison+1","Dagger Spray+1","Deadly Poison+1","Noxious Fumes+1","Footwork+1","Bane+1","Adrenaline+1","Dodge and Roll+1","Cloak And Dagger+1","Blur+1","Leg Sweep+1","Blur+1","Endless Agony+1","Malaise+1","Footwork+1","Backflip+1","PiercingWail+1","Noxious Fumes+1","Sucker Punch+1"],"special_seed":0,"relics":["Ring of the Snake","NeowsBlessing","Snake Skull","Tiny Chest","MawBank","Shuriken","Runic Pyramid","PreservedInsect","Question Card","Bottled Tornado","Molten Egg 2","Velvet Choker","Mark of the Bloom","FossilizedHelix","Kunai","Bag of Preparation"],"potions_floor_usage":[46],"damage_taken":[{"damage":0.0,"enemies":"Cultist","floor":1.0,"turns":1.0},{"damage":0.0,"enemies":"Jaw Worm","floor":2.0,"turns":1.0},{"damage":0.0,"enemies":"3 Sentries","floor":6.0,"turns":1.0},{"damage":34.0,"enemies":"Gremlin Nob","floor":8.0,"turns":4.0},{"damage":0.0,"enemies":"2 Louse","floor":10.0,"turns":3.0},{"damage":18.0,"enemies":"Large Slime","floor":11.0,"turns":8.0},{"damage":0.0,"enemies":"2 Fungi Beasts","floor":12.0,"turns":4.0},{"damage":10.0,"enemies":"Hexaghost","floor":16.0,"turns":8.0},{"damage":6.0,"enemies":"Spheric Guardian","floor":18.0,"turns":5.0},{"damage":17.0,"enemies":"Book of Stabbing","floor":23.0,"turns":6.0},{"damage":0.0,"enemies":"Chosen","floor":29.0,"turns":5.0},{"damage":24.0,"enemies":"3 Cultists","floor":30.0,"turns":6.0},{"damage":4.0,"enemies":"Snake Plant","floor":31.0,"turns":6.0},{"damage":3.0,"enemies":"Champ","floor":33.0,"turns":12.0},{"damage":3.0,"enemies":"Orb Walker","floor":35.0,"turns":5.0},{"damage":2.0,"enemies":"3 Shapes","floor":37.0,"turns":5.0},{"damage":9.0,"enemies":"3 Darklings","floor":39.0,"turns":4.0},{"damage":4.0,"enemies":"Reptomancer","floor":40.0,"turns":7.0},{"damage":0.0,"enemies":"Transient","floor":41.0,"turns":6.0},{"damage":0,"enemies":"Spire Growth","floor":46,"turns":6},{"damage":27,"enemies":"Awakened One","floor":50,"turns":19},{"damage":0,"enemies":"Donu and Deca","floor":51,"turns":12}],"seed_played":"-539478279506015887","potions_obtained":[{"floor":2.0,"key":"Weak Potion"},{"floor":6.0,"key":"Regen Potion"},{"floor":10.0,"key":"SteroidPotion"},{"floor":12.0,"key":"Dexterity Potion"},{"floor":18.0,"key":"Poison Potion"},{"floor":23.0,"key":"PowerPotion"},{"floor":30.0,"key":"AttackPotion"},{"floor":33.0,"key":"Ancient Potion"},{"floor":35.0,"key":"PowerPotion"},{"floor":40.0,"key":"Swift Potion"}],"is_trial":false,"path_per_floor":["M","M","$","?","$","E","$","E","T","M","M","M","T","?","R","B",null,"M","$","?","$","?","E","R","?","T","R","$","M","M","M","R","B",null,"M","?","M","?","M","E","M","R","T","$","R","M","R","T","R","B","B",null],"character_chosen":"THE_SILENT","items_purchased":["Deadly Poison","Dagger Spray","Noxious Fumes","Dodge and Roll","PreservedInsect","Bag of Preparation","Noxious Fumes","Sucker Punch+1"],"campfire_rested":2,"item_purchase_floors":[3,3,7,19,21,44,44,44],"current_hp_per_floor":[59,59,59,59,59,59,59,25,25,25,22,22,22,22,22,12,53,47,47,47,47,47,30,30,30,30,30,30,30,6,2,21,18,54,51,51,49,49,40,36,36,36,36,36,36,36,36,36,36,9,9],"gold":48,"neow_bonus":"THREE_ENEMY_KILL","is_prod":false,"is_daily":false,"chose_seed":false,"campfire_upgraded":5,"win_rate":0,"timestamp":1550022008,"path_taken":["M","?","$","?","$","E","$","E","T","M","?","M","?","?","R","BOSS","M","$","?","$","?","E","R","?","T","R","?","M","M","?","R","BOSS","M","?","M","?","M","E","M","R","T","$","R","M","R","?","R","BOSS","BOSS"],"build_version":"2019-02-06","purchased_purges":2,"victory":true,"max_hp_per_floor":[66,66,66,66,66,66,66,66,66,66,66,66,66,66,66,66,66,66,66,66,66,66,66,66,66,66,66,66,66,66,66,66,66,66,66,63,63,63,63,63,63,63,63,63,63,63,63,63,63,63,63],"card_choices":[{"not_picked":["Calculated Gamble","Accuracy"],"picked":"Dodge and Roll","floor":1.0},{"not_picked":["Blade Dance","Bane"],"picked":"Escape Plan","floor":2.0},{"not_picked":["Dagger Throw","Setup"],"picked":"Deadly Poison","floor":6.0},{"not_picked":["Dagger Spray","Dagger Throw","Eviscerate"],"picked":"SKIP","floor":8.0},{"not_picked":["Accuracy","Underhanded Strike","Slice"],"picked":"SKIP","floor":10.0},{"not_picked":["Backflip","Poisoned Stab"],"picked":"Footwork","floor":11.0},{"not_picked":["Prepared","Sucker Punch"],"picked":"Bane","floor":12.0},{"not_picked":["Storm of Steel","Glass Knife"],"picked":"Adrenaline","floor":16.0},{"not_picked":["Endless Agony+1","Poisoned Stab","Predator"],"picked":"SKIP","floor":18.0},{"not_picked":["Expertise","Poisoned Stab","Flechettes","Quick Slash"],"picked":"SKIP","floor":23.0},{"not_picked":["Tactician","Infinite Blades+1","Setup"],"picked":"Leg Sweep","floor":29.0},{"not_picked":["Sucker Punch+1","Cloak And Dagger","Quick Slash+1"],"picked":"Blur","floor":30.0},{"not_picked":["Cloak And Dagger","Sucker Punch+1","Riddle With Holes+1"],"picked":"Endless Agony+1","floor":31.0},{"not_picked":["Glass Knife+1","Unload+1","Burst"],"picked":"Malaise","floor":33.0},{"not_picked":["Infinite Blades","Calculated Gamble","Bane+1"],"picked":"Footwork","floor":35.0},{"not_picked":["Tactician+1","Quick Slash+1","Slice+1"],"picked":"Backflip","floor":37.0},{"not_picked":["All Out Attack+1","Bouncing Flask+1","Escape Plan","Dagger Throw+1"],"picked":"SKIP","floor":39.0},{"not_picked":["Poisoned Stab+1","Predator+1","Escape Plan"],"picked":"PiercingWail","floor":40.0},{"not_picked":["Slice+1","Deadly Poison+1","Flying Knee+1","Dagger Spray+1"],"picked":"SKIP","floor":41.0},{"not_picked":["Quick Slash+1","Well Laid Plans","Deadly Poison","Sucker Punch+1"],"picked":"SKIP","floor":46}],"player_experience":2999824,"relics_obtained":[{"floor":6.0,"key":"Snake Skull"},{"floor":8.0,"key":"Tiny Chest"},{"floor":9.0,"key":"MawBank"},{"floor":13.0,"key":"Shuriken"},{"floor":23.0,"key":"Bottled Tornado"},{"floor":26.0,"key":"Molten Egg 2"},{"floor":40.0,"key":"FossilizedHelix"},{"floor":43.0,"key":"Kunai"}],"event_choices":[{"cards_removed":["Strike_G"],"damage_healed":0.0,"max_hp_gain":0.0,"max_hp_loss":0.0,"gold_gain":0.0,"event_name":"Purifier","player_choice":"Purged","floor":4.0,"gold_loss":0.0,"damage_taken":0.0},{"damage_healed":0.0,"max_hp_gain":0.0,"max_hp_loss":0.0,"gold_gain":0.0,"event_name":"Dead Adventurer","player_choice":"Searched \u00271\u0027 times","floor":14.0,"gold_loss":0.0,"damage_taken":0.0},{"damage_healed":0.0,"max_hp_gain":0.0,"max_hp_loss":0.0,"gold_gain":0.0,"cards_transformed":["Strike_G","Strike_G"],"event_name":"Drug Dealer","player_choice":"Became Test Subject","floor":20.0,"gold_loss":0.0,"damage_taken":0.0,"cards_obtained":["Cloak And Dagger","Blur"]},{"damage_healed":0.0,"max_hp_gain":0.0,"max_hp_loss":0.0,"gold_gain":0.0,"event_name":"The Mausoleum","player_choice":"Opened","floor":22.0,"gold_loss":0.0,"damage_taken":0.0,"relics_obtained":["Question Card"],"cards_obtained":["Writhe"]},{"damage_healed":0.0,"max_hp_gain":0.0,"max_hp_loss":0.0,"gold_gain":0.0,"event_name":"Cursed Tome","player_choice":"Ignored","floor":25.0,"gold_loss":0.0,"damage_taken":0.0},{"damage_healed":0.0,"max_hp_gain":0.0,"max_hp_loss":3.0,"gold_gain":0.0,"event_name":"Winding Halls","player_choice":"Max HP","floor":36.0,"gold_loss":0.0,"damage_taken":0.0},{"damage_healed":0.0,"max_hp_gain":0.0,"max_hp_loss":0.0,"gold_gain":0.0,"event_name":"MindBloom","player_choice":"Upgrade","floor":38.0,"gold_loss":0.0,"damage_taken":0.0,"cards_upgraded":["Defend_G","Defend_G","Defend_G","Defend_G","Defend_G","Strike_G","Survivor","Neutralize","Escape Plan","Deadly Poison","Dagger Spray","Deadly Poison","Bane","Adrenaline","Dodge and Roll","Cloak And Dagger","Blur","Leg Sweep","Blur","Malaise","Footwork","Backflip"],"relics_obtained":["Mark of the Bloom"]}],"is_beta":true,"boss_relics":[{"not_picked":["Ring of the Serpent","HoveringKite"],"picked":"Runic Pyramid"},{"not_picked":["Lizard Tail","Eternal Feather"],"picked":"Velvet Choker"}],"items_purged_floors":[19,44],"is_endless":false,"potions_floor_spawned":[2,6,10,12,18,23,30,33,35,40,41],"ascension_level":20}