{"gold_per_floor":[114,114,114,114,131,131,162,162,162,179,58,58,93,103,103,204,204,221,221,237,162,162,162,189,189,189,189,202,212,12,37,37,37],"floor_reached":33,"playtime":1325,"items_purged":["Strike_R"],"score":531,"play_id":"a7ba3993-14a5-4194-b80b-aeb0671f8055","local_time":"20190202223725","is_ascension_mode":true,"campfire_choices":[{"data":"Iron Wave","floor":6.0,"key":"SMITH"},{"data":"Juggernaut","floor":8.0,"key":"SMITH"},{"data":"True Grit","floor":12.0,"key":"SMITH"},{"data":"Discovery","floor":15.0,"key":"SMITH"},{"data":"Feel No Pain","floor":23.0,"key":"SMITH"},{"floor":25.0,"key":"REST"},{"floor":32.0,"key":"REST"}],"neow_cost":"NONE","seed_source_timestamp":1284954785771079,"circlet_count":0,"master_deck":["AscendersBane","Strike_R","Strike_R","Strike_R","Strike_R","Defend_R","Defend_R","Defend_R","Defend_R","Bash","Iron Wave+1","Shrug It Off","Juggernaut+1","Iron Wave","Discovery+1","True Grit+1","Thunderclap","Thunderclap","Feel No Pain+1","Cleave","Iron Wave","Rage","Ghostly Armor","Second Wind","Shrug It Off","Shrug It Off","Disarm","Flame Barrier"],"special_seed":0,"relics":["Burning Blood","NeowsBlessing","FaceOfCleric","Paper Frog","Anchor","Bronze Scales","Orrery","Self Forming Clay","Letter Opener","Matryoshka","Lee\u0027s Waffle","Shovel"],"potions_floor_usage":[33,33],"damage_taken":[{"damage":0.0,"enemies":"Small Slimes","floor":1.0,"turns":1.0},{"damage":0.0,"enemies":"2 Louse","floor":5.0,"turns":1.0},{"damage":0.0,"enemies":"3 Sentries","floor":7.0,"turns":2.0},{"damage":1.0,"enemies":"Cultist","floor":10.0,"turns":3.0},{"damage":20.0,"enemies":"Lagavulin","floor":13.0,"turns":7.0},{"damage":7.0,"enemies":"Lots of Slimes","floor":14.0,"turns":3.0},{"damage":43.0,"enemies":"The Guardian","floor":16.0,"turns":11.0},{"damage":14.0,"enemies":"Shell Parasite","floor":18.0,"turns":4.0},{"damage":17.0,"enemies":"2 Thieves","floor":20.0,"turns":4.0},{"damage":66.0,"enemies":"Gremlin Leader","floor":24.0,"turns":11.0},{"damage":12.0,"enemies":"Snake Plant","floor":28.0,"turns":4.0},{"damage":24.0,"enemies":"Sentry and Sphere","floor":29.0,"turns":5.0},{"damage":50.0,"enemies":"Slavers","floor":31.0,"turns":7.0},{"damage":91,"enemies":"Champ","floor":33,"turns":14}],"seed_played":"-631162086828870779","potions_obtained":[{"floor":5.0,"key":"LiquidBronze"},{"floor":13.0,"key":"Fire Potion"},{"floor":14.0,"key":"FairyPotion"},{"floor":24.0,"key":"Block Potion"},{"floor":31.0,"key":"Weak Potion"}],"is_trial":false,"path_per_floor":["M","?","?","?","M","R","E","R","T","M","$","R","E","M","R","B",null,"M","$","M","$","?","R","E","R","T","?","M","M","$","E","R","B"],"character_chosen":"IRONCLAD","items_purchased":["Discovery","True Grit","Lee\u0027s Waffle"],"campfire_rested":2,"item_purchase_floors":[11,11,30],"current_hp_per_floor":[78,83,83,83,86,86,87,87,87,88,88,88,75,75,75,39,78,71,71,61,61,61,61,16,44,44,44,39,22,103,60,91,0],"gold":37,"neow_bonus":"THREE_ENEMY_KILL","is_prod":false,"is_daily":false,"chose_seed":false,"campfire_upgraded":5,"win_rate":0,"timestamp":1549165045,"path_taken":["M","?","?","?","?","R","E","R","T","M","$","R","E","M","R","BOSS","M","$","?","$","?","R","E","R","T","?","M","M","$","E","R","BOSS"],"build_version":"2019-01-23","purchased_purges":1,"victory":false,"max_hp_per_floor":[80,85,85,85,86,86,87,87,87,88,88,88,89,90,90,91,91,92,92,93,93,93,93,94,94,94,94,95,96,103,104,104,104],"card_choices":[{"not_picked":["Heavy Blade","Cleave"],"picked":"Iron Wave","floor":1.0},{"not_picked":["Headbutt","Iron Wave"],"picked":"Shrug It Off","floor":5.0},{"not_picked":["Sever Soul","Wild Strike"],"picked":"Juggernaut","floor":7.0},{"not_picked":["Seeing Red","Havoc"],"picked":"Iron Wave","floor":10.0},{"not_picked":["Heavy Blade","Body Slam"],"picked":"Thunderclap","floor":13.0},{"not_picked":["Carnage","Pommel Strike"],"picked":"Thunderclap","floor":14.0},{"not_picked":["Wild Strike","Reckless Charge"],"picked":"Feel No Pain","floor":17.0},{"not_picked":["Anger","Thunderclap"],"picked":"Cleave","floor":17.0},{"not_picked":["Thunderclap","Sword Boomerang"],"picked":"Iron Wave","floor":17.0},{"not_picked":["Infernal Blade","Warcry"],"picked":"Rage","floor":17.0},{"not_picked":["Power Through","Perfected Strike"],"picked":"Ghostly Armor","floor":18.0},{"not_picked":["Clothesline","Clash"],"picked":"Second Wind","floor":20.0},{"not_picked":["Carnage","Rage"],"picked":"Shrug It Off","floor":24.0},{"not_picked":["Clash","Havoc"],"picked":"Shrug It Off","floor":28.0},{"not_picked":["Bludgeon","Havoc"],"picked":"Disarm","floor":29.0},{"not_picked":["Battle Trance","Combust"],"picked":"Flame Barrier","floor":31.0}],"player_experience":576597,"relics_obtained":[{"floor":7.0,"key":"Paper Frog"},{"floor":9.0,"key":"Anchor"},{"floor":13.0,"key":"Bronze Scales"},{"floor":24.0,"key":"Self Forming Clay"},{"floor":26.0,"key":"Letter Opener"},{"floor":31.0,"key":"Shovel"}],"event_choices":[{"damage_healed":0.0,"max_hp_gain":5.0,"max_hp_loss":0.0,"gold_gain":0.0,"event_name":"Big Fish","player_choice":"Donut","floor":2.0,"gold_loss":0.0,"damage_taken":0.0},{"damage_healed":0.0,"max_hp_gain":0.0,"max_hp_loss":0.0,"gold_gain":0.0,"event_name":"Liars Game","player_choice":"Ignored","floor":3.0,"gold_loss":0.0,"damage_taken":0.0},{"damage_healed":0.0,"max_hp_gain":0.0,"max_hp_loss":0.0,"gold_gain":0.0,"event_name":"FaceTrader","player_choice":"Trade","floor":4.0,"gold_loss":0.0,"damage_taken":0.0,"relics_obtained":["FaceOfCleric"]},{"damage_healed":0.0,"max_hp_gain":0.0,"max_hp_loss":0.0,"gold_gain":0.0,"event_name":"Ghosts","player_choice":"Ignored","floor":22.0,"gold_loss":0.0,"damage_taken":0.0},{"damage_healed":0.0,"max_hp_gain":0.0,"max_hp_loss":0.0,"gold_gain":0.0,"event_name":"The Mausoleum","player_choice":"Opened","floor":27.0,"gold_loss":0.0,"damage_taken":0.0,"relics_obtained":["Matryoshka"]}],"is_beta":true,"boss_relics":[{"not_picked":["Velvet Choker","Runic Cube"],"picked":"Orrery"}],"items_purged_floors":[21],"is_endless":false,"potions_floor_spawned":[5,13,14,20,24,31],"killed_by":"Champ","ascension_level":12}