{"gold_per_floor":[213,227,237,237,252,252,285,245,245,260,273,273,100,116,116,215,215,226,211,230,230,242,242,262,273,273,273,143,143,163,195,195,195],"floor_reached":33,"playtime":2875,"items_purged":["Dual Wield"],"score":255,"play_id":"d6a5ae39-f957-4138-9eb5-10c91a935fc8","local_time":"20181225193235","is_ascension_mode":false,"campfire_choices":[{"data":"Bash","floor":6.0,"key":"SMITH"},{"data":"Heavy Blade","floor":12.0,"key":"SMITH"},{"floor":15.0,"key":"REST"},{"floor":23,"key":"REST"},{"floor":29,"key":"REST"},{"floor":32,"key":"REST"}],"neow_cost":"NONE","seed_source_timestamp":432962831803684,"circlet_count":0,"master_deck":["Strike_R","Strike_R","Strike_R","Strike_R+1","Strike_R","Defend_R","Defend_R","Defend_R","Defend_R","Bash+1","Shrug It Off","Intimidate","Flex+1","Clash","Heavy Blade+1","Finesse","Shockwave","Offering","Fire Breathing","Rage","Uppercut+1","Bloodletting","Second Wind+1","Anger","Infernal Blade+1"],"special_seed":0,"relics":["Burning Blood","Potion Belt","Question Card","Mark of Pain","Darkstone Periapt","Red Mask"],"potions_floor_usage":[25,27,31,33],"damage_taken":[{"damage":6.0,"enemies":"Jaw Worm","floor":1.0,"turns":3.0},{"damage":8.0,"enemies":"2 Louse","floor":2.0,"turns":4.0},{"damage":4.0,"enemies":"Cultist","floor":3.0,"turns":4.0},{"damage":11.0,"enemies":"Gremlin Gang","floor":5.0,"turns":5.0},{"damage":25.0,"enemies":"Lagavulin","floor":7.0,"turns":7.0},{"damage":1.0,"enemies":"3 Louse","floor":10.0,"turns":2.0},{"damage":3.0,"enemies":"2 Fungi Beasts","floor":11.0,"turns":3.0},{"damage":6.0,"enemies":"Red Slaver","floor":14.0,"turns":3.0},{"damage":64.0,"enemies":"Slime Boss","floor":16.0,"turns":14.0},{"damage":6.0,"enemies":"Chosen","floor":18.0,"turns":3.0},{"damage":18.0,"enemies":"2 Thieves","floor":19.0,"turns":4.0},{"damage":17.0,"enemies":"Centurion and Healer","floor":20.0,"turns":5.0},{"damage":26,"enemies":"3 Cultists","floor":22,"turns":7},{"damage":11,"enemies":"Snake Plant","floor":24,"turns":4},{"damage":32,"enemies":"Centurion and Healer","floor":25,"turns":7},{"damage":16,"enemies":"Sentry and Sphere","floor":27,"turns":3},{"damage":6,"enemies":"Snake Plant","floor":30,"turns":1},{"damage":25,"enemies":"Masked Bandits","floor":31,"turns":6},{"damage":103,"enemies":"Automaton","floor":33,"turns":12}],"seed_played":"-302075727923597779","potions_obtained":[{"floor":1.0,"key":"SneckoOil"},{"floor":3.0,"key":"SkillPotion"},{"floor":5.0,"key":"SteroidPotion"},{"floor":8.0,"key":"SmokeBomb"},{"floor":8.0,"key":"SkillPotion"},{"floor":8.0,"key":"Fire Potion"},{"floor":16.0,"key":"EssenceOfSteel"},{"floor":22,"key":"SkillPotion"},{"floor":30,"key":"BloodPotion"}],"is_trial":false,"path_per_floor":["M","M","M","?","M","R","E","?","T","M","M","R","$","M","R","B",null,"M","M","M","$","M","R","M","M","T","M","$","R","M","?","R","B"],"character_chosen":"IRONCLAD","items_purchased":["Finesse","Anger","Regen Potion"],"campfire_rested":4,"item_purchase_floors":[13,28,28],"current_hp_per_floor":[80,78,80,64,59,59,40,40,40,45,48,48,48,48,72,14,80,80,68,57,57,37,61,56,30,30,20,20,44,44,33,57,0],"gold":195,"neow_bonus":"HUNDRED_GOLD","is_prod":false,"is_daily":false,"chose_seed":false,"campfire_upgraded":2,"win_rate":0.0,"timestamp":1545795155,"path_taken":["M","M","M","?","M","R","E","?","T","M","M","R","$","M","R","BOSS","M","M","M","$","M","R","?","M","T","?","$","R","M","?","R","BOSS"],"build_version":"2018-12-20","purchased_purges":1,"victory":false,"max_hp_per_floor":[80,80,80,80,80,80,80,80,80,80,80,80,80,80,80,80,80,80,80,80,80,80,80,80,80,80,80,80,80,80,80,80,80],"card_choices":[{"not_picked":["Disarm","Thunderclap"],"picked":"Shrug It Off","floor":1.0},{"not_picked":["Reckless Charge","Corruption"],"picked":"Intimidate","floor":2.0},{"not_picked":["Iron Wave","Flame Barrier"],"picked":"Flex","floor":3.0},{"not_picked":["Shockwave","Sever Soul"],"picked":"Dual Wield","floor":5.0},{"not_picked":["Twin Strike","Disarm"],"picked":"Clash","floor":7.0},{"not_picked":["Armaments","Sword Boomerang","Headbutt"],"picked":"Heavy Blade","floor":10.0},{"not_picked":["Entrench","Shrug It Off","Clash","Iron Wave"],"picked":"SKIP","floor":11.0},{"not_picked":["True Grit","Armaments","Warcry"],"picked":"Shockwave","floor":14.0},{"not_picked":["Feed","Bludgeon","Brutality"],"picked":"Offering","floor":16.0},{"not_picked":["Carnage","Iron Wave","Sword Boomerang"],"picked":"Fire Breathing","floor":18.0},{"not_picked":["Clothesline","Anger","Headbutt"],"picked":"Rage","floor":19.0},{"not_picked":["Shrug It Off","Disarm+1","Heavy Blade","Flex"],"picked":"SKIP","floor":20.0},{"not_picked":["Pommel Strike","Fire Breathing","Pummel"],"picked":"Uppercut+1","floor":22},{"not_picked":["Ghostly Armor","Burning Pact","Second Wind+1"],"picked":"Bloodletting","floor":24},{"not_picked":["Twin Strike","Heavy Blade","Dark Embrace"],"picked":"Second Wind+1","floor":25},{"not_picked":["Pummel","Rampage","Ghostly Armor"],"picked":"Infernal Blade+1","floor":30}],"player_experience":10947,"relics_obtained":[{"floor":7.0,"key":"Potion Belt"},{"floor":9.0,"key":"Question Card"},{"floor":26,"key":"Darkstone Periapt"},{"floor":31,"key":"Red Mask"}],"event_choices":[{"damage_healed":0.0,"max_hp_gain":0.0,"max_hp_loss":0.0,"gold_gain":0.0,"event_name":"Shining Light","player_choice":"Entered Light","floor":4.0,"gold_loss":0.0,"damage_taken":16.0,"cards_upgraded":["Strike_R","Flex"]},{"damage_healed":0.0,"max_hp_gain":0.0,"max_hp_loss":0.0,"gold_gain":0.0,"event_name":"The Woman in Blue","player_choice":"Bought 3 Potions","floor":8.0,"gold_loss":0.0,"damage_taken":0.0},{"damage_healed":0,"gold_gain":0,"player_choice":"Fought Bandits","damage_taken":0,"max_hp_gain":0,"max_hp_loss":0,"event_name":"Masked Bandits","floor":31,"gold_loss":0}],"is_beta":false,"boss_relics":[{"not_picked":["Calling Bell","Empty Cage"],"picked":"Mark of Pain"}],"items_purged_floors":[13],"is_endless":false,"potions_floor_spawned":[1,3,5,16,22,27,30],"killed_by":"Automaton","ascension_level":0}