{"gold_per_floor":[112,127,142,67,85,111,111,111,111,111,111,111,111],"floor_reached":13,"playtime":443,"items_purged":[],"score":162,"play_id":"149a1b9c-eaae-4866-8c04-ea9710db30cf","local_time":"20190210175059","is_ascension_mode":true,"campfire_choices":[{"data":"Neutralize","floor":7,"key":"SMITH"},{"data":"Unload","floor":10,"key":"SMITH"}],"neow_cost":"NONE","seed_source_timestamp":176726330039900,"circlet_count":0,"master_deck":["AscendersBane","Defend_G+1","Defend_G","Defend_G+1","Defend_G","Defend_G","Strike_G","Strike_G","Strike_G","Strike_G","Survivor","Neutralize+1","Poisoned Stab+1","Cloak And Dagger","Dagger Throw","Deflect","Unload+1"],"relics":["Ring of the Snake","NeowsBlessing","Question Card","Mummified Hand","Golden Idol"],"potions_floor_usage":[6,6],"damage_taken":[{"damage":0,"enemies":"Jaw Worm","floor":1,"turns":1},{"damage":0,"enemies":"Small Slimes","floor":2,"turns":1},{"damage":0,"enemies":"2 Louse","floor":3,"turns":1},{"damage":3,"enemies":"2 Fungi Beasts","floor":5,"turns":6},{"damage":18,"enemies":"3 Sentries","floor":6,"turns":15},{"damage":21,"enemies":"Gremlin Nob","floor":13,"turns":3}],"seed_played":"-6695976453267693680","potions_obtained":[{"floor":1,"key":"Strength Potion"},{"floor":3,"key":"GamblersBrew"}],"is_trial":false,"path_per_floor":["M","M","M","?","M","E","R","?","T","R","?","?","E"],"character_chosen":"THE_SILENT","items_purchased":[],"campfire_rested":0,"item_purchase_floors":[],"current_hp_per_floor":[59,59,59,59,56,38,38,38,38,38,38,20,0],"gold":111,"neow_bonus":"THREE_ENEMY_KILL","is_prod":false,"is_daily":false,"chose_seed":false,"campfire_upgraded":2,"win_rate":0,"timestamp":1549839059,"path_taken":["M","M","M","?","M","E","R","?","T","R","?","?","E"],"build_version":"2019-01-23","purchased_purges":0,"victory":false,"max_hp_per_floor":[66,66,66,66,66,66,66,66,66,66,60,60,60],"card_choices":[{"not_picked":["Terror","Distraction"],"picked":"Poisoned Stab","floor":1},{"not_picked":["Blade Dance","Acrobatics"],"picked":"Cloak And Dagger","floor":2},{"not_picked":["All Out Attack","Deflect"],"picked":"Dagger Throw","floor":3},{"not_picked":["Reflex","Acrobatics"],"picked":"Deflect","floor":5},{"not_picked":["Quick Slash","PiercingWail"],"picked":"Unload","floor":6}],"player_experience":1198320,"relics_obtained":[{"floor":6,"key":"Question Card"},{"floor":9,"key":"Mummified Hand"}],"event_choices":[{"cards_removed":["Strike_G"],"damage_healed":0,"gold_gain":0,"player_choice":"Card Removal","damage_taken":0,"max_hp_gain":0,"max_hp_loss":0,"event_name":"The Cleric","floor":4,"gold_loss":75},{"damage_healed":0,"gold_gain":0,"player_choice":"Grow","damage_taken":0,"max_hp_gain":0,"max_hp_loss":0,"event_name":"Living Wall","floor":8,"gold_loss":0,"cards_upgraded":["Poisoned Stab"]},{"damage_healed":0,"gold_gain":0,"player_choice":"Lose Max HP","damage_taken":0,"relics_obtained":["Golden Idol"],"max_hp_gain":0,"max_hp_loss":6,"event_name":"Golden Idol","floor":11,"gold_loss":0},{"damage_healed":0,"gold_gain":0,"player_choice":"Entered Light","damage_taken":18,"max_hp_gain":0,"max_hp_loss":0,"event_name":"Shining Light","floor":12,"gold_loss":0,"cards_upgraded":["Defend_G","Defend_G"]}],"is_beta":false,"boss_relics":[],"items_purged_floors":[],"is_endless":false,"potions_floor_spawned":[1,3],"killed_by":"Gremlin Nob","ascension_level":19}