{"gold_per_floor":[116,127,127,142,156,181,193,236,273,285,312,368,400,23,23,118,118,132,149,149,12,25,25,55,55,81,81,81,92,118,129,129,129],"floor_reached":33,"playtime":4521,"items_purged":["Defend_G","Strike_G"],"score":491,"play_id":"92160822-d6a7-4e33-bc6d-410097958228","local_time":"20181107141458","is_ascension_mode":true,"campfire_choices":[{"floor":7.0,"key":"REST"},{"data":"Cloak And Dagger","floor":10.0,"key":"SMITH"},{"floor":15,"key":"REST"},{"data":"Accuracy","floor":23,"key":"SMITH"},{"data":"Footwork","floor":25,"key":"SMITH"},{"floor":28,"key":"REST"},{"floor":32,"key":"REST"}],"neow_cost":"NONE","seed_source_timestamp":0,"circlet_count":0,"master_deck":["AscendersBane","Defend_G","Defend_G","Strike_G","Strike_G","Strike_G","Survivor","Neutralize","Dagger Throw","Cloak And Dagger+1","Leg Sweep","Cloak And Dagger","Terror","Sucker Punch","Malaise","Die Die Die","Dagger Throw+1","Poisoned Stab+1","Die Die Die+1","Deadly Poison+1","Accuracy+1","Footwork+1","Escape Plan","Storm of Steel","Escape Plan"],"special_seed":0,"relics":["Ring of the Snake","MawBank","Lantern","Omamori","Pen Nib","Ice Cream","Astrolabe","Calipers","Bag of Marbles","Frozen Egg 2","Anchor"],"potions_floor_usage":[24,30,33],"damage_taken":[{"damage":0.0,"enemies":"Cultist","floor":1.0,"turns":4.0},{"damage":1.0,"enemies":"2 Louse","floor":2.0,"turns":3.0},{"damage":2.0,"enemies":"Jaw Worm","floor":4.0,"turns":4.0},{"damage":2.0,"enemies":"2 Fungi Beasts","floor":5.0,"turns":5.0},{"damage":43.0,"enemies":"Lagavulin","floor":6.0,"turns":11.0},{"damage":15.0,"enemies":"Gremlin Nob","floor":8.0,"turns":6.0},{"damage":5.0,"enemies":"3 Louse","floor":11.0,"turns":4.0},{"damage":27.0,"enemies":"3 Sentries","floor":12.0,"turns":13.0},{"damage":0,"enemies":"Looter","floor":13,"turns":2},{"damage":12,"enemies":"The Guardian","floor":16,"turns":14},{"damage":0,"enemies":"Chosen","floor":18,"turns":3},{"damage":2,"enemies":"Shell Parasite","floor":19,"turns":3},{"damage":17,"enemies":"Colosseum Slavers","floor":20,"turns":4},{"damage":6,"enemies":"3 Cultists","floor":22,"turns":3},{"damage":11,"enemies":"Gremlin Leader","floor":24,"turns":6},{"damage":7,"enemies":"Cultist and Chosen","floor":29,"turns":6},{"damage":17,"enemies":"Book of Stabbing","floor":30,"turns":6},{"damage":3,"enemies":"Snake Plant","floor":31,"turns":4},{"damage":63,"enemies":"Collector","floor":33,"turns":6}],"seed_played":"-4221493247699452333","potions_obtained":[{"floor":2.0,"key":"Regen Potion"},{"floor":4.0,"key":"EntropicBrew"},{"floor":16,"key":"Ancient Potion"},{"floor":29,"key":"SkillPotion"},{"floor":30,"key":"SneckoOil"}],"is_trial":false,"path_per_floor":["M","M","?","M","M","E","R","E","T","R","M","E","E","M","$","R","B",null,"M","M","?","$","M","R","E","R","T","?","R","M","E","M","R","B"],"character_chosen":"THE_SILENT","items_purchased":["Ice Cream","Footwork"],"campfire_rested":4,"item_purchase_floors":[14,21],"current_hp_per_floor":[70,69,74,72,70,27,51,51,51,51,46,19,19,19,43,31,69,69,67,50,50,44,44,33,33,33,33,57,50,33,30,54,0],"gold":129,"neow_bonus":"TEN_PERCENT_HP_BONUS","is_prod":false,"is_daily":false,"chose_seed":false,"campfire_upgraded":3,"win_rate":0,"timestamp":1541618098,"path_taken":["M","?","?","M","M","E","R","E","T","R","M","E","M","$","R","BOSS","M","M","?","$","M","R","E","R","T","?","R","M","E","M","R","BOSS"],"build_version":"2018-11-01","purchased_purges":2,"victory":false,"max_hp_per_floor":[77,77,82,82,82,82,82,82,82,82,82,82,82,82,82,82,82,82,82,82,82,82,82,82,82,82,82,82,82,82,82,82,82],"card_choices":[{"not_picked":["Bane","Caltrops"],"picked":"Dagger Throw","floor":1.0},{"not_picked":["Bane","Deadly Poison"],"picked":"Cloak And Dagger","floor":2.0},{"not_picked":["Slice","Cloak And Dagger"],"picked":"Leg Sweep","floor":4.0},{"not_picked":["Expertise","Dagger Spray"],"picked":"Cloak And Dagger","floor":5.0},{"not_picked":["Sucker Punch","All Out Attack"],"picked":"Terror","floor":6.0},{"not_picked":["Masterful Stab","Setup","Reflex"],"picked":"SKIP","floor":8.0},{"not_picked":["Flechettes","Choke"],"picked":"Sucker Punch","floor":11.0},{"not_picked":["Quick Slash","Dagger Spray","Expertise"],"picked":"SKIP","floor":12},{"not_picked":["Cloak And Dagger","Heel Hook"],"picked":"Malaise","floor":13},{"not_picked":["Grand Finale","Storm of Steel"],"picked":"Die Die Die","floor":16},{"not_picked":["Distraction","Sucker Punch"],"picked":"Deadly Poison+1","floor":18},{"not_picked":["Leg Sweep+1","Expertise"],"picked":"Accuracy","floor":19},{"not_picked":["Expertise","Sucker Punch+1"],"picked":"Escape Plan","floor":22},{"not_picked":["Cloak And Dagger","Bane"],"picked":"Storm of Steel","floor":24},{"not_picked":["Flying Knee+1","Deadly Poison","Underhanded Strike"],"picked":"SKIP","floor":29},{"not_picked":["Dodge and Roll","Calculated Gamble","Terror"],"picked":"SKIP","floor":30},{"not_picked":["Deflect","Cloak And Dagger"],"picked":"Escape Plan","floor":31}],"player_experience":713022,"relics_obtained":[{"floor":6.0,"key":"MawBank"},{"floor":8.0,"key":"Lantern"},{"floor":9.0,"key":"Omamori"},{"floor":12,"key":"Pen Nib"},{"floor":24,"key":"Calipers"},{"floor":26,"key":"Bag of Marbles"},{"floor":30,"key":"Anchor"}],"event_choices":[{"damage_healed":0.0,"max_hp_gain":5.0,"max_hp_loss":0.0,"gold_gain":0.0,"event_name":"Big Fish","player_choice":"Donut","floor":3.0,"gold_loss":0.0,"damage_taken":0.0},{"damage_healed":0,"gold_gain":0,"player_choice":"Fight","damage_taken":0,"max_hp_gain":0,"max_hp_loss":0,"event_name":"Colosseum","floor":20,"gold_loss":0},{"damage_healed":0,"gold_gain":0,"player_choice":"Fled From Nobs","damage_taken":0,"max_hp_gain":0,"max_hp_loss":0,"event_name":"Colosseum","floor":20,"gold_loss":0},{"damage_healed":0,"gold_gain":0,"player_choice":"Stole Relic","damage_taken":0,"relics_obtained":["Frozen Egg 2"],"max_hp_gain":0,"max_hp_loss":0,"event_name":"Addict","floor":27,"gold_loss":0,"cards_obtained":["Shame"]}],"is_beta":false,"boss_relics":[{"not_picked":["Philosopher\u0027s Stone","Velvet Choker"],"picked":"Astrolabe"}],"items_purged_floors":[14,21],"is_endless":false,"potions_floor_spawned":[2,4,6,16,19,29,30],"killed_by":"Collector","ascension_level":12}