{"gold_per_floor":[119,131,131,131,151,182,182,210,210,210,225,255,255,255,255,255],"floor_reached":16,"playtime":741,"items_purged":[],"score":286,"play_id":"8cbee684-6a1a-46ba-b477-c612c59d96c0","local_time":"20190206210018","is_ascension_mode":true,"campfire_choices":[{"data":"Zap","floor":7,"key":"SMITH"},{"data":"Streamline","floor":10,"key":"SMITH"},{"floor":13,"key":"REST"},{"data":"Go for the Eyes","floor":15,"key":"SMITH"}],"neow_cost":"NONE","seed_source_timestamp":1724367160828100,"circlet_count":0,"master_deck":["AscendersBane","Strike_B+1","Strike_B","Strike_B","Strike_B","Defend_B","Defend_B","Defend_B+1","Defend_B","Zap+1","Dualcast","Streamline+1","Rip and Tear","FTL","Steam","Go for the Eyes+1","Ball Lightning","Cold Snap"],"relics":["Cracked Core","Ancient Tea Set","Kunai","Art of War","Dead Branch"],"potions_floor_usage":[5,6,6],"damage_taken":[{"damage":4,"enemies":"Small Slimes","floor":1,"turns":4},{"damage":0,"enemies":"2 Louse","floor":2,"turns":1},{"damage":0,"enemies":"Jaw Worm","floor":5,"turns":1},{"damage":0,"enemies":"Gremlin Nob","floor":6,"turns":2},{"damage":5,"enemies":"3 Sentries","floor":8,"turns":5},{"damage":6,"enemies":"Looter","floor":11,"turns":2},{"damage":20,"enemies":"Lagavulin","floor":12,"turns":5},{"damage":34,"enemies":"The Guardian","floor":16,"turns":8}],"seed_played":"-5391201386384227808","potions_obtained":[{"floor":0,"key":"Fire Potion"},{"floor":0,"key":"AttackPotion"},{"floor":5,"key":"GamblersBrew"},{"floor":8,"key":"LiquidBronze"},{"floor":11,"key":"Dexterity Potion"}],"is_trial":false,"path_per_floor":["M","M","?","?","M","E","R","E","T","R","M","E","R","?","R","B"],"character_chosen":"DEFECT","items_purchased":[],"campfire_rested":1,"item_purchase_floors":[],"current_hp_per_floor":[60,60,39,39,39,39,39,34,34,34,28,8,29,34,34,0],"gold":255,"neow_bonus":"THREE_SMALL_POTIONS","is_prod":false,"is_daily":false,"chose_seed":false,"campfire_upgraded":3,"win_rate":0,"timestamp":1549515618,"path_taken":["M","M","?","?","M","E","R","E","T","R","M","E","R","?","R","BOSS"],"build_version":"2019-01-23","purchased_purges":0,"victory":false,"max_hp_per_floor":[71,71,71,71,71,71,71,71,71,71,71,71,71,76,76,76],"card_choices":[{"not_picked":["Rebound","Gash"],"picked":"Streamline","floor":1},{"not_picked":["Recycle","Aggregate"],"picked":"Rip and Tear","floor":2},{"not_picked":["Coolheaded","Conserve Battery"],"picked":"FTL","floor":5},{"not_picked":["Force Field","Reprogram"],"picked":"Steam","floor":6},{"not_picked":["Gash","Sunder"],"picked":"Go for the Eyes","floor":8},{"not_picked":["Steam","Capacitor"],"picked":"Ball Lightning","floor":11},{"not_picked":["Turbo","Aggregate"],"picked":"Cold Snap","floor":12}],"player_experience":821982,"relics_obtained":[{"floor":6,"key":"Ancient Tea Set"},{"floor":8,"key":"Kunai"},{"floor":9,"key":"Art of War"},{"floor":12,"key":"Dead Branch"}],"event_choices":[{"damage_healed":0,"gold_gain":0,"player_choice":"Entered Light","damage_taken":21,"max_hp_gain":0,"max_hp_loss":0,"event_name":"Shining Light","floor":3,"gold_loss":0,"cards_upgraded":["Defend_B","Strike_B"]},{"damage_healed":0,"gold_gain":0,"player_choice":"Ignored","damage_taken":0,"max_hp_gain":0,"max_hp_loss":0,"event_name":"Liars Game","floor":4,"gold_loss":0},{"damage_healed":0,"gold_gain":0,"player_choice":"Donut","damage_taken":0,"max_hp_gain":5,"max_hp_loss":0,"event_name":"Big Fish","floor":14,"gold_loss":0}],"is_beta":false,"boss_relics":[],"items_purged_floors":[],"is_endless":false,"potions_floor_spawned":[1,5,8,11],"killed_by":"The Guardian","ascension_level":20}