{"gold_per_floor":[119,51,1,1,19,47,70,92,128,215,227,37,49,78,78,153,153,173,158,158,158,176,176,40,40,40,60,71,98,114,140,140,140],"floor_reached":33,"playtime":7579,"items_purged":["Strike_G","Strike_G+1"],"score":515,"play_id":"e69f7139-00e7-4f87-b018-887b697d089c","local_time":"20181118213253","is_ascension_mode":true,"campfire_choices":[{"floor":11.0,"key":"REST"},{"floor":15.0,"key":"REST"},{"floor":23.0,"key":"REST"},{"floor":25.0,"key":"REST"},{"floor":32,"key":"REST"}],"neow_cost":"NONE","seed_source_timestamp":0,"circlet_count":0,"master_deck":["AscendersBane","Defend_G+1","Defend_G+1","Defend_G+1","Defend_G+1","Defend_G+1","Strike_G+1","Strike_G+1","Survivor","Neutralize","Leg Sweep","Well Laid Plans","Backflip","Blur","Backflip","Dagger Throw","Footwork","Dagger Spray","Unload","Noxious Fumes","After Image","Dash","Cloak And Dagger","Deflect","Infinite Blades","Poisoned Stab","Endless Agony","Backstab","Deadly Poison","Blur"],"special_seed":0,"relics":["Ring of the Serpent","MawBank","Snake Skull","Shuriken","Lantern","Blue Candle","Regal Pillow","The Specimen"],"potions_floor_usage":[31],"damage_taken":[{"damage":0.0,"enemies":"Small Slimes","floor":1.0,"turns":5.0},{"damage":4.0,"enemies":"Jaw Worm","floor":5.0,"turns":6.0},{"damage":40.0,"enemies":"Lagavulin","floor":6.0,"turns":12.0},{"damage":3.0,"enemies":"Cultist","floor":7.0,"turns":6.0},{"damage":3.0,"enemies":"Exordium Wildlife","floor":8.0,"turns":8.0},{"damage":5.0,"enemies":"Blue Slaver","floor":13.0,"turns":6.0},{"damage":22.0,"enemies":"Gremlin Nob","floor":14.0,"turns":6.0},{"damage":21.0,"enemies":"Slime Boss","floor":16.0,"turns":11.0},{"damage":9.0,"enemies":"Spheric Guardian","floor":18.0,"turns":8.0},{"damage":23.0,"enemies":"2 Thieves","floor":19.0,"turns":5.0},{"damage":38.0,"enemies":"3 Cultists","floor":22.0,"turns":7.0},{"damage":4.0,"enemies":"Centurion and Healer","floor":27.0,"turns":8.0},{"damage":14.0,"enemies":"Snecko","floor":28.0,"turns":8.0},{"damage":11.0,"enemies":"Book of Stabbing","floor":29.0,"turns":8.0},{"damage":9,"enemies":"Shelled Parasite and Fungi","floor":30,"turns":6},{"damage":13,"enemies":"Gremlin Leader","floor":31,"turns":8},{"damage":46,"enemies":"Automaton","floor":33,"turns":8}],"seed_played":"7917819542175593105","potions_obtained":[{"floor":1.0,"key":"SteroidPotion"},{"floor":6.0,"key":"Fruit Juice"},{"floor":14.0,"key":"Poison Potion"},{"floor":18.0,"key":"EssenceOfSteel"},{"floor":30,"key":"Swift Potion"}],"is_trial":false,"path_per_floor":["M","$","?","?","M","E","M","M","T","T","R","$","M","E","R","B",null,"M","M","?","?","M","R","$","R","T","M","M","E","E","M","E","R","B"],"character_chosen":"THE_SILENT","items_purchased":["Well Laid Plans","Footwork","Dagger Spray","Infinite Blades"],"campfire_rested":5,"item_purchase_floors":[2,12,12,24],"current_hp_per_floor":[70,70,70,75,71,36,33,30,30,30,56,56,51,29,55,34,74,65,42,42,42,4,30,30,56,56,52,38,27,18,5,46,0],"gold":140,"neow_bonus":"TEN_PERCENT_HP_BONUS","is_prod":false,"is_daily":false,"chose_seed":false,"campfire_upgraded":0,"win_rate":0,"timestamp":1542594773,"path_taken":["M","$","?","?","M","E","M","M","T","?","R","?","M","E","R","BOSS","M","?","?","?","M","R","?","R","T","M","?","E","M","E","R","BOSS"],"build_version":"2018-11-15","purchased_purges":2,"victory":false,"max_hp_per_floor":[77,77,77,82,82,87,87,87,87,87,87,87,87,87,87,87,87,87,87,87,87,87,87,87,87,87,87,87,87,87,87,87,87],"card_choices":[{"not_picked":["Slice","Quick Slash"],"picked":"Leg Sweep","floor":1.0},{"not_picked":["Deadly Poison","Flying Knee"],"picked":"Backflip","floor":5.0},{"not_picked":["Outmaneuver","Unload"],"picked":"Blur","floor":6.0},{"not_picked":["Calculated Gamble","Blade Dance"],"picked":"Backflip","floor":7.0},{"not_picked":["Backflip","Caltrops"],"picked":"Dagger Throw","floor":8.0},{"not_picked":["Underhanded Strike","Bane"],"picked":"Unload","floor":13.0},{"not_picked":["Well Laid Plans","All Out Attack"],"picked":"Noxious Fumes","floor":14.0},{"not_picked":["Doppelganger","Corpse Explosion"],"picked":"After Image","floor":16.0},{"not_picked":["Backflip","Dagger Spray","Setup+1"],"picked":"SKIP","floor":18.0},{"not_picked":["Acrobatics","Masterful Stab"],"picked":"Dash","floor":19.0},{"not_picked":["Slice","Well Laid Plans"],"picked":"Deflect","floor":22.0},{"not_picked":["Dodge and Roll","Choke"],"picked":"Poisoned Stab","floor":27.0},{"not_picked":["PiercingWail","Dagger Spray"],"picked":"Endless Agony","floor":28.0},{"not_picked":["Dagger Throw","Distraction"],"picked":"Backstab","floor":29},{"not_picked":["Dagger Spray","Blade Dance"],"picked":"Deadly Poison","floor":30},{"not_picked":["Backflip","Setup"],"picked":"Blur","floor":31}],"player_experience":772418,"relics_obtained":[{"floor":6.0,"key":"MawBank"},{"floor":9.0,"key":"Snake Skull"},{"floor":10.0,"key":"Shuriken"},{"floor":14.0,"key":"Lantern"},{"floor":26.0,"key":"Blue Candle"},{"floor":29,"key":"Regal Pillow"},{"floor":31,"key":"The Specimen"}],"event_choices":[{"cards_removed":["Strike_G"],"damage_healed":0.0,"max_hp_gain":0.0,"max_hp_loss":0.0,"gold_gain":0.0,"event_name":"The Cleric","player_choice":"Card Removal","floor":3.0,"gold_loss":50.0,"damage_taken":0.0},{"damage_healed":0.0,"max_hp_gain":5.0,"max_hp_loss":0.0,"gold_gain":0.0,"event_name":"Big Fish","player_choice":"Donut","floor":4.0,"gold_loss":0.0,"damage_taken":0.0},{"damage_healed":0.0,"max_hp_gain":0.0,"max_hp_loss":0.0,"gold_gain":0.0,"event_name":"Back to Basics","player_choice":"Simplicity","floor":20.0,"gold_loss":0.0,"damage_taken":0.0,"cards_upgraded":["Defend_G","Defend_G","Defend_G","Defend_G","Defend_G","Strike_G","Strike_G","Strike_G"]},{"damage_healed":0.0,"max_hp_gain":0.0,"max_hp_loss":0.0,"gold_gain":0.0,"event_name":"The Library","player_choice":"Read","floor":21.0,"gold_loss":0.0,"damage_taken":0.0,"cards_obtained":["Cloak And Dagger"]}],"is_beta":false,"boss_relics":[{"not_picked":["Orrery","Lizard Tail"],"picked":"Ring of the Serpent"}],"items_purged_floors":[12,24],"is_endless":false,"potions_floor_spawned":[1,6,14,18,27,28,30],"killed_by":"Automaton","ascension_level":13}