{"gold_per_floor":[110,35,35,49,49,49,80,90,90,90,108,8,8,8,8,113,113,124,124,49,66,92,92,118,118,188,221,221,121,135,135,135,238,238,253,16,16,16,30,30,62,62,62,77,77,87,112,123,123,123],"floor_reached":51,"playtime":5986,"items_purged":["Strike_G","Strike_G","Defend_G","Defend_G"],"score":995,"play_id":"a604b848-082e-4c6d-b2af-06fc567d521a","local_time":"20180930022648","is_ascension_mode":true,"campfire_choices":[{"data":"Survivor","floor":6,"key":"SMITH"},{"data":"Defend_G","floor":10,"key":"SMITH"},{"data":"Defend_G","floor":13,"key":"SMITH"},{"floor":15,"key":"REST"},{"data":"Poisoned Stab","floor":23,"key":"SMITH"},{"data":"Burst","floor":28,"key":"SMITH"},{"floor":32,"key":"REST"},{"data":"Bouncing Flask","floor":40,"key":"SMITH"},{"data":"Blur","floor":42,"key":"SMITH"},{"data":"Prepared","floor":45,"key":"SMITH"},{"floor":49,"key":"REST"}],"neow_cost":"NONE","seed_source_timestamp":12471267291322,"circlet_count":0,"master_deck":["Defend_G+1","Defend_G+1","Survivor+1","Neutralize+1","Backflip+1","Noxious Fumes+1","Footwork+1","Well Laid Plans+1","Burst+1","Leg Sweep+1","Adrenaline","Bouncing Flask+1","Blur+1","Prepared+1","Escape Plan+1"],"relics":["Ring of the Snake","Frozen Egg 2","Pocketwatch","Empty Cage","Omamori","Bottled Flame","Vajra","The Courier","Snake Skull","Cursed Key","Prayer Wheel","Strawberry"],"potions_floor_usage":[48],"damage_taken":[{"damage":6,"enemies":"Jaw Worm","floor":1,"turns":5},{"damage":0,"enemies":"Cultist","floor":4,"turns":5},{"damage":26,"enemies":"Lagavulin","floor":7,"turns":14},{"damage":0,"enemies":"2 Louse","floor":8,"turns":3},{"damage":0,"enemies":"Exordium Wildlife","floor":11,"turns":5},{"damage":1,"enemies":"The Guardian","floor":16,"turns":12},{"damage":0,"enemies":"Shell Parasite","floor":18,"turns":9},{"damage":0,"enemies":"3 Byrds","floor":21,"turns":5},{"damage":21,"enemies":"Gremlin Leader","floor":24,"turns":10},{"damage":0,"enemies":"Book of Stabbing","floor":27,"turns":8},{"damage":0,"enemies":"Cultist and Chosen","floor":30,"turns":6},{"damage":5,"enemies":"Champ","floor":33,"turns":13},{"damage":0,"enemies":"Orb Walker","floor":35,"turns":4},{"damage":11,"enemies":"3 Darklings","floor":39,"turns":4},{"damage":0,"enemies":"Giant Head","floor":41,"turns":7},{"damage":0,"enemies":"Sphere and 2 Shapes","floor":44,"turns":5},{"damage":4,"enemies":"Transient","floor":46,"turns":5},{"damage":37,"enemies":"2 Orb Walkers","floor":47,"turns":7},{"damage":0,"enemies":"Spire Growth","floor":48,"turns":4},{"damage":0,"enemies":"Donu and Deca","floor":50,"turns":9}],"seed_played":"-305186322593315104","potions_obtained":[{"floor":4,"key":"FearPotion"},{"floor":8,"key":"SpeedPotion"},{"floor":11,"key":"FearPotion"},{"floor":27,"key":"Regen Potion"},{"floor":48,"key":"Block Potion"}],"is_trial":false,"path_per_floor":["M","$","?","M","?","R","E","M","T","R","M","$","R","?","R","B",null,"M","?","?","M","T","R","E","T","T","E","R","$","M","?","R","B",null,"M","$","T","?","M","R","E","R","T","M","R","M","E","M","R","B"],"character_chosen":"THE_SILENT","items_purchased":["Bouncing Flask","Blur"],"campfire_rested":3,"item_purchase_floors":[36,36],"current_hp_per_floor":[64,64,64,64,64,64,38,38,38,38,38,38,38,38,59,58,70,70,70,70,70,70,70,49,49,49,49,49,49,49,36,58,53,75,75,75,75,75,64,64,64,64,64,64,64,60,30,44,68,68],"gold":123,"neow_bonus":"UPGRADE_CARD","is_prod":false,"is_daily":false,"chose_seed":false,"campfire_upgraded":8,"win_rate":0,"timestamp":1538267208,"path_taken":["M","$","?","M","?","R","E","M","T","R","M","$","R","?","R","BOSS","M","?","?","M","?","R","E","?","T","E","R","$","?","?","R","BOSS","M","$","?","?","M","R","E","R","T","M","R","M","E","M","R","BOSS"],"build_version":"2018-09-27","purchased_purges":4,"victory":true,"max_hp_per_floor":[70,70,70,70,70,70,70,70,70,70,70,70,70,70,70,70,70,70,70,70,70,70,70,70,70,70,70,70,70,70,75,75,75,75,75,75,75,75,75,75,75,75,75,75,75,75,82,82,82,82],"card_choices":[{"not_picked":["Dagger Spray","Flying Knee"],"picked":"Backflip","floor":1},{"not_picked":["Blade Dance","Outmaneuver","Poisoned Stab"],"picked":"SKIP","floor":4},{"not_picked":["Dagger Spray","Calculated Gamble"],"picked":"Noxious Fumes","floor":7},{"not_picked":["Dagger Spray","Backstab"],"picked":"Footwork+1","floor":8},{"not_picked":["Catalyst","Flying Knee"],"picked":"Well Laid Plans+1","floor":11},{"not_picked":["Venomology","Glass Knife"],"picked":"Burst","floor":16},{"not_picked":["Outmaneuver","Cloak And Dagger"],"picked":"Poisoned Stab","floor":18},{"not_picked":["Accuracy+1","Blur"],"picked":"Leg Sweep+1","floor":21},{"not_picked":["Phantasmal Killer","Crippling Poison","Heel Hook"],"picked":"SKIP","floor":24},{"not_picked":["Blade Dance","Poisoned Stab","Predator"],"picked":"SKIP","floor":27},{"not_picked":["Deflect","Outmaneuver","Acrobatics+1"],"picked":"SKIP","floor":30},{"not_picked":["Storm of Steel","Grand Finale"],"picked":"Adrenaline","floor":33},{"not_picked":["Reflex","Underhanded Strike","Flying Knee"],"picked":"SKIP","floor":35},{"not_picked":["Blade Dance+1","Outmaneuver"],"picked":"Prepared","floor":39},{"not_picked":["Quick Slash","Storm of Steel","Dodge and Roll+1"],"picked":"SKIP","floor":41},{"not_picked":["Caltrops+1","Slice+1"],"picked":"Escape Plan+1","floor":44},{"not_picked":["Acrobatics","Sucker Punch+1","Backflip"],"picked":"SKIP","floor":44},{"not_picked":["Slice+1","Dodge and Roll","Dash+1"],"picked":"SKIP","floor":46},{"not_picked":["Flechettes","Distraction","Bane"],"picked":"SKIP","floor":46},{"not_picked":["Unload","Expertise","Riddle With Holes"],"picked":"SKIP","floor":47},{"not_picked":["Prepared","Reflex+1","Flying Knee"],"picked":"SKIP","floor":48},{"not_picked":["Endless Agony+1","Calculated Gamble+1","Dagger Throw+1"],"picked":"SKIP","floor":48}],"player_experience":130927,"relics_obtained":[{"floor":7,"key":"Frozen Egg 2"},{"floor":9,"key":"Pocketwatch"},{"floor":22,"key":"Omamori"},{"floor":24,"key":"Bottled Flame"},{"floor":25,"key":"Vajra"},{"floor":26,"key":"The Courier"},{"floor":27,"key":"Snake Skull"},{"floor":41,"key":"Prayer Wheel"},{"floor":47,"key":"Strawberry"}],"event_choices":[{"event_name":"Accursed Blacksmith","player_choice":"Forge","floor":3,"damage_taken":0},{"event_name":"Liars Game","player_choice":"disagreed","floor":5,"damage_taken":0},{"event_name":"Living Wall","player_choice":"Forget","floor":14,"damage_taken":0},{"event_name":"The Mausoleum","player_choice":"No","floor":19,"damage_taken":0},{"event_name":"Beggar","player_choice":"Gave Gold","floor":20,"damage_taken":0},{"event_name":"Forgotten Altar","player_choice":"Shed Blood","floor":31,"damage_taken":0},{"event_name":"Falling","player_choice":"Removed Attack","floor":38,"damage_taken":0}],"is_beta":false,"boss_relics":[{"not_picked":["Tiny House","Eternal Feather"],"picked":"Empty Cage"},{"not_picked":["Velvet Choker","Fusion Hammer"],"picked":"Cursed Key"}],"items_purged_floors":[2,12,29,36],"is_endless":false,"potions_floor_spawned":[4,8,11,16,21,27,30,33,44,46,47,48],"ascension_level":2}