{"gold_per_floor":[118,128,143,162,174,203,203,230,230,247,260,260,260,273,273,375,375,388,408,408,42,61,61,78,98,98,98,23,37,37,49,49,147,147,162,162,173,173,23,23,23,23,23,23,38,51,51,51,51,51],"floor_reached":50,"playtime":3387,"items_purged":[],"score":483,"play_id":"f0d94fcb-c351-4d8b-af97-ea92b568721b","local_time":"20190211021217","is_ascension_mode":false,"campfire_choices":[{"floor":12,"key":"RECALL"},{"data":"Redo","floor":15,"key":"SMITH"},{"floor":23,"key":"REST"},{"floor":30,"key":"REST"},{"floor":32,"key":"REST"},{"floor":40,"key":"REST"},{"data":"Turbo","floor":42,"key":"SMITH"},{"floor":47,"key":"REST"},{"floor":49,"key":"REST"}],"neow_cost":"NONE","seed_source_timestamp":480445738075376,"circlet_count":0,"master_deck":["Defend_B","Defend_B","Defend_B","Defend_B","Zap","Dualcast","Biased Cognition","Self Repair","Coolheaded","Turbo","Steam Power","Cold Snap","Rainbow+1","Redo+1","Ball Lightning","Ball Lightning","Turbo","Echo Form","FTL+1","Heatsinks","Cold Snap","Secret Technique","Reprogram","Leap","Turbo+1","Lockon+1","FTL","Rainbow","Madness","Madness","Blizzard+1","Violence","Dramatic Entrance","Enlightenment","Stack+1","Chaos+1"],"relics":["FrozenCore","Centennial Puzzle","Strawberry","Blue Candle","Empty Cage","Gremlin Horn","Nilry\u0027s Codex","Orichalcum","Frozen Egg 2","Lantern"],"potions_floor_usage":[6,16,22,24,33,33,33,45,50],"damage_taken":[{"damage":0,"enemies":"2 Louse","floor":1,"turns":2},{"damage":0,"enemies":"Cultist","floor":2,"turns":3},{"damage":1,"enemies":"Jaw Worm","floor":3,"turns":4},{"damage":0,"enemies":"Large Slime","floor":4,"turns":5},{"damage":7,"enemies":"Exordium Thugs","floor":5,"turns":5},{"damage":12,"enemies":"Lagavulin","floor":6,"turns":8},{"damage":10,"enemies":"3 Sentries","floor":8,"turns":8},{"damage":6,"enemies":"3 Louse","floor":10,"turns":2},{"damage":0,"enemies":"Looter","floor":11,"turns":2},{"damage":2,"enemies":"Lots of Slimes","floor":14,"turns":3},{"damage":34,"enemies":"Hexaghost","floor":16,"turns":8},{"damage":5,"enemies":"Chosen","floor":18,"turns":4},{"damage":11,"enemies":"Spheric Guardian","floor":19,"turns":4},{"damage":40,"enemies":"Shelled Parasite and Fungi","floor":22,"turns":5},{"damage":14,"enemies":"Chosen and Byrds","floor":24,"turns":5},{"damage":18,"enemies":"Centurion and Healer","floor":25,"turns":7},{"damage":14,"enemies":"Snake Plant","floor":29,"turns":3},{"damage":10,"enemies":"Snecko","floor":31,"turns":5},{"damage":34,"enemies":"Collector","floor":33,"turns":10},{"damage":2,"enemies":"3 Shapes","floor":35,"turns":5},{"damage":12,"enemies":"Orb Walker","floor":37,"turns":5},{"damage":40,"enemies":"Writhing Mass","floor":45,"turns":7},{"damage":11,"enemies":"Spire Growth","floor":46,"turns":5},{"damage":102,"enemies":"Time Eater","floor":50,"turns":9}],"seed_played":"928372639160589072","potions_obtained":[{"floor":3,"key":"EssenceOfSteel"},{"floor":4,"key":"Block Potion"},{"floor":6,"key":"Swift Potion"},{"floor":8,"key":"SpeedPotion"},{"floor":18,"key":"Dexterity Potion"},{"floor":22,"key":"Energy Potion"},{"floor":25,"key":"AttackPotion"},{"floor":33,"key":"Fire Potion"},{"floor":37,"key":"AttackPotion"},{"floor":46,"key":"LiquidBronze"}],"is_trial":false,"path_per_floor":["M","M","M","M","M","E","?","E","T","M","M","R","T","M","R","B",null,"M","M","?","$","M","R","M","M","T","?","?","M","R","M","R","B",null,"M","?","M","?","$","R","?","R","T","?","M","M","R","?","R","B"],"character_chosen":"DEFECT","items_purchased":["Heatsinks","Cold Snap","Secret Technique","Reprogram","Orichalcum"],"campfire_rested":6,"item_purchase_floors":[21,21,21,21,39],"current_hp_per_floor":[75,75,75,75,75,70,70,74,74,75,75,75,75,80,80,53,82,82,78,78,78,45,69,62,51,51,35,35,21,45,42,66,32,82,80,70,58,48,48,72,72,72,72,72,39,28,52,52,76,0],"gold":51,"neow_bonus":"TRANSFORM_CARD","is_prod":false,"is_daily":false,"chose_seed":false,"campfire_upgraded":2,"win_rate":0,"timestamp":1549869137,"path_taken":["M","M","M","M","M","E","?","E","T","M","?","R","?","M","R","BOSS","M","M","?","$","M","R","M","M","T","?","?","?","R","M","R","BOSS","M","?","M","?","$","R","?","R","T","?","?","M","R","?","R","BOSS"],"build_version":"2019-01-23","purchased_purges":0,"victory":false,"max_hp_per_floor":[75,75,75,75,75,75,75,82,82,82,82,82,82,82,82,82,82,82,82,82,82,82,82,82,82,82,82,82,82,82,82,82,82,82,82,82,82,82,82,82,82,82,82,82,82,82,82,82,82,82],"card_choices":[{"not_picked":["Steam","Hologram"],"picked":"Self Repair","floor":1},{"not_picked":["Conserve Battery","Redo"],"picked":"Coolheaded","floor":2},{"not_picked":["Scrape","Force Field"],"picked":"Turbo","floor":3},{"not_picked":["Self Repair","Beam Cell"],"picked":"Steam Power","floor":4},{"not_picked":["Static Discharge","Reinforced Body"],"picked":"Cold Snap","floor":5},{"not_picked":["Hologram","Beam Cell"],"picked":"Rainbow","floor":6},{"not_picked":["Multi-Cast","Rebound"],"picked":"Redo","floor":8},{"not_picked":["Conserve Battery","Leap"],"picked":"Ball Lightning","floor":10},{"not_picked":["Beam Cell","Conserve Battery"],"picked":"Ball Lightning","floor":11},{"not_picked":["Steam","Gash"],"picked":"Turbo","floor":14},{"not_picked":["Amplify","Creative AI"],"picked":"Echo Form","floor":16},{"not_picked":["Rebound+1","Compile Driver","Self Repair"],"picked":"SKIP","floor":18},{"not_picked":["Doom and Gloom","Reinforced Body"],"picked":"FTL+1","floor":19},{"not_picked":["Genetic Algorithm+1","Force Field"],"picked":"Leap","floor":22},{"not_picked":["FTL","Compile Driver"],"picked":"Turbo","floor":24},{"not_picked":["Rip and Tear","Streamline"],"picked":"Lockon+1","floor":25},{"not_picked":["Redo","Streamline","Beam Cell"],"picked":"SKIP","floor":29},{"not_picked":["Beam Cell+1","Lockon"],"picked":"FTL","floor":31},{"not_picked":["Meteor Strike","Multi-Cast"],"picked":"Rainbow","floor":33},{"not_picked":["Barrage","Coolheaded"],"picked":"Force Field","floor":35},{"not_picked":["Conserve Battery","Scrape+1"],"picked":"Blizzard+1","floor":37},{"not_picked":["Mind Blast","Swift Strike"],"picked":"Violence","floor":38},{"not_picked":["Discovery","Good Instincts"],"picked":"Dramatic Entrance","floor":38},{"not_picked":["Mind Blast","Chrysalis"],"picked":"Enlightenment","floor":38},{"not_picked":["Fusion","Conserve Battery+1"],"picked":"Stack+1","floor":45},{"not_picked":["Compile Driver+1","Beam Cell"],"picked":"Chaos+1","floor":46}],"player_experience":134029,"relics_obtained":[{"floor":6,"key":"Centennial Puzzle"},{"floor":8,"key":"Strawberry"},{"floor":13,"key":"Blue Candle"},{"floor":26,"key":"Gremlin Horn"},{"floor":27,"key":"Nilry\u0027s Codex"},{"floor":43,"key":"Frozen Egg 2"}],"event_choices":[{"damage_healed":0,"gold_gain":0,"player_choice":"Forge","damage_taken":0,"max_hp_gain":0,"max_hp_loss":0,"event_name":"Accursed Blacksmith","floor":7,"gold_loss":0,"cards_upgraded":["Rainbow"]},{"damage_healed":0,"gold_gain":0,"player_choice":"Ignored","damage_taken":0,"max_hp_gain":0,"max_hp_loss":0,"event_name":"Ghosts","floor":20,"gold_loss":0},{"damage_healed":0,"gold_gain":0,"player_choice":"Obtained Book","damage_taken":16,"max_hp_gain":0,"max_hp_loss":0,"event_name":"Cursed Tome","floor":27,"gold_loss":0},{"cards_removed":["Strike_B"],"damage_healed":0,"gold_gain":0,"player_choice":"Gave Gold","damage_taken":0,"max_hp_gain":0,"max_hp_loss":0,"event_name":"Beggar","floor":28,"gold_loss":75},{"damage_healed":0,"gold_gain":0,"player_choice":"Embrace Madness","damage_taken":10,"max_hp_gain":0,"max_hp_loss":0,"event_name":"Winding Halls","floor":36,"gold_loss":0,"cards_obtained":["Madness","Madness"]},{"damage_healed":0,"gold_gain":0,"player_choice":"Memory 3","damage_taken":10,"max_hp_gain":0,"max_hp_loss":0,"event_name":"SensoryStone","floor":38,"gold_loss":0},{"cards_removed":["Force Field"],"damage_healed":0,"gold_gain":0,"player_choice":"Removed Skill","damage_taken":0,"max_hp_gain":0,"max_hp_loss":0,"event_name":"Falling","floor":41,"gold_loss":0},{"damage_healed":0,"gold_gain":0,"player_choice":"Gave Potion","damage_taken":0,"relics_obtained":["Lantern"],"max_hp_gain":0,"max_hp_loss":0,"event_name":"WeMeetAgain","floor":44,"gold_loss":0},{"damage_healed":0,"gold_gain":0,"player_choice":"Leave","damage_taken":0,"max_hp_gain":0,"max_hp_loss":0,"event_name":"FaceTrader","floor":48,"gold_loss":0}],"is_beta":false,"boss_relics":[{"not_picked":["Cursed Key","Tiny House"],"picked":"Empty Cage"},{"not_picked":["Astrolabe","White Beast Statue"],"picked":"FrozenCore"}],"items_purged_floors":[],"is_endless":false,"potions_floor_spawned":[3,4,6,8,11,18,22,25,33,37,46],"killed_by":"Time Eater","ascension_level":0}