{"gold_per_floor":[114,114,133,133,133,163,183,216,239,272,272,272,286,302,302,430,430,451,140,158,177,177,212,212,253,253,272,272,292,292,305,305,428,428,446,471,546,69,69,69,85,121,147,147,74,90,90,90,90,90],"floor_reached":51,"playtime":2671,"items_purged":["Strike_B","Strike_B"],"score":822,"play_id":"6213edbd-e8fb-4dd5-8c4c-cd1d224e75e3","local_time":"20190107230908","is_ascension_mode":true,"campfire_choices":[{"floor":12,"key":"REST"},{"data":"Sunder","floor":15,"key":"SMITH"},{"data":"Zap","floor":24,"key":"SMITH"},{"data":"Electrodynamics","floor":28,"key":"SMITH"},{"data":"Defragment","floor":30,"key":"SMITH"},{"floor":32,"key":"REST"},{"data":"Coolheaded","floor":40,"key":"SMITH"},{"data":"Buffer","floor":44,"key":"SMITH"},{"data":"Consume","floor":47,"key":"SMITH"},{"floor":49,"key":"REST"}],"neow_cost":"NONE","seed_source_timestamp":1569853391135851,"circlet_count":0,"master_deck":["Defend_B","Defend_B","Defend_B","Defend_B","Zap+1","Dualcast","Ball Lightning","Buffer+1","Capacitor","Go for the Eyes","Genetic Algorithm","Loop","Conserve Battery","Sunder+1","Hologram","Sweeping Beam","Chill","Electrodynamics+1","Defragment+1","Consume+1","Coolheaded+1","Conserve Battery+1","Ball Lightning","Leap","Stack+1","Loop+1","Defragment+1","Coolheaded+1","Heatsinks+1","Flash of Steel","Skim","Thinking Ahead"],"relics":["FrozenCore","NeowsBlessing","Omamori","Ancient Tea Set","Bronze Scales","Prayer Wheel","Golden Idol","Inserter","Lantern","Boot","DataDisk","Letter Opener","Gambling Chip","Sundial","Bag of Marbles"],"potions_floor_usage":[16,23,25,31,31,46,46,50],"damage_taken":[{"damage":0,"enemies":"Jaw Worm","floor":1,"turns":1},{"damage":0,"enemies":"2 Louse","floor":3,"turns":1},{"damage":0,"enemies":"Gremlin Nob","floor":6,"turns":1},{"damage":7,"enemies":"Small Slimes","floor":7,"turns":3},{"damage":26,"enemies":"Lagavulin","floor":8,"turns":7},{"damage":18,"enemies":"Gremlin Nob","floor":10,"turns":5},{"damage":0,"enemies":"3 Louse","floor":13,"turns":3},{"damage":9,"enemies":"Red Slaver","floor":14,"turns":3},{"damage":16,"enemies":"Slime Boss","floor":16,"turns":6},{"damage":5,"enemies":"Chosen","floor":18,"turns":5},{"damage":11,"enemies":"Spheric Guardian","floor":20,"turns":4},{"damage":5,"enemies":"Centurion and Healer","floor":21,"turns":6},{"damage":21,"enemies":"Slavers","floor":23,"turns":5},{"damage":5,"enemies":"Gremlin Leader","floor":25,"turns":7},{"damage":4,"enemies":"Snake Plant","floor":27,"turns":3},{"damage":0,"enemies":"3 Cultists","floor":29,"turns":3},{"damage":28,"enemies":"Shelled Parasite and Fungi","floor":31,"turns":4},{"damage":6,"enemies":"Collector","floor":33,"turns":7},{"damage":13,"enemies":"3 Shapes","floor":35,"turns":3},{"damage":0,"enemies":"Orb Walker","floor":36,"turns":5},{"damage":7,"enemies":"3 Darklings","floor":41,"turns":4},{"damage":0,"enemies":"Giant Head","floor":42,"turns":10},{"damage":0,"enemies":"Jaw Worm Horde","floor":46,"turns":5},{"damage":10,"enemies":"Awakened One","floor":50,"turns":14}],"seed_played":"-1361428778145603564","potions_obtained":[{"floor":1,"key":"SteroidPotion"},{"floor":6,"key":"Explosive Potion"},{"floor":8,"key":"SkillPotion"},{"floor":10,"key":"Weak Potion"},{"floor":16,"key":"LiquidBronze"},{"floor":22,"key":"Regen Potion"},{"floor":23,"key":"SkillPotion"},{"floor":25,"key":"AttackPotion"},{"floor":31,"key":"SkillPotion"},{"floor":36,"key":"FocusPotion"},{"floor":42,"key":"Explosive Potion"},{"floor":46,"key":"PowerPotion"}],"is_trial":false,"path_per_floor":["M","?","M","?","?","E","M","E","T","E","?","R","M","M","R","B",null,"M","$","M","M","?","E","R","E","T","M","R","M","R","M","R","B",null,"M","M","?","$","$","R","M","E","T","R","$","M","R","?","R","B",null],"character_chosen":"DEFECT","items_purchased":["Consume","Lantern","Gambling Chip","Flash of Steel","Skim"],"campfire_rested":3,"item_purchase_floors":[19,19,38,38,45],"current_hp_per_floor":[75,75,75,68,73,73,66,40,40,22,22,46,46,37,37,21,80,75,75,64,59,59,38,38,48,48,44,44,44,44,16,40,34,80,67,67,59,59,59,59,52,52,52,52,52,52,52,52,76,66],"gold":90,"neow_bonus":"THREE_ENEMY_KILL","is_prod":false,"is_daily":false,"chose_seed":false,"campfire_upgraded":7,"win_rate":0,"timestamp":1546931348,"path_taken":["M","?","M","?","?","E","M","E","T","E","?","R","M","M","R","BOSS","M","$","M","M","?","E","R","E","T","?","R","?","R","M","R","BOSS","M","M","?","?","$","R","M","E","T","R","?","M","R","?","R","BOSS"],"build_version":"2019-01-03v4","purchased_purges":2,"victory":true,"max_hp_per_floor":[75,75,75,75,80,80,80,80,80,80,80,80,80,80,80,80,80,80,80,80,80,80,80,80,80,80,80,80,80,80,80,80,80,80,80,80,80,80,80,80,80,80,80,80,80,80,80,80,80,80],"card_choices":[{"not_picked":["Melter","Rip and Tear"],"picked":"Ball Lightning","floor":1},{"not_picked":["Aggregate","Compile Driver"],"picked":"Capacitor","floor":3},{"not_picked":["Hologram","Conserve Battery"],"picked":"Go for the Eyes","floor":6},{"not_picked":["Steam","Scrape"],"picked":"Genetic Algorithm","floor":7},{"not_picked":["Conserve Battery","Gash"],"picked":"Loop","floor":8},{"not_picked":["Steam","Undo"],"picked":"Conserve Battery","floor":10},{"not_picked":["Double Energy","Hologram"],"picked":"Sunder","floor":13},{"not_picked":["Hologram","Multi-Cast","Leap"],"picked":"SKIP","floor":13},{"not_picked":["Multi-Cast","Leap"],"picked":"Hologram","floor":13},{"not_picked":["Doom and Gloom","FTL"],"picked":"Sweeping Beam","floor":14},{"not_picked":["Stack","Hologram"],"picked":"Chill","floor":14},{"not_picked":["Creative AI","Hyperbeam"],"picked":"Electrodynamics","floor":16},{"not_picked":["Stack+1","Glacier"],"picked":"Defragment+1","floor":18},{"not_picked":["Reprogram+1","Heatsinks","Hologram"],"picked":"SKIP","floor":18},{"not_picked":["Beam Cell","Steam"],"picked":"Coolheaded","floor":20},{"not_picked":["Aggregate","Rebound+1"],"picked":"Conserve Battery+1","floor":20},{"not_picked":["Rebound","Gash"],"picked":"Ball Lightning","floor":21},{"not_picked":["Beam Cell+1","Redo+1"],"picked":"Leap","floor":21},{"not_picked":["Sweeping Beam+1","Consume"],"picked":"Stack+1","floor":23},{"not_picked":["Redo","Steam","Double Energy"],"picked":"SKIP","floor":25},{"not_picked":["Hologram","Core Surge"],"picked":"Loop+1","floor":27},{"not_picked":["Barrage","Chaos+1","Rebound"],"picked":"SKIP","floor":27},{"not_picked":["Ball Lightning","Go for the Eyes"],"picked":"Defragment","floor":29},{"not_picked":["Static Discharge","Melter"],"picked":"Coolheaded+1","floor":29},{"not_picked":["Static Discharge+1","Turbo","Ball Lightning"],"picked":"SKIP","floor":31},{"not_picked":["Barrage+1","Chill","FTL+1"],"picked":"SKIP","floor":31},{"not_picked":["Redo+1","Aggregate","Ball Lightning+1"],"picked":"SKIP","floor":35},{"not_picked":["Fusion+1","Rebound+1","Ball Lightning"],"picked":"SKIP","floor":35},{"not_picked":["Barrage+1","Beam Cell+1"],"picked":"Heatsinks+1","floor":36},{"not_picked":["Storm+1","Hologram","Static Discharge+1"],"picked":"SKIP","floor":36},{"not_picked":["Conserve Battery+1","Rip and Tear+1","Static Discharge+1"],"picked":"SKIP","floor":41},{"not_picked":["Fission","Recycle","Streamline"],"picked":"SKIP","floor":41},{"not_picked":["Storm+1","Self Repair+1","Conserve Battery+1"],"picked":"SKIP","floor":42},{"not_picked":["Compile Driver+1","Redo+1","Gash+1"],"picked":"SKIP","floor":46},{"not_picked":["Skim","Coolheaded","Compile Driver"],"picked":"SKIP","floor":46},{"not_picked":["Secret Technique","Bandage Up"],"picked":"Thinking Ahead","floor":48}],"player_experience":116237,"relics_obtained":[{"floor":6,"key":"Omamori"},{"floor":8,"key":"Ancient Tea Set"},{"floor":9,"key":"Bronze Scales"},{"floor":10,"key":"Prayer Wheel"},{"floor":23,"key":"Boot"},{"floor":25,"key":"DataDisk"},{"floor":26,"key":"Letter Opener"},{"floor":42,"key":"Sundial"},{"floor":43,"key":"Bag of Marbles"}],"event_choices":[{"damage_healed":0,"gold_gain":0,"cards_transformed":["Strike_B"],"player_choice":"Change","damage_taken":0,"max_hp_gain":0,"max_hp_loss":0,"event_name":"Living Wall","floor":2,"gold_loss":0,"cards_obtained":["Buffer"]},{"cards_removed":["Strike_B"],"damage_healed":0,"gold_gain":0,"player_choice":"Card Removal","damage_taken":7,"max_hp_gain":0,"max_hp_loss":0,"event_name":"Golden Wing","floor":4,"gold_loss":0},{"damage_healed":0,"gold_gain":0,"player_choice":"Donut","damage_taken":0,"max_hp_gain":5,"max_hp_loss":0,"event_name":"Big Fish","floor":5,"gold_loss":0},{"damage_healed":0,"gold_gain":0,"player_choice":"Take Wound","damage_taken":0,"relics_obtained":["Golden Idol"],"max_hp_gain":0,"max_hp_loss":0,"event_name":"Golden Idol","floor":11,"gold_loss":0,"cards_obtained":["Injury"]},{"damage_healed":0,"gold_gain":0,"player_choice":"Got Potions","damage_taken":0,"max_hp_gain":0,"max_hp_loss":0,"event_name":"Lab","floor":22,"gold_loss":0},{"damage_healed":0,"gold_gain":75,"player_choice":"Touch","damage_taken":8,"max_hp_gain":0,"max_hp_loss":0,"event_name":"FaceTrader","floor":37,"gold_loss":0},{"damage_healed":0,"gold_gain":0,"player_choice":"Memory 1","damage_taken":0,"max_hp_gain":0,"max_hp_loss":0,"event_name":"SensoryStone","floor":48,"gold_loss":0}],"is_beta":false,"boss_relics":[{"not_picked":["Astrolabe","Philosopher\u0027s Stone"],"picked":"Inserter"},{"not_picked":["White Beast Statue","Black Star"],"picked":"FrozenCore"}],"items_purged_floors":[19,38],"is_endless":false,"potions_floor_spawned":[1,6,8,10,16,23,25,29,31,36,42,46],"ascension_level":1}