{"gold_per_floor":[14,25,25,25,43,69,80,140,163,173,201,201,233,11,11,116,116,126,144,157,157,174,199,213,213,213,87,99,130,155,35,35,140,140,154,168,184,201,212,246,87,120,145,157,235,260,278,291,291,291],"floor_reached":51,"playtime":5514,"items_purged":["Strike_G","Pain","Strike_G"],"score":1374,"play_id":"b3a3f8a9-604b-4709-a742-ecd53f2e7625","local_time":"20181018181651","is_ascension_mode":true,"campfire_choices":[{"data":"Dash","floor":12.0,"key":"SMITH"},{"floor":15.0,"key":"REST"},{"data":"Cloak And Dagger","floor":25.0,"key":"SMITH"},{"data":"Skewer","floor":32.0,"key":"SMITH"},{"data":"Glass Knife","floor":49.0,"key":"SMITH"}],"neow_cost":"NO_GOLD","seed_source_timestamp":0,"circlet_count":0,"master_deck":["Defend_G+1","Defend_G","Defend_G","Defend_G","Defend_G","Strike_G","Strike_G","Strike_G","Survivor","Neutralize","Backstab+1","Backflip","Blur","Poisoned Stab","Dash+1","Backstab","Cloak And Dagger+1","Backstab","Malaise","Cloak And Dagger+1","Prepared+1","Skewer+1","Accuracy+1","Dagger Spray","Quick Slash","Dagger Throw","Noxious Fumes+1","Escape Plan+1","Accuracy+1","Predator","Corpse Explosion","Leg Sweep+1","Blade Dance","Dodge and Roll+1","Blade Dance+1","Blade Dance","Deflect+1","Terror","Phantasmal Killer","Poisoned Stab+1","Glass Knife+1","Riddle With Holes+1","PiercingWail+1"],"special_seed":0,"relics":["Ring of the Snake","Thread and Needle","Snake Skull","Tiny Chest","Happy Flower","Lantern","Oddly Smooth Stone","Orichalcum","Runic Pyramid","WarpedTongs","War Paint","Frozen Egg 2","Blood Vial","PreservedInsect","Coffee Dripper","Dodecahedron","Bird Faced Urn","Dream Catcher","Bottled Flame","Pen Nib"],"potions_floor_usage":[],"damage_taken":[{"damage":1.0,"enemies":"Cultist","floor":1.0,"turns":5.0},{"damage":0.0,"enemies":"Small Slimes","floor":2.0,"turns":3.0},{"damage":0.0,"enemies":"2 Louse","floor":5.0,"turns":2.0},{"damage":15.0,"enemies":"3 Sentries","floor":6.0,"turns":16.0},{"damage":0.0,"enemies":"Exordium Wildlife","floor":7.0,"turns":2.0},{"damage":8.0,"enemies":"Lagavulin","floor":8.0,"turns":9.0},{"damage":0.0,"enemies":"Lots of Slimes","floor":10.0,"turns":5.0},{"damage":1.0,"enemies":"3 Sentries","floor":11.0,"turns":9.0},{"damage":0.0,"enemies":"Gremlin Nob","floor":13.0,"turns":3.0},{"damage":13.0,"enemies":"The Guardian","floor":16.0,"turns":18.0},{"damage":0.0,"enemies":"3 Byrds","floor":18.0,"turns":7.0},{"damage":0.0,"enemies":"Spheric Guardian","floor":19.0,"turns":6.0},{"damage":2.0,"enemies":"Cultist and Chosen","floor":20.0,"turns":10.0},{"damage":3.0,"enemies":"Shelled Parasite and Fungi","floor":22.0,"turns":5.0},{"damage":9.0,"enemies":"Slavers","floor":23.0,"turns":9.0},{"damage":9.0,"enemies":"Chosen and Byrds","floor":24.0,"turns":8.0},{"damage":0.0,"enemies":"Cultist and Chosen","floor":28.0,"turns":5.0},{"damage":2.0,"enemies":"Book of Stabbing","floor":29.0,"turns":5.0},{"damage":4.0,"enemies":"Collector","floor":33.0,"turns":12.0},{"damage":5.0,"enemies":"3 Darklings","floor":35.0,"turns":4.0},{"damage":0.0,"enemies":"Orb Walker","floor":36.0,"turns":3.0},{"damage":0.0,"enemies":"Reptomancer","floor":37.0,"turns":6.0},{"damage":0.0,"enemies":"Sphere and 2 Shapes","floor":38.0,"turns":5.0},{"damage":0.0,"enemies":"3 Darklings","floor":39.0,"turns":7.0},{"damage":0.0,"enemies":"2 Orb Walkers","floor":40.0,"turns":2.0},{"damage":0.0,"enemies":"Giant Head","floor":42.0,"turns":7.0},{"damage":0.0,"enemies":"Transient","floor":44.0,"turns":5.0},{"damage":0.0,"enemies":"Nemesis","floor":46.0,"turns":3.0},{"damage":0.0,"enemies":"Sphere and 2 Shapes","floor":47.0,"turns":3.0},{"damage":0.0,"enemies":"Reptomancer","floor":48.0,"turns":1.0},{"damage":40,"enemies":"Donu and Deca","floor":50,"turns":6}],"seed_played":"4291982094903820434","potions_obtained":[{"floor":1.0,"key":"EssenceOfSteel"},{"floor":6.0,"key":"Strength Potion"},{"floor":8.0,"key":"Regen Potion"},{"floor":10.0,"key":"Fruit Juice"},{"floor":11.0,"key":"Strength Potion"},{"floor":23.0,"key":"Fire Potion"},{"floor":24.0,"key":"Strength Potion"},{"floor":28.0,"key":"Explosive Potion"},{"floor":47.0,"key":"Fruit Juice"}],"is_trial":false,"path_per_floor":["M","M","?","?","M","E","M","E","T","M","E","R","E","$","R","B",null,"M","M","M","?","M","E","M","R","T","$","M","E","T","$","R","B",null,"M","M","M","M","M","E","$","E","T","M","T","E","M","M","R","B"],"character_chosen":"THE_SILENT","items_purchased":["Orichalcum","Dagger Throw","Accuracy+1","Predator","Terror"],"campfire_rested":1,"item_purchase_floors":[14,27,31,31,41],"current_hp_per_floor":[62,62,62,67,67,52,52,44,44,49,48,48,48,48,72,59,75,75,75,73,73,70,61,52,52,52,52,52,50,50,50,50,48,72,69,71,73,75,77,79,79,80,80,80,80,80,85,85,85,51],"gold":291,"neow_bonus":"ONE_RARE_RELIC","is_prod":false,"is_daily":false,"chose_seed":false,"campfire_upgraded":4,"win_rate":0,"timestamp":1539901011,"path_taken":["M","?","?","?","M","E","M","E","T","M","E","R","E","$","R","BOSS","M","M","M","?","?","E","M","R","T","$","M","E","?","$","R","BOSS","M","M","M","M","M","E","$","E","T","M","?","E","M","M","R","BOSS"],"build_version":"2018-10-11","purchased_purges":3,"victory":true,"max_hp_per_floor":[70,70,70,75,75,75,75,75,75,80,80,80,80,80,80,80,80,80,80,80,80,80,80,80,80,80,80,80,80,80,80,80,80,80,80,80,80,80,80,80,80,80,80,80,80,80,85,85,85,85],"card_choices":[{"not_picked":["Acrobatics","Bane"],"picked":"Backstab","floor":1.0},{"not_picked":["Concentrate","Flying Knee","Finisher"],"picked":"SKIP","floor":2.0},{"not_picked":["Acrobatics","Reflex"],"picked":"Backflip","floor":5.0},{"not_picked":["Endless Agony","Flying Knee"],"picked":"Blur","floor":6.0},{"not_picked":["Quick Slash","Dagger Throw"],"picked":"Poisoned Stab","floor":7.0},{"not_picked":["Heel Hook","Outmaneuver"],"picked":"Dash","floor":8.0},{"not_picked":["Flechettes","Blur"],"picked":"Backstab","floor":10.0},{"not_picked":["Poisoned Stab","Bane"],"picked":"Cloak And Dagger","floor":11.0},{"not_picked":["Slice","Underhanded Strike"],"picked":"Backstab","floor":13.0},{"not_picked":["Burst","Night Terror"],"picked":"Malaise","floor":16.0},{"not_picked":["Bane","Crippling Poison+1"],"picked":"Cloak And Dagger","floor":18.0},{"not_picked":["Deflect","Distraction"],"picked":"Prepared+1","floor":19.0},{"not_picked":["Concentrate","Slice"],"picked":"Skewer","floor":20.0},{"not_picked":["Deflect","Infinite Blades"],"picked":"Accuracy+1","floor":22.0},{"not_picked":["Bane","Dodge and Roll"],"picked":"Dagger Spray","floor":23.0},{"not_picked":["Poisoned Stab","Backflip"],"picked":"Quick Slash","floor":24.0},{"not_picked":["Prepared","Burst"],"picked":"Noxious Fumes+1","floor":28.0},{"not_picked":["Flying Knee","Deflect"],"picked":"Escape Plan+1","floor":29.0},{"not_picked":["Malaise","Adrenaline"],"picked":"Corpse Explosion","floor":33.0},{"not_picked":["Expertise+1","Poisoned Stab+1"],"picked":"Leg Sweep+1","floor":35.0},{"not_picked":["Quick Slash+1","Cloak And Dagger"],"picked":"Blade Dance","floor":36.0},{"not_picked":["Predator+1","Slice"],"picked":"Dodge and Roll+1","floor":37.0},{"not_picked":["Deadly Poison+1","Prepared+1"],"picked":"Blade Dance+1","floor":38.0},{"not_picked":["Outmaneuver","Skewer"],"picked":"Blade Dance","floor":39.0},{"not_picked":["Skewer","Deadly Poison"],"picked":"Deflect+1","floor":40.0},{"not_picked":["Wraith Form v2+1","Phantasmal Killer","Predator+1"],"picked":"SKIP","floor":42.0},{"not_picked":["Wraith Form v2+1","Predator+1"],"picked":"Phantasmal Killer","floor":42.0},{"not_picked":["Slice+1","Outmaneuver+1"],"picked":"Poisoned Stab+1","floor":44.0},{"not_picked":["Calculated Gamble","Caltrops+1"],"picked":"Glass Knife","floor":46.0},{"not_picked":["Caltrops+1","Outmaneuver"],"picked":"Riddle With Holes+1","floor":47.0},{"not_picked":["Deflect","Acrobatics+1"],"picked":"PiercingWail+1","floor":48.0}],"player_experience":615672,"relics_obtained":[{"floor":6.0,"key":"Snake Skull"},{"floor":8.0,"key":"Tiny Chest"},{"floor":9.0,"key":"Happy Flower"},{"floor":11.0,"key":"Lantern"},{"floor":13.0,"key":"Oddly Smooth Stone"},{"floor":23.0,"key":"War Paint"},{"floor":26.0,"key":"Frozen Egg 2"},{"floor":29.0,"key":"Blood Vial"},{"floor":30.0,"key":"PreservedInsect"},{"floor":40.0,"key":"Dodecahedron"},{"floor":42.0,"key":"Bird Faced Urn"},{"floor":43.0,"key":"Dream Catcher"},{"floor":45.0,"key":"Bottled Flame"},{"floor":46.0,"key":"Pen Nib"}],"event_choices":[{"event_name":"Living Wall","player_choice":"Grow","floor":3.0,"damage_taken":0.0},{"event_name":"Big Fish","player_choice":"Donut","floor":4.0,"damage_taken":0.0},{"event_name":"Accursed Blacksmith","player_choice":"Rummage","floor":21.0,"damage_taken":0.0}],"is_beta":false,"boss_relics":[{"not_picked":["Eternal Feather","HoveringKite"],"picked":"Runic Pyramid"},{"not_picked":["Philosopher\u0027s Stone","Lizard Tail"],"picked":"Coffee Dripper"}],"items_purged_floors":[14,27,41],"is_endless":false,"potions_floor_spawned":[1,6,8,10,11,23,24,28,29,36,39,42,47],"ascension_level":9}