{"gold_per_floor":[112,112,112,127,142,142,180,205,205,205],"floor_reached":10,"playtime":273,"items_purged":[],"score":92,"play_id":"56846d62-9927-4dc3-b26c-84c1d34848e3","local_time":"20190202232912","is_ascension_mode":true,"campfire_choices":[{"data":"Barrage","floor":6,"key":"SMITH"}],"neow_cost":"NONE","seed_source_timestamp":1398742178989442,"circlet_count":0,"master_deck":["Strike_B","Strike_B","Strike_B","Strike_B","Defend_B+1","Defend_B","Defend_B","Defend_B","Zap","Dualcast+1","Go for the Eyes","Barrage+1","Ball Lightning"],"relics":["Cracked Core","Boot","Golden Idol","War Paint","Potion Belt"],"potions_floor_usage":[7],"damage_taken":[{"damage":9,"enemies":"Jaw Worm","floor":1,"turns":3},{"damage":0,"enemies":"2 Louse","floor":4,"turns":2},{"damage":0,"enemies":"Cultist","floor":5,"turns":3},{"damage":32,"enemies":"Gremlin Nob","floor":7,"turns":4},{"damage":3,"enemies":"Looter","floor":8,"turns":2},{"damage":8,"enemies":"3 Louse","floor":10,"turns":1}],"seed_played":"4274307549334370437","potions_obtained":[{"floor":4,"key":"FearPotion"},{"floor":7,"key":"LiquidBronze"}],"is_trial":false,"path_per_floor":["M","?","?","M","M","R","E","M","T","M"],"character_chosen":"DEFECT","items_purchased":[],"campfire_rested":0,"item_purchase_floors":[],"current_hp_per_floor":[59,59,41,41,41,41,9,6,6,0],"gold":205,"neow_bonus":"RANDOM_COMMON_RELIC","is_prod":false,"is_daily":false,"chose_seed":false,"campfire_upgraded":1,"win_rate":0,"timestamp":1549178952,"path_taken":["M","?","?","M","M","R","E","?","T","M"],"build_version":"2019-01-23","purchased_purges":0,"victory":false,"max_hp_per_floor":[75,75,75,75,75,75,75,75,75,75],"card_choices":[{"not_picked":["Beam Cell","Chill"],"picked":"Go for the Eyes","floor":1},{"not_picked":["Turbo","Stack","Steam"],"picked":"SKIP","floor":4},{"not_picked":["BootSequence","Echo Form"],"picked":"Barrage","floor":5},{"not_picked":["Doom and Gloom","Reboot"],"picked":"Ball Lightning","floor":7},{"not_picked":["Steam","Reinforced Body","Go for the Eyes"],"picked":"SKIP","floor":8}],"player_experience":307839,"relics_obtained":[{"floor":7,"key":"War Paint"},{"floor":9,"key":"Potion Belt"}],"event_choices":[{"damage_healed":0,"gold_gain":0,"player_choice":"Ignored","damage_taken":0,"max_hp_gain":0,"max_hp_loss":0,"event_name":"Golden Wing","floor":2,"gold_loss":0},{"damage_healed":0,"gold_gain":0,"player_choice":"Take Damage","damage_taken":18,"relics_obtained":["Golden Idol"],"max_hp_gain":0,"max_hp_loss":0,"event_name":"Golden Idol","floor":3,"gold_loss":0}],"is_beta":false,"boss_relics":[],"items_purged_floors":[],"is_endless":false,"potions_floor_spawned":[4,7],"killed_by":"3 Louse","ascension_level":7}