{"gold_per_floor":[110,110,110,129,142,142,156,171,195,195,195,209,112,123,123,225,225,236,236,254,268,284,284,304,323,349,349,349,349,362,362,362,465,465,479,166,178,178],"floor_reached":38,"playtime":1576,"items_purged":["Strike_R"],"score":372,"play_id":"eabf2e70-8fd7-4bfa-a312-6f31cdab19e8","local_time":"20190118161556","is_ascension_mode":false,"campfire_choices":[{"data":"Spot Weakness","floor":6.0,"key":"SMITH"},{"data":"Flame Barrier","floor":10.0,"key":"SMITH"},{"data":"Uppercut","floor":15.0,"key":"SMITH"},{"floor":23.0,"key":"REST"},{"floor":29.0,"key":"REST"},{"floor":32.0,"key":"REST"}],"neow_cost":"NONE","seed_source_timestamp":747287202293508,"circlet_count":0,"master_deck":["Strike_R","Strike_R","Strike_R","Defend_R","Defend_R","Defend_R","Defend_R","Bash","Immolate","True Grit+1","Spot Weakness+1","Iron Wave","Sword Boomerang","Flame Barrier+1","Panacea","Uppercut+1","Reaper","Whirlwind","Mind Blast","Madness","Shrug It Off+1","Twin Strike+1","Shockwave+1","Ghostly Armor","Berserk","True Grit+1","Demon Form","Twin Strike+1","Master of Strategy","Heavy Blade","Shrug It Off"],"special_seed":0,"relics":["Burning Blood"],"potions_floor_usage":[38,38],"damage_taken":[{"damage":5.0,"enemies":"Small Slimes","floor":1.0,"turns":3.0},{"damage":0.0,"enemies":"2 Louse","floor":4.0,"turns":2.0},{"damage":0.0,"enemies":"Cultist","floor":5.0,"turns":3.0},{"damage":7.0,"enemies":"Exordium Wildlife","floor":7.0,"turns":4.0},{"damage":5.0,"enemies":"Exordium Thugs","floor":8.0,"turns":4.0},{"damage":6.0,"enemies":"2 Fungi Beasts","floor":12.0,"turns":3.0},{"damage":8.0,"enemies":"Red Slaver","floor":14.0,"turns":2.0},{"damage":36.0,"enemies":"Hexaghost","floor":16.0,"turns":9.0},{"damage":21.0,"enemies":"2 Thieves","floor":18.0,"turns":4.0},{"damage":16.0,"enemies":"Spheric Guardian","floor":20.0,"turns":4.0},{"damage":17.0,"enemies":"Snecko","floor":21.0,"turns":7.0},{"damage":18.0,"enemies":"Centurion and Healer","floor":22.0,"turns":10.0},{"damage":15.0,"enemies":"Chosen and Byrds","floor":24.0,"turns":7.0},{"damage":15.0,"enemies":"Snecko","floor":25.0,"turns":6.0},{"damage":5.0,"enemies":"Centurion and Healer","floor":30.0,"turns":5.0},{"damage":3.0,"enemies":"Champ","floor":33.0,"turns":11.0},{"damage":52.0,"enemies":"3 Shapes","floor":35.0,"turns":7.0},{"damage":39.0,"enemies":"Orb Walker","floor":37.0,"turns":6.0},{"damage":45,"enemies":"Maw","floor":38,"turns":7}],"seed_played":"6010203262940257042","potions_obtained":[{"floor":4.0,"key":"Explosive Potion"},{"floor":5.0,"key":"Swift Potion"},{"floor":7.0,"key":"Swift Potion"},{"floor":12.0,"key":"FearPotion"},{"floor":14.0,"key":"Ancient Potion"},{"floor":18.0,"key":"Poison Potion"},{"floor":20.0,"key":"PowerPotion"},{"floor":24.0,"key":"Block Potion"},{"floor":35.0,"key":"SkillPotion"},{"floor":37.0,"key":"EssenceOfSteel"}],"is_trial":false,"path_per_floor":["M","?","?","M","M","R","M","M","T","R","?","M","$","M","R","B",null,"M","?","M","M","M","R","M","M","T","?","?","R","M","?","R","B",null,"M","$","M","M"],"character_chosen":"IRONCLAD","items_purchased":["Panacea","Master of Strategy","Heavy Blade"],"campfire_rested":3,"item_purchase_floors":[13,36,36],"current_hp_per_floor":[80,80,80,80,80,80,79,80,80,80,80,80,80,78,78,48,80,65,41,31,24,20,44,35,32,32,32,32,56,57,57,80,80,80,52,52,19,0],"gold":178,"neow_bonus":"ONE_RANDOM_RARE_CARD","is_prod":false,"is_daily":false,"chose_seed":false,"campfire_upgraded":3,"win_rate":0,"timestamp":1547846156,"path_taken":["M","?","?","M","M","R","M","?","T","R","?","M","?","M","R","BOSS","M","?","?","M","M","R","M","M","T","?","?","R","?","?","R","BOSS","M","$","M","M"],"build_version":"2019-01-17","purchased_purges":1,"victory":false,"max_hp_per_floor":[80,80,80,80,80,80,80,80,80,80,80,80,80,80,80,80,80,80,80,80,80,80,80,80,80,80,80,80,80,80,80,80,80,80,80,80,80,80],"card_choices":[{"not_picked":["Twin Strike","Rupture"],"picked":"True Grit","floor":1.0},{"not_picked":["Dropkick","Sentinel"],"picked":"Spot Weakness","floor":4.0},{"not_picked":["Perfected Strike","Searing Blow"],"picked":"Iron Wave","floor":5.0},{"not_picked":["Carnage","Anger"],"picked":"Sword Boomerang","floor":7.0},{"not_picked":["Flex","Inflame"],"picked":"Flame Barrier","floor":8.0},{"not_picked":["Reckless Charge","Sentinel","Clash"],"picked":"SKIP","floor":12.0},{"not_picked":["Flex","Combust"],"picked":"Uppercut","floor":14.0},{"not_picked":["Barricade","Dark Embrace"],"picked":"Reaper","floor":16.0},{"not_picked":["Uppercut","Entrench"],"picked":"Whirlwind","floor":18.0},{"not_picked":["Headbutt","Shockwave"],"picked":"Shrug It Off+1","floor":20.0},{"not_picked":["Anger","Clothesline+1","True Grit"],"picked":"SKIP","floor":21.0},{"not_picked":["Perfected Strike","Heavy Blade"],"picked":"Twin Strike+1","floor":22.0},{"not_picked":["Carnage","Thunderclap"],"picked":"Shockwave+1","floor":24.0},{"not_picked":["Uppercut+1","Anger"],"picked":"Ghostly Armor","floor":25.0},{"not_picked":["Sentinel","Havoc"],"picked":"True Grit+1","floor":30.0},{"not_picked":["Impervious","Offering"],"picked":"Demon Form","floor":33.0},{"not_picked":["Blood for Blood+1","Headbutt+1"],"picked":"Twin Strike+1","floor":35.0},{"not_picked":["Warcry+1","Whirlwind"],"picked":"Shrug It Off","floor":37.0}],"player_experience":544533,"relics_obtained":[],"event_choices":[{"damage_healed":0.0,"max_hp_gain":0.0,"max_hp_loss":0.0,"gold_gain":0.0,"event_name":"Scrap Ooze","player_choice":"Fled","floor":2.0,"gold_loss":0.0,"damage_taken":0.0},{"damage_healed":0.0,"max_hp_gain":0.0,"max_hp_loss":0.0,"gold_gain":0.0,"event_name":"Upgrade Shrine","player_choice":"Upgraded","floor":3.0,"gold_loss":0.0,"damage_taken":0.0,"cards_upgraded":["True Grit"]},{"damage_healed":0.0,"max_hp_gain":0.0,"max_hp_loss":0.0,"gold_gain":0.0,"event_name":"Wheel of Change","player_choice":"Relic","floor":11.0,"gold_loss":0.0,"damage_taken":0.0},{"damage_healed":0.0,"max_hp_gain":0.0,"max_hp_loss":0.0,"gold_gain":0.0,"event_name":"Knowing Skull","player_choice":"CARD CARD ","floor":19.0,"potions_obtained":[],"gold_loss":0.0,"damage_taken":24.0,"cards_obtained":["Mind Blast","Madness"]},{"damage_healed":0.0,"max_hp_gain":0.0,"max_hp_loss":0.0,"gold_gain":0.0,"event_name":"Ghosts","player_choice":"Ignored","floor":27.0,"gold_loss":0.0,"damage_taken":0.0},{"damage_healed":0.0,"max_hp_gain":0.0,"max_hp_loss":0.0,"gold_gain":0.0,"cards_transformed":["Strike_R"],"event_name":"Transmorgrifier","player_choice":"Transformed","floor":28.0,"gold_loss":0.0,"damage_taken":0.0,"cards_obtained":["Berserk"]}],"is_beta":true,"boss_relics":[{"not_picked":["Calling Bell","Sozu","Fusion Hammer"]},{"not_picked":["Cursed Key","Lizard Tail","Pandora\u0027s Box"]}],"items_purged_floors":[36],"is_endless":false,"potions_floor_spawned":[4,5,7,12,14,18,20,24,35,37],"killed_by":"Maw","ascension_level":0}