{"gold_per_floor":[110,121,139,139,32,32,65,82,82,110,110,139,139,192,192,297,297,308,308,308,42,61,61,93,93,171,187,261,261,41,74,74,169,169,188,89,89,189,0,26,40,66,119,151,163,163,163,177,177,177],"floor_reached":51,"playtime":1924,"items_purged":["Defend_B"],"score":1046,"play_id":"7f753c19-f05f-45aa-bf4d-2f8fb35db387","local_time":"20190127180511","is_ascension_mode":true,"campfire_choices":[{"data":"Zap","floor":6,"key":"SMITH"},{"floor":11,"key":"REST"},{"data":"Sweeping Beam","floor":13,"key":"SMITH"},{"data":"Dualcast","floor":15,"key":"SMITH"},{"data":"Coolheaded","floor":23,"key":"SMITH"},{"data":"Compile Driver","floor":25,"key":"SMITH"},{"data":"Sunder","floor":32,"key":"SMITH"},{"data":"Consume","floor":47,"key":"SMITH"},{"floor":49,"key":"DIG"}],"neow_cost":"NONE","seed_source_timestamp":859199443045191,"circlet_count":0,"master_deck":["Defend_B","Defend_B","Defend_B","Zap+1","Dualcast+1","Sweeping Beam+1","Beam Cell","Self Repair","Melter","Conserve Battery","Cold Snap","Machine Learning+1","Compile Driver+1","Zap+1","Defragment+1","Coolheaded+1","Defragment+1","Bite","Bite","Bite","Bite","Bite","Sunder+1","Consume+1","Electrodynamics+1","Conserve Battery+1","Leap+1","Leap+1","BootSequence+1","Auto Shields+1"],"relics":["Cracked Core","Vajra","Regal Pillow","Frozen Egg 2","Matryoshka","Bag of Marbles","Question Card","Tiny Chest","Nuclear Battery","Boot","Runic Capacitor","Juzu Bracelet","Smiling Mask","Symbiotic Virus","Sundial","Orichalcum","Letter Opener","Inserter","Gambling Chip","Red Mask","Happy Flower","Omamori","PreservedInsect","Shovel","Bronze Scales"],"potions_floor_usage":[8,16,24,27,31,40,40,50,50],"damage_taken":[{"damage":9,"enemies":"Jaw Worm","floor":1,"turns":3},{"damage":0,"enemies":"Small Slimes","floor":2,"turns":2},{"damage":1,"enemies":"Cultist","floor":3,"turns":3},{"damage":36,"enemies":"Gremlin Nob","floor":7,"turns":4},{"damage":7,"enemies":"Exordium Thugs","floor":8,"turns":4},{"damage":25,"enemies":"3 Sentries","floor":10,"turns":7},{"damage":14,"enemies":"Lagavulin","floor":12,"turns":7},{"damage":32,"enemies":"Slime Boss","floor":16,"turns":11},{"damage":9,"enemies":"Shell Parasite","floor":18,"turns":3},{"damage":0,"enemies":"Spheric Guardian","floor":22,"turns":3},{"damage":19,"enemies":"Gremlin Leader","floor":24,"turns":5},{"damage":4,"enemies":"Snake Plant","floor":27,"turns":4},{"damage":22,"enemies":"Slavers","floor":31,"turns":4},{"damage":14,"enemies":"Collector","floor":33,"turns":5},{"damage":17,"enemies":"3 Shapes","floor":35,"turns":3},{"damage":5,"enemies":"Mind Bloom Boss Battle","floor":38,"turns":5},{"damage":5,"enemies":"Reptomancer","floor":40,"turns":4},{"damage":5,"enemies":"Orb Walker","floor":41,"turns":3},{"damage":26,"enemies":"Nemesis","floor":42,"turns":7},{"damage":11,"enemies":"Giant Head","floor":44,"turns":7},{"damage":11,"enemies":"Spire Growth","floor":45,"turns":4},{"damage":4,"enemies":"Transient","floor":48,"turns":5},{"damage":23,"enemies":"Time Eater","floor":50,"turns":8}],"seed_played":"7909093000200386060","potions_obtained":[{"floor":2,"key":"Fire Potion"},{"floor":7,"key":"SmokeBomb"},{"floor":10,"key":"Energy Potion"},{"floor":12,"key":"SkillPotion"},{"floor":22,"key":"Block Potion"},{"floor":27,"key":"SkillPotion"},{"floor":31,"key":"GamblersBrew"},{"floor":33,"key":"Weak Potion"},{"floor":38,"key":"SkillPotion"},{"floor":40,"key":"Poison Potion"},{"floor":48,"key":"Explosive Potion"}],"is_trial":false,"path_per_floor":["M","M","M","?","$","R","E","M","T","E","R","E","R","T","R","B",null,"M","?","?","$","M","R","E","R","T","M","T","?","$","E","R","B",null,"M","$","?","?","?","E","M","E","T","E","M","?","R","M","R","B",null],"character_chosen":"DEFECT","items_purchased":["Self Repair","Melter","Defragment+1","Runic Capacitor","Orichalcum","Sunder","Block Potion"],"campfire_rested":1,"item_purchase_floors":[5,5,21,21,30,30,36],"current_hp_per_floor":[66,66,65,70,70,70,41,41,41,23,62,55,55,55,55,30,68,66,66,66,66,66,66,54,54,54,57,57,56,56,40,40,45,53,45,45,45,53,53,52,54,43,43,51,51,51,51,56,56,43],"gold":177,"neow_bonus":"RANDOM_COMMON_RELIC","is_prod":false,"is_daily":false,"chose_seed":false,"campfire_upgraded":7,"win_rate":0,"timestamp":1548641111,"path_taken":["M","M","M","?","$","R","E","M","T","E","R","E","R","?","R","BOSS","M","?","?","$","?","R","E","R","T","M","?","?","$","E","R","BOSS","M","$","?","?","?","E","M","E","T","E","M","?","R","M","R","BOSS"],"build_version":"2019-01-23","purchased_purges":1,"victory":true,"max_hp_per_floor":[75,75,75,80,80,80,80,80,80,80,80,80,80,80,80,80,80,80,80,80,80,80,80,80,80,80,80,80,56,56,56,56,56,56,56,56,56,56,56,56,56,56,56,56,56,56,56,56,56,56],"card_choices":[{"not_picked":["Compile Driver","Undo","Leap"],"picked":"SKIP","floor":1},{"not_picked":["Glacier","Steam Power"],"picked":"Sweeping Beam","floor":2},{"not_picked":["Fusion","Multi-Cast"],"picked":"Beam Cell","floor":3},{"not_picked":["Thunder Strike","Genetic Algorithm"],"picked":"Conserve Battery","floor":7},{"not_picked":["Steam","Hologram"],"picked":"Cold Snap","floor":8},{"not_picked":["Heatsinks+1","Conserve Battery","Auto Shields"],"picked":"SKIP","floor":10},{"not_picked":["Steam Power","Recycle","Chill"],"picked":"SKIP","floor":12},{"not_picked":["Creative AI+1","Core Surge","Buffer+1"],"picked":"Machine Learning+1","floor":16},{"not_picked":["Lockon","Redo+1","Chaos"],"picked":"Compile Driver","floor":18},{"not_picked":["Blizzard","Steam+1","Skim"],"picked":"Coolheaded","floor":22},{"not_picked":["BootSequence","Fusion","Reprogram"],"picked":"Defragment+1","floor":24},{"not_picked":["Streamline","Static Discharge+1","Sweeping Beam","Rebound"],"picked":"SKIP","floor":27},{"not_picked":["Skim","Leap+1","Rebound"],"picked":"Consume","floor":31},{"not_picked":["Machine Learning+1","Thunder Strike","Hyperbeam"],"picked":"Electrodynamics+1","floor":33},{"not_picked":["Turbo+1","Aggregate+1","Redo"],"picked":"Conserve Battery+1","floor":35},{"not_picked":["Self Repair+1","Steam+1","Go for the Eyes+1"],"picked":"Leap+1","floor":38},{"not_picked":["Stack","Hyperbeam","Tempest+1"],"picked":"Leap+1","floor":40},{"not_picked":["Go for the Eyes","Blizzard","Sweeping Beam","Tempest+1"],"picked":"SKIP","floor":41},{"not_picked":["Leap","Coolheaded","Rebound","Storm+1"],"picked":"SKIP","floor":42},{"not_picked":["Meteor Strike","Beam Cell","Storm+1"],"picked":"BootSequence+1","floor":44},{"not_picked":["Self Repair+1","Recycle+1","Steam Power+1","Sunder"],"picked":"SKIP","floor":45},{"not_picked":["Ball Lightning","Sweeping Beam+1","Barrage"],"picked":"Auto Shields+1","floor":48}],"player_experience":267794,"relics_obtained":[{"floor":7,"key":"Regal Pillow"},{"floor":9,"key":"Frozen Egg 2"},{"floor":10,"key":"Matryoshka"},{"floor":12,"key":"Bag of Marbles"},{"floor":14,"key":"Question Card"},{"floor":14,"key":"Tiny Chest"},{"floor":24,"key":"Juzu Bracelet"},{"floor":26,"key":"Smiling Mask"},{"floor":26,"key":"Symbiotic Virus"},{"floor":28,"key":"Sundial"},{"floor":31,"key":"Letter Opener"},{"floor":38,"key":"Gambling Chip"},{"floor":40,"key":"Happy Flower"},{"floor":42,"key":"Omamori"},{"floor":43,"key":"PreservedInsect"},{"floor":44,"key":"Shovel"},{"floor":49,"key":"Bronze Scales"}],"event_choices":[{"damage_healed":0,"gold_gain":0,"player_choice":"Donut","damage_taken":0,"max_hp_gain":5,"max_hp_loss":0,"event_name":"Big Fish","floor":4,"gold_loss":0},{"damage_healed":0,"gold_gain":0,"player_choice":"Opened","damage_taken":0,"relics_obtained":["Boot"],"max_hp_gain":0,"max_hp_loss":0,"event_name":"The Mausoleum","floor":19,"gold_loss":0},{"damage_healed":0,"gold_gain":0,"player_choice":"Copied","damage_taken":0,"max_hp_gain":0,"max_hp_loss":0,"event_name":"Duplicator","floor":20,"gold_loss":0,"cards_obtained":["Zap"]},{"damage_healed":0,"gold_gain":0,"player_choice":"Became a vampire","damage_taken":0,"max_hp_gain":0,"max_hp_loss":24,"event_name":"Vampires","floor":29,"gold_loss":0,"cards_obtained":["Bite","Bite","Bite","Bite","Bite"]},{"damage_healed":0,"gold_gain":0,"player_choice":"Memory 1","damage_taken":0,"max_hp_gain":0,"max_hp_loss":0,"event_name":"SensoryStone","floor":37,"gold_loss":0},{"damage_healed":0,"gold_gain":0,"player_choice":"Fight","damage_taken":0,"max_hp_gain":0,"max_hp_loss":0,"event_name":"MindBloom","floor":38,"gold_loss":0},{"damage_healed":0,"gold_gain":0,"player_choice":"Paid","damage_taken":0,"relics_obtained":["Red Mask"],"max_hp_gain":0,"max_hp_loss":0,"event_name":"Tomb of Lord Red Mask","floor":39,"gold_loss":189},{"damage_healed":0,"gold_gain":0,"player_choice":"Ignored","damage_taken":0,"max_hp_gain":0,"max_hp_loss":0,"event_name":"SecretPortal","floor":46,"gold_loss":0}],"is_beta":false,"boss_relics":[{"not_picked":["Orrery","Calling Bell"],"picked":"Nuclear Battery"},{"not_picked":["Fusion Hammer","Empty Cage"],"picked":"Inserter"}],"items_purged_floors":[36],"is_endless":false,"potions_floor_spawned":[2,7,10,12,22,27,31,33,38,40,48],"ascension_level":5}