{"gold_per_floor":[111,126,140,156,167,185,185,220,266,266,285,285,285,299,299,299],"floor_reached":16,"playtime":1307,"items_purged":[],"score":207,"play_id":"bfb1bf6e-27b9-49bc-bdc6-957fe1ec7f93","local_time":"20190207193852","is_ascension_mode":true,"campfire_choices":[{"data":"Armaments","floor":7,"key":"SMITH"},{"floor":13,"key":"REST"},{"data":"True Grit","floor":15,"key":"SMITH"}],"neow_cost":"NONE","seed_source_timestamp":93362268104898,"circlet_count":0,"master_deck":["AscendersBane","Strike_R","Strike_R","Strike_R","Strike_R","Strike_R","Defend_R","Defend_R","Defend_R","Defend_R","Bash","True Grit","Pommel Strike","Armaments+1","Shrug It Off","Inflame","Havoc","Whirlwind","Warcry","True Grit+1"],"relics":["Burning Blood","Lantern","Juzu Bracelet","Anchor","Pen Nib"],"potions_floor_usage":[4,6,8],"damage_taken":[{"damage":7,"enemies":"Jaw Worm","floor":1,"turns":2},{"damage":0,"enemies":"2 Louse","floor":2,"turns":3},{"damage":0,"enemies":"Cultist","floor":3,"turns":3},{"damage":19,"enemies":"Exordium Thugs","floor":4,"turns":8},{"damage":22,"enemies":"Looter","floor":5,"turns":3},{"damage":14,"enemies":"Blue Slaver","floor":6,"turns":4},{"damage":36,"enemies":"Gremlin Nob","floor":8,"turns":5},{"damage":0,"enemies":"Exordium Wildlife","floor":11,"turns":4},{"damage":9,"enemies":"Red Slaver","floor":14,"turns":3},{"damage":55,"enemies":"Hexaghost","floor":16,"turns":9}],"seed_played":"-2036659312062563270","potions_obtained":[{"floor":1,"key":"Explosive Potion"},{"floor":3,"key":"Block Potion"},{"floor":5,"key":"BloodPotion"},{"floor":8,"key":"SteroidPotion"},{"floor":11,"key":"FairyPotion"}],"is_trial":false,"path_per_floor":["M","M","M","M","M","M","R","E","T","?","M","?","R","M","R","B"],"character_chosen":"IRONCLAD","items_purchased":[],"campfire_rested":1,"item_purchase_floors":[],"current_hp_per_floor":[67,73,75,62,46,45,45,15,15,15,21,21,43,40,40,0],"gold":299,"neow_bonus":"RANDOM_COMMON_RELIC","is_prod":false,"is_daily":false,"chose_seed":false,"campfire_upgraded":2,"win_rate":0,"timestamp":1549586332,"path_taken":["M","M","M","M","M","M","R","E","T","?","M","?","R","M","R","BOSS"],"build_version":"2019-01-23","purchased_purges":0,"victory":false,"max_hp_per_floor":[75,75,75,75,75,75,75,75,75,75,75,75,75,75,75,75],"card_choices":[{"not_picked":["Entrench","Feel No Pain"],"picked":"True Grit","floor":1},{"not_picked":["Clash","Body Slam"],"picked":"Pommel Strike","floor":2},{"not_picked":["True Grit","Heavy Blade"],"picked":"Armaments","floor":3},{"not_picked":["Heavy Blade","Rampage"],"picked":"Shrug It Off","floor":4},{"not_picked":["Havoc","Entrench"],"picked":"Inflame","floor":5},{"not_picked":["Body Slam","Limit Break"],"picked":"Havoc","floor":6},{"not_picked":["Warcry","Reckless Charge"],"picked":"Whirlwind","floor":8},{"not_picked":["Rage","Corruption"],"picked":"Warcry","floor":11},{"not_picked":["Wild Strike","Infernal Blade"],"picked":"True Grit","floor":14}],"player_experience":1032049,"relics_obtained":[{"floor":8,"key":"Juzu Bracelet"},{"floor":9,"key":"Anchor"}],"event_choices":[{"damage_healed":0,"gold_gain":0,"player_choice":"Ignored","damage_taken":0,"max_hp_gain":0,"max_hp_loss":0,"event_name":"Golden Wing","floor":10,"gold_loss":0},{"damage_healed":0,"gold_gain":0,"player_choice":"Gave Potion","damage_taken":0,"relics_obtained":["Pen Nib"],"max_hp_gain":0,"max_hp_loss":0,"event_name":"WeMeetAgain","floor":12,"gold_loss":0}],"is_beta":false,"boss_relics":[],"items_purged_floors":[],"is_endless":false,"potions_floor_spawned":[1,3,5,8,11],"killed_by":"Hexaghost","ascension_level":19}