{"gold_per_floor":[210,226,99,111,111,137,137,161,161,174,129,3,33,45,45,143,143,154,154,167,167,178,208,55,55,80,80,80,99,99,23,23,118,118,128,128,128,139,37,37,0,0,0,0,33,53,78,90,90,90],"floor_reached":51,"playtime":2081,"items_purged":["Strike_B"],"score":806,"play_id":"fe78e6d5-d660-4218-8bd6-4ad8c4842978","local_time":"20190121001606","is_ascension_mode":false,"campfire_choices":[{"data":"Zap","floor":7,"key":"SMITH"},{"data":"Sunder","floor":15,"key":"SMITH"},{"floor":28,"key":"REST"},{"floor":32,"key":"REST"},{"data":"Defragment","floor":40,"key":"SMITH"},{"data":"Go for the Eyes","floor":42,"key":"SMITH"},{"data":"Buffer","floor":44,"key":"SMITH"},{"data":"Capacitor","floor":49,"key":"SMITH"}],"neow_cost":"NONE","seed_source_timestamp":276442561745281,"circlet_count":0,"master_deck":["Strike_B+1","Defend_B","Defend_B","Defend_B","Defend_B","Zap+1","Dualcast","Go for the Eyes+1","Conserve Battery","Sunder+1","Sweeping Beam","Rebound+1","Coolheaded","Echo Form+1","Electrodynamics","Coolheaded+1","Ball Lightning","Compile Driver+1","Conserve Battery+1","Defragment+1","Necronomicurse","Conserve Battery+1","Capacitor+1","Buffer+1","BootSequence"],"relics":["Cracked Core","Thread and Needle","Odd Mushroom","Dead Branch","Whetstone","Velvet Choker","Bag of Preparation","Incense Burner","Juzu Bracelet","Necronomicon","Empty Cage","GremlinMask","Red Mask","Potion Belt","Regal Pillow"],"potions_floor_usage":[6,22,38,45,50],"damage_taken":[{"damage":1,"enemies":"Cultist","floor":1,"turns":3},{"damage":12,"enemies":"Small Slimes","floor":2,"turns":3},{"damage":0,"enemies":"2 Louse","floor":4,"turns":2},{"damage":29,"enemies":"Gremlin Nob","floor":6,"turns":5},{"damage":4,"enemies":"The Mushroom Lair","floor":8,"turns":3},{"damage":3,"enemies":"Exordium Wildlife","floor":10,"turns":3},{"damage":4,"enemies":"Lagavulin","floor":13,"turns":5},{"damage":0,"enemies":"Blue Slaver","floor":14,"turns":3},{"damage":7,"enemies":"The Guardian","floor":16,"turns":9},{"damage":6,"enemies":"Chosen","floor":18,"turns":4},{"damage":7,"enemies":"Shell Parasite","floor":20,"turns":3},{"damage":3,"enemies":"Centurion and Healer","floor":22,"turns":4},{"damage":25,"enemies":"Book of Stabbing","floor":23,"turns":5},{"damage":2,"enemies":"Chosen and Byrds","floor":29,"turns":3},{"damage":48,"enemies":"Collector","floor":33,"turns":9},{"damage":0,"enemies":"3 Shapes","floor":35,"turns":3},{"damage":4,"enemies":"3 Darklings","floor":38,"turns":4},{"damage":0,"enemies":"Giant Head","floor":45,"turns":9},{"damage":3,"enemies":"Jaw Worm Horde","floor":46,"turns":4},{"damage":9,"enemies":"Reptomancer","floor":47,"turns":7},{"damage":0,"enemies":"4 Shapes","floor":48,"turns":4},{"damage":58,"enemies":"Donu and Deca","floor":50,"turns":10}],"seed_played":"4770706839956333938","potions_obtained":[{"floor":4,"key":"SkillPotion"},{"floor":10,"key":"Swift Potion"},{"floor":16,"key":"Fire Potion"},{"floor":33,"key":"PowerPotion"},{"floor":45,"key":"Explosive Potion"},{"floor":46,"key":"FairyPotion"},{"floor":48,"key":"Swift Potion"}],"is_trial":false,"path_per_floor":["M","M","$","M","?","E","R","?","T","M","?","$","E","M","R","B",null,"M","?","M","?","M","E","$","T","T","?","R","M","?","$","R","B",null,"M","$","?","M","$","R","?","R","T","R","E","M","E","M","R","B",null],"character_chosen":"DEFECT","items_purchased":["Sunder","Sweeping Beam","Block Potion","LiquidBronze","Defragment","Capacitor","Fruit Juice"],"campfire_rested":2,"item_purchase_floors":[3,3,12,12,24,31,39],"current_hp_per_floor":[74,62,62,62,67,38,38,34,34,31,31,31,27,27,27,20,80,74,74,67,67,64,39,39,39,39,23,47,45,30,30,55,7,85,85,85,85,81,81,81,81,81,81,81,86,83,74,74,74,16],"gold":90,"neow_bonus":"HUNDRED_GOLD","is_prod":false,"is_daily":false,"chose_seed":false,"campfire_upgraded":6,"win_rate":0,"timestamp":1548058566,"path_taken":["M","M","?","M","?","E","R","?","T","?","?","$","E","M","R","BOSS","M","?","M","?","?","E","$","?","T","?","R","M","?","?","R","BOSS","M","$","?","M","?","R","?","R","T","R","E","M","E","M","R","BOSS"],"build_version":"2019-01-17v2","purchased_purges":1,"victory":true,"max_hp_per_floor":[75,75,75,75,80,80,80,80,80,80,80,80,80,80,80,80,80,80,80,80,80,80,80,80,80,80,80,80,80,85,85,85,85,85,85,85,85,85,85,85,85,85,85,85,90,90,90,90,90,90],"card_choices":[{"not_picked":["Gash","Barrage"],"picked":"Go for the Eyes","floor":1},{"not_picked":["Chill","Barrage"],"picked":"Conserve Battery","floor":2},{"not_picked":["Beam Cell","Sunder"],"picked":"Rebound","floor":4},{"not_picked":["Skim","Beam Cell","Darkness"],"picked":"SKIP","floor":6},{"not_picked":["Hello World","Lockon"],"picked":"Coolheaded","floor":8},{"not_picked":["Hello World","Hologram","Rebound"],"picked":"SKIP","floor":10},{"not_picked":["Go for the Eyes","Hologram"],"picked":"Echo Form","floor":13},{"not_picked":["Reprogram","Sweeping Beam","Beam Cell"],"picked":"SKIP","floor":14},{"not_picked":["Creative AI","Meteor Strike"],"picked":"Electrodynamics","floor":16},{"not_picked":["Lockon","Aggregate"],"picked":"Coolheaded+1","floor":18},{"not_picked":["Beam Cell","Stack"],"picked":"Ball Lightning","floor":20},{"not_picked":["Ball Lightning","Scrape"],"picked":"Compile Driver+1","floor":22},{"not_picked":["Streamline","Hyperbeam"],"picked":"Conserve Battery+1","floor":23},{"not_picked":["Rebound","Darkness"],"picked":"Conserve Battery+1","floor":29},{"not_picked":["Creative AI","All For One"],"picked":"Buffer","floor":33},{"not_picked":["Doom and Gloom","Storm","Hologram"],"picked":"SKIP","floor":35},{"not_picked":["Recycle","Doom and Gloom+1","Redo"],"picked":"SKIP","floor":38},{"not_picked":["Compile Driver+1","Redo"],"picked":"BootSequence","floor":45},{"not_picked":["Lockon","Compile Driver+1","Streamline+1"],"picked":"SKIP","floor":46},{"not_picked":["Barrage","Fusion+1","Streamline+1"],"picked":"SKIP","floor":47},{"not_picked":["Coolheaded+1","Doom and Gloom+1","Leap+1"],"picked":"SKIP","floor":48}],"player_experience":239474,"relics_obtained":[{"floor":6,"key":"Thread and Needle"},{"floor":8,"key":"Odd Mushroom"},{"floor":9,"key":"Dead Branch"},{"floor":13,"key":"Whetstone"},{"floor":23,"key":"Bag of Preparation"},{"floor":25,"key":"Incense Burner"},{"floor":26,"key":"Juzu Bracelet"},{"floor":27,"key":"Necronomicon"},{"floor":45,"key":"Potion Belt"},{"floor":47,"key":"Regal Pillow"}],"event_choices":[{"damage_healed":0,"gold_gain":0,"player_choice":"Donut","damage_taken":0,"max_hp_gain":5,"max_hp_loss":0,"event_name":"Big Fish","floor":5,"gold_loss":0},{"damage_healed":0,"gold_gain":0,"player_choice":"Fought Mushrooms","damage_taken":0,"max_hp_gain":0,"max_hp_loss":0,"event_name":"Mushrooms","floor":8,"gold_loss":0},{"damage_healed":0,"gold_gain":0,"player_choice":"Left Gold","damage_taken":0,"max_hp_gain":0,"max_hp_loss":0,"event_name":"World of Goop","floor":11,"gold_loss":45},{"damage_healed":0,"gold_gain":0,"player_choice":"Ignored","damage_taken":0,"max_hp_gain":0,"max_hp_loss":0,"event_name":"Vampires","floor":19,"gold_loss":0},{"damage_healed":0,"gold_gain":0,"player_choice":"Upgraded","damage_taken":0,"max_hp_gain":0,"max_hp_loss":0,"event_name":"Upgrade Shrine","floor":21,"gold_loss":0,"cards_upgraded":["Echo Form"]},{"damage_healed":0,"gold_gain":0,"player_choice":"Obtained Book","damage_taken":16,"max_hp_gain":0,"max_hp_loss":0,"event_name":"Cursed Tome","floor":27,"gold_loss":0},{"damage_healed":0,"gold_gain":0,"player_choice":"Shed Blood","damage_taken":20,"max_hp_gain":5,"max_hp_loss":0,"event_name":"Forgotten Altar","floor":30,"gold_loss":0},{"damage_healed":0,"gold_gain":0,"player_choice":"Trade","damage_taken":0,"relics_obtained":["GremlinMask"],"max_hp_gain":0,"max_hp_loss":0,"event_name":"FaceTrader","floor":37,"gold_loss":0},{"damage_healed":0,"gold_gain":0,"player_choice":"Paid","damage_taken":0,"relics_obtained":["Red Mask"],"max_hp_gain":0,"max_hp_loss":0,"event_name":"Tomb of Lord Red Mask","floor":41,"gold_loss":37}],"is_beta":false,"boss_relics":[{"not_picked":["Ectoplasm","Runic Pyramid"],"picked":"Velvet Choker"},{"not_picked":["White Beast Statue","Busted Crown"],"picked":"Empty Cage"}],"items_purged_floors":[24],"is_endless":false,"potions_floor_spawned":[4,10,13,14,16,18,33,45,46,48],"ascension_level":0}