{"gold_per_floor":[117,131,149,224,374,374,385,385,385,385,385,385,4,4,4,78,78,97,108,124,139,157,157,157],"floor_reached":24,"playtime":2072,"items_purged":["Parasite"],"score":367,"play_id":"1999bbd1-b7cb-41d3-85f5-3ca2bb0430fd","local_time":"20190207191650","is_ascension_mode":true,"campfire_choices":[{"data":"True Grit","floor":6,"key":"SMITH"},{"floor":8,"key":"REST"},{"floor":12,"key":"REST"},{"data":"Whirlwind","floor":15,"key":"SMITH"},{"floor":23,"key":"REST"}],"neow_cost":"NONE","seed_source_timestamp":91270698112576,"circlet_count":0,"master_deck":["AscendersBane","Strike_R","Strike_R","Strike_R","Strike_R","Defend_R","Defend_R+1","Defend_R","Defend_R+1","Bash","Spot Weakness","Reckless Charge","True Grit+1","Shockwave","Whirlwind+1","Pommel Strike","Reaper","Uppercut","Flame Barrier","True Grit","True Grit+1"],"relics":["Burning Blood","War Paint","Happy Flower","Sozu"],"potions_floor_usage":[7,16,24],"damage_taken":[{"damage":4,"enemies":"2 Louse","floor":1,"turns":4},{"damage":14,"enemies":"Jaw Worm","floor":2,"turns":3},{"damage":7,"enemies":"Small Slimes","floor":3,"turns":4},{"damage":49,"enemies":"Gremlin Gang","floor":7,"turns":5},{"damage":67,"enemies":"Slime Boss","floor":16,"turns":12},{"damage":22,"enemies":"Spheric Guardian","floor":18,"turns":4},{"damage":22,"enemies":"3 Byrds","floor":19,"turns":4},{"damage":1,"enemies":"Snecko","floor":20,"turns":4},{"damage":27,"enemies":"Snake Plant","floor":21,"turns":4},{"damage":20,"enemies":"Centurion and Healer","floor":22,"turns":8},{"damage":66,"enemies":"Book of Stabbing","floor":24,"turns":6}],"seed_played":"5360034426989809401","potions_obtained":[{"floor":3,"key":"Weak Potion"},{"floor":14,"key":"Ancient Potion"},{"floor":14,"key":"Fire Potion"},{"floor":16,"key":"Swift Potion"}],"is_trial":false,"path_per_floor":["M","M","M","?","?","R","M","R","T","?","?","R","$","?","R","B",null,"M","M","M","M","M","R","E"],"character_chosen":"IRONCLAD","items_purchased":["Whirlwind","Pommel Strike","Happy Flower"],"campfire_rested":3,"item_purchase_floors":[13,13,13],"current_hp_per_floor":[70,62,61,50,50,50,7,29,29,29,47,69,69,69,69,8,56,47,42,53,37,33,54,0],"gold":157,"neow_bonus":"REMOVE_CARD","is_prod":false,"is_daily":false,"chose_seed":false,"campfire_upgraded":2,"win_rate":0,"timestamp":1549585010,"path_taken":["M","M","M","?","?","R","M","R","T","?","?","R","$","?","R","BOSS","M","M","M","M","M","R","E"],"build_version":"2019-01-23","purchased_purges":1,"victory":false,"max_hp_per_floor":[75,75,75,75,75,75,75,75,75,75,75,75,72,72,72,72,72,72,72,72,72,72,72,72],"card_choices":[{"not_picked":["Perfected Strike","Body Slam"],"picked":"Spot Weakness","floor":1},{"not_picked":["Flex","Thunderclap"],"picked":"Reckless Charge","floor":2},{"not_picked":["Dual Wield","Havoc"],"picked":"True Grit","floor":3},{"not_picked":["Blood for Blood","Thunderclap"],"picked":"Shockwave","floor":7},{"not_picked":["Juggernaut","Brutality"],"picked":"Reaper","floor":16},{"not_picked":["Pummel","Thunderclap"],"picked":"Uppercut","floor":18},{"not_picked":["Rage","Anger"],"picked":"Flame Barrier","floor":19},{"not_picked":["Corruption+1","Rampage"],"picked":"True Grit","floor":20},{"not_picked":["Infernal Blade","Dropkick","Flex"],"picked":"SKIP","floor":21},{"not_picked":["Wild Strike","Flex"],"picked":"True Grit+1","floor":22}],"player_experience":1029977,"relics_obtained":[{"floor":9,"key":"War Paint"}],"event_choices":[{"damage_healed":0,"gold_gain":75,"player_choice":"Gather Gold","damage_taken":11,"max_hp_gain":0,"max_hp_loss":0,"event_name":"World of Goop","floor":4,"gold_loss":0},{"damage_healed":0,"gold_gain":150,"player_choice":"AGREE","damage_taken":0,"max_hp_gain":0,"max_hp_loss":0,"event_name":"Liars Game","floor":5,"gold_loss":0,"cards_obtained":["Doubt"]},{"cards_removed":["Doubt"],"damage_healed":0,"gold_gain":0,"player_choice":"Forget","damage_taken":0,"max_hp_gain":0,"max_hp_loss":0,"event_name":"Living Wall","floor":10,"gold_loss":0},{"damage_healed":18,"gold_gain":0,"player_choice":"Healed and dodged fight","damage_taken":0,"max_hp_gain":0,"max_hp_loss":0,"event_name":"Mushrooms","floor":11,"gold_loss":0,"cards_obtained":["Parasite"]},{"damage_healed":0,"gold_gain":0,"player_choice":"Got Potions","damage_taken":0,"max_hp_gain":0,"max_hp_loss":0,"event_name":"Lab","floor":14,"gold_loss":0}],"is_beta":false,"boss_relics":[{"not_picked":["Eternal Feather","Ectoplasm"],"picked":"Sozu"}],"items_purged_floors":[13],"is_endless":false,"potions_floor_spawned":[3,16,19,20,21,22],"killed_by":"Book of Stabbing","ascension_level":19}