{"gold_per_floor":[118,130,130,145,70,105,105,5,32,61,90,103,122,156,156,260,260,273,273,288,302,320,320,195,195,220,220,319,169,169,199,199,199],"floor_reached":33,"playtime":2947,"items_purged":["Defend_R","Strike_R","Defend_R","Strike_R"],"score":311,"play_id":"86279571-ee0f-437f-beb5-5c427a2bbfd5","local_time":"20190211230338","is_ascension_mode":true,"campfire_choices":[{"floor":7.0,"key":"REST"},{"data":"Body Slam","floor":15.0,"key":"SMITH"},{"data":"Shrug It Off","floor":23,"key":"SMITH"},{"floor":25,"key":"REST"},{"data":"Shrug It Off","floor":27,"key":"SMITH"},{"floor":30,"key":"REST"},{"floor":32,"key":"REST"}],"neow_cost":"NONE","seed_source_timestamp":246817729106165,"circlet_count":0,"master_deck":["Strike_R","Defend_R","Defend_R","Bash","Shrug It Off+1","Body Slam+1","Shrug It Off+1"],"special_seed":0,"relics":["Burning Blood","Ancient Tea Set","Lantern","Bag of Preparation","Odd Mushroom","Potion Belt","Black Star","Dream Catcher","Regal Pillow","PreservedInsect"],"potions_floor_usage":[16,21],"damage_taken":[{"damage":13.0,"enemies":"Small Slimes","floor":1.0,"turns":4.0},{"damage":15.0,"enemies":"Jaw Worm","floor":2.0,"turns":4.0},{"damage":1.0,"enemies":"Cultist","floor":4.0,"turns":4.0},{"damage":34.0,"enemies":"Gremlin Nob","floor":6.0,"turns":5.0},{"damage":27.0,"enemies":"Lagavulin","floor":10.0,"turns":7.0},{"damage":22.0,"enemies":"The Mushroom Lair","floor":11.0,"turns":7.0},{"damage":0.0,"enemies":"3 Louse","floor":12.0,"turns":4.0},{"damage":0.0,"enemies":"2 Fungi Beasts","floor":13.0,"turns":4.0},{"damage":9.0,"enemies":"3 Sentries","floor":14.0,"turns":12.0},{"damage":22,"enemies":"The Guardian","floor":16,"turns":14},{"damage":10,"enemies":"Shell Parasite","floor":18,"turns":8},{"damage":17,"enemies":"Spheric Guardian","floor":20,"turns":6},{"damage":26,"enemies":"Centurion and Healer","floor":21,"turns":14},{"damage":37,"enemies":"Snecko","floor":22,"turns":7},{"damage":52,"enemies":"Book of Stabbing","floor":31,"turns":6},{"damage":62,"enemies":"Champ","floor":33,"turns":14}],"seed_played":"1154915455592118351","potions_obtained":[{"floor":4.0,"key":"Swift Potion"},{"floor":11.0,"key":"Regen Potion"},{"floor":12.0,"key":"Strength Potion"},{"floor":13.0,"key":"Dexterity Potion"},{"floor":21,"key":"Dexterity Potion"}],"is_trial":false,"path_per_floor":["M","M","?","M","$","E","R","$","T","E","?","M","M","E","R","B",null,"M","?","M","M","M","R","$","R","T","R","?","$","R","E","R","B"],"character_chosen":"IRONCLAD","items_purchased":[],"campfire_rested":4,"item_purchase_floors":[],"current_hp_per_floor":[73,64,64,69,69,41,65,65,65,44,28,34,40,37,37,21,80,76,76,65,45,14,14,14,38,38,38,38,38,62,16,55,0],"gold":199,"neow_bonus":"REMOVE_CARD","is_prod":false,"is_daily":false,"chose_seed":false,"campfire_upgraded":3,"win_rate":0,"timestamp":1549922618,"path_taken":["M","M","?","M","$","E","R","$","T","E","?","M","M","E","R","BOSS","M","?","M","M","M","R","$","R","T","R","?","$","R","E","R","BOSS"],"build_version":"2019-01-23","purchased_purges":4,"victory":false,"max_hp_per_floor":[80,80,80,80,80,80,80,80,80,80,80,80,80,80,80,80,80,80,80,80,80,80,80,80,80,80,80,80,80,80,80,80,80],"card_choices":[{"not_picked":["Heavy Blade","Corruption"],"picked":"Shrug It Off","floor":1.0},{"not_picked":["Reckless Charge","Sever Soul"],"picked":"Body Slam","floor":2.0},{"not_picked":["Intimidate","Sentinel","Thunderclap"],"picked":"SKIP","floor":4.0},{"not_picked":["Impervious","Iron Wave","Pommel Strike"],"picked":"SKIP","floor":6.0},{"not_picked":["Cleave","Rage","Pummel"],"picked":"SKIP","floor":10.0},{"not_picked":["Perfected Strike","Havoc"],"picked":"Shrug It Off","floor":11.0},{"not_picked":["Corruption","Burning Pact","Cleave"],"picked":"SKIP","floor":12.0},{"not_picked":["Flex","True Grit","Clash"],"picked":"SKIP","floor":13.0},{"not_picked":["Cleave","Headbutt","Offering"],"picked":"SKIP","floor":14.0},{"not_picked":["Headbutt+1","Combust","Corruption"],"picked":"SKIP","floor":18},{"not_picked":["Iron Wave+1","Thunderclap","Anger"],"picked":"SKIP","floor":20},{"not_picked":["Perfected Strike+1","Flex+1","Anger"],"picked":"SKIP","floor":21},{"not_picked":["Twin Strike","Armaments","Perfected Strike"],"picked":"SKIP","floor":22},{"not_picked":["Anger+1","Wild Strike","Thunderclap+1"],"picked":"SKIP","floor":31}],"player_experience":351996,"relics_obtained":[{"floor":6.0,"key":"Ancient Tea Set"},{"floor":9.0,"key":"Lantern"},{"floor":10.0,"key":"Bag of Preparation"},{"floor":11.0,"key":"Odd Mushroom"},{"floor":14.0,"key":"Potion Belt"},{"floor":26,"key":"Dream Catcher"},{"floor":31,"key":"Regal Pillow"},{"floor":31,"key":"PreservedInsect"}],"event_choices":[{"cards_removed":["Strike_R"],"damage_healed":0.0,"max_hp_gain":0.0,"max_hp_loss":0.0,"gold_gain":0.0,"event_name":"Living Wall","player_choice":"Forget","floor":3.0,"gold_loss":0.0,"damage_taken":0.0},{"damage_healed":0.0,"max_hp_gain":0.0,"max_hp_loss":0.0,"gold_gain":0.0,"event_name":"Mushrooms","player_choice":"Fought Mushrooms","floor":11.0,"gold_loss":0.0,"damage_taken":0.0},{"damage_healed":0,"gold_gain":0,"player_choice":"Ignored","damage_taken":0,"max_hp_gain":0,"max_hp_loss":0,"event_name":"Vampires","floor":19,"gold_loss":0},{"damage_healed":0,"gold_gain":99,"player_choice":"Stole From Cult","damage_taken":0,"max_hp_gain":0,"max_hp_loss":0,"event_name":"Nest","floor":28,"gold_loss":0}],"is_beta":false,"boss_relics":[{"not_picked":["Runic Pyramid","White Beast Statue"],"picked":"Black Star"}],"items_purged_floors":[5,8,24,29],"is_endless":false,"potions_floor_spawned":[4,11,12,13,21],"killed_by":"Champ","ascension_level":2}