{"gold_per_floor":[118,133,133,143,161,161,186,186,186,198,224,242,242,242,242,242],"floor_reached":16,"playtime":1548,"items_purged":[],"score":140,"play_id":"b7480582-f06c-44d3-9b74-5d8e4c02704c","local_time":"20180926131135","is_ascension_mode":true,"campfire_choices":[{"data":"Clothesline","floor":6,"key":"SMITH"},{"data":"Shrug It Off","floor":8,"key":"SMITH"},{"floor":13,"key":"REST"},{"floor":15,"key":"REST"}],"neow_cost":"NONE","seed_source_timestamp":0,"circlet_count":0,"master_deck":["Strike_R","Strike_R","Strike_R","Strike_R","Defend_R","Defend_R","Defend_R","Defend_R","Bash","Headbutt+1","Feel No Pain+1","Shrug It Off+1","Clothesline+1","Thunderclap","Perfected Strike","Immolate"],"special_seed":0,"relics":["Burning Blood","Blue Candle","Singing Bowl","Letter Opener"],"potions_floor_usage":[7,16],"damage_taken":[{"damage":2.0,"enemies":"Small Slimes","floor":1.0,"turns":4.0},{"damage":6.0,"enemies":"2 Louse","floor":2.0,"turns":3.0},{"damage":2.0,"enemies":"Jaw Worm","floor":4.0,"turns":3.0},{"damage":28.0,"enemies":"Large Slime","floor":5.0,"turns":11.0},{"damage":18,"enemies":"Lagavulin","floor":7,"turns":9},{"damage":20,"enemies":"Lots of Slimes","floor":10,"turns":5},{"damage":26,"enemies":"Gremlin Nob","floor":11,"turns":5},{"damage":6,"enemies":"3 Louse","floor":12,"turns":3},{"damage":55,"enemies":"The Guardian","floor":16,"turns":15}],"seed_played":"1343947677061015150","potions_obtained":[{"floor":1.0,"key":"Ancient Potion"},{"floor":2.0,"key":"Fire Potion"},{"floor":10,"key":"Swift Potion"}],"is_trial":false,"path_per_floor":["M","M","?","M","M","R","E","R","T","M","E","M","R","?","R"],"character_chosen":"IRONCLAD","items_purchased":[],"campfire_rested":2,"item_purchase_floors":[],"current_hp_per_floor":[88,88,81,85,63,63,51,51,51,39,19,19,46,28,55,0],"gold":242,"neow_bonus":"TEN_PERCENT_HP_BONUS","is_prod":false,"is_daily":false,"chose_seed":false,"campfire_upgraded":2,"win_rate":0,"timestamp":1537981895,"path_taken":["M","M","?","M","M","R","E","R","T","M","E","M","R","?","R","BOSS"],"build_version":"2018-09-20","purchased_purges":0,"victory":false,"max_hp_per_floor":[88,88,88,88,88,88,88,88,88,90,90,90,90,90,90,90],"card_choices":[{"not_picked":["Burning Pact","Power Through"],"picked":"Headbutt","floor":1.0},{"not_picked":["Reckless Charge","Clothesline"],"picked":"Feel No Pain","floor":2.0},{"not_picked":["Thunderclap","Cleave"],"picked":"Shrug It Off","floor":4.0},{"not_picked":["Combust","Sentinel"],"picked":"Clothesline","floor":5},{"not_picked":["Clash","Power Through"],"picked":"Thunderclap","floor":7},{"not_picked":["Clash","Uppercut","Clothesline"],"picked":"Singing Bowl","floor":10},{"not_picked":["Shockwave","Ghostly Armor"],"picked":"Perfected Strike","floor":11},{"not_picked":["Iron Wave","Wild Strike"],"picked":"Immolate","floor":12}],"player_experience":474254,"relics_obtained":[{"floor":7,"key":"Blue Candle"},{"floor":9,"key":"Singing Bowl"},{"floor":11,"key":"Letter Opener"}],"event_choices":[{"event_name":"Golden Wing","player_choice":"Card Removal","floor":3.0,"damage_taken":0.0},{"event_name":"Shining Light","player_choice":"Entered Light","floor":14,"damage_taken":0}],"is_beta":false,"boss_relics":[],"items_purged_floors":[],"is_endless":false,"potions_floor_spawned":[1,2,10],"killed_by":"The Guardian","ascension_level":5}