{"gold_per_floor":[18,18,18,42,56,87,87,12,12,12,27,27,43,43,43,43],"floor_reached":16,"playtime":367,"items_purged":["Strike_R"],"score":172,"play_id":"c85497eb-025d-4863-97b8-a9e956175239","local_time":"20190212225405","is_ascension_mode":true,"campfire_choices":[{"data":"Searing Blow","floor":7,"key":"SMITH"},{"data":"Searing Blow+1","floor":10,"key":"SMITH"},{"data":"Searing Blow+2","floor":12,"key":"SMITH"},{"data":"Searing Blow+3","floor":15,"key":"SMITH"}],"neow_cost":"NO_GOLD","seed_source_timestamp":21411216251100,"circlet_count":0,"master_deck":["AscendersBane","Strike_R","Strike_R+1","Defend_R","Defend_R","Defend_R","Bash+1","Sword Boomerang","Searing Blow+4"],"relics":["Burning Blood","Red Skull","Whetstone","Peace Pipe"],"potions_floor_usage":[6,16],"damage_taken":[{"damage":1,"enemies":"2 Louse","floor":1,"turns":2},{"damage":1,"enemies":"Cultist","floor":5,"turns":3},{"damage":35,"enemies":"3 Sentries","floor":6,"turns":8},{"damage":2,"enemies":"Jaw Worm","floor":11,"turns":3},{"damage":38,"enemies":"Lots of Slimes","floor":13,"turns":5},{"damage":28,"enemies":"The Guardian","floor":16,"turns":6}],"seed_played":"-1169176026240306618","potions_obtained":[{"floor":5,"key":"Explosive Potion"},{"floor":11,"key":"BloodPotion"}],"is_trial":false,"path_per_floor":["M","?","$","T","M","E","R","$","T","R","M","R","M","?","R","B"],"character_chosen":"IRONCLAD","items_purchased":[],"campfire_rested":0,"item_purchase_floors":[],"current_hp_per_floor":[73,73,73,73,75,46,46,46,46,46,50,50,18,18,18,0],"gold":43,"neow_bonus":"REMOVE_TWO","is_prod":false,"is_daily":false,"chose_seed":false,"campfire_upgraded":4,"win_rate":0,"timestamp":1550004845,"path_taken":["M","?","$","?","?","E","R","$","T","R","M","R","M","?","R","BOSS"],"build_version":"2019-01-23","purchased_purges":1,"victory":false,"max_hp_per_floor":[75,75,75,75,75,75,75,75,75,75,75,75,75,75,75,75],"card_choices":[{"not_picked":["Seeing Red","Iron Wave"],"picked":"Sword Boomerang","floor":1},{"not_picked":["Flame Barrier","Evolve"],"picked":"Searing Blow","floor":5},{"not_picked":["Sever Soul","Pommel Strike","Burning Pact"],"picked":"SKIP","floor":6},{"not_picked":["Wild Strike","Infernal Blade","Hemokinesis"],"picked":"SKIP","floor":11},{"not_picked":["Pommel Strike","Thunderclap","Clothesline"],"picked":"SKIP","floor":13}],"player_experience":719893,"relics_obtained":[{"floor":4,"key":"Red Skull"},{"floor":6,"key":"Whetstone"},{"floor":14,"key":"Peace Pipe"}],"event_choices":[{"cards_removed":["Strike_R"],"damage_healed":0,"gold_gain":0,"player_choice":"Purged","damage_taken":0,"max_hp_gain":0,"max_hp_loss":0,"event_name":"Purifier","floor":2,"gold_loss":0},{"damage_healed":0,"gold_gain":0,"player_choice":"Relic","damage_taken":0,"max_hp_gain":0,"max_hp_loss":0,"event_name":"Wheel of Change","floor":14,"gold_loss":0}],"is_beta":false,"boss_relics":[],"items_purged_floors":[8],"is_endless":false,"potions_floor_spawned":[5,11],"killed_by":"The Guardian","ascension_level":15}