{"gold_per_floor":[112,128,228,239,116,116,116,116,141,141,160,200,200,224,224,347,347,361,361,376,376,397,432,347,347,347,362,106,106,119,16,16,16],"floor_reached":33,"playtime":5087,"items_purged":["Defend_R"],"score":265,"play_id":"d2b60d49-16a1-470b-b6a5-3f00e1f25050","local_time":"20180708175223","is_ascension_mode":false,"campfire_choices":[{"data":"Searing Blow","floor":6,"key":"SMITH"},{"data":"Searing Blow+1","floor":8,"key":"SMITH"},{"floor":15,"key":"REST"},{"floor":25,"key":"REST"},{"floor":32,"key":"REST"}],"neow_cost":"NONE","seed_source_timestamp":2236352597469588,"circlet_count":0,"master_deck":["Strike_R","Strike_R","Strike_R","Strike_R","Defend_R","Defend_R+1","Defend_R","Bash+1","Fire Breathing","Searing Blow+2","Burning Pact","Flex","Flash of Steel","Reckless Charge","Fiend Fire","Pommel Strike","Offering","Feel No Pain","True Grit","RitualDagger","Shrug It Off","Headbutt","Power Through","Seeing Red+1","Metallicize","Shrug It Off","Bash","Ghostly Armor+1","Twin Strike","Metallicize","Pommel Strike"],"relics":["Burning Blood","Golden Idol","Vajra","Lantern","Runic Pyramid","Dream Catcher","Bronze Scales","Self Forming Clay"],"potions_floor_usage":[16,23,23,23,31,33],"damage_taken":[{"damage":0,"enemies":"Small Slimes","floor":1,"turns":4},{"damage":8,"enemies":"Cultist","floor":2,"turns":5},{"damage":8,"enemies":"Jaw Worm","floor":4,"turns":5},{"damage":6,"enemies":"3 Louse","floor":11,"turns":3},{"damage":17,"enemies":"Gremlin Nob","floor":12,"turns":4},{"damage":7,"enemies":"Blue Slaver","floor":14,"turns":2},{"damage":41,"enemies":"Hexaghost","floor":16,"turns":9},{"damage":2,"enemies":"Chosen","floor":18,"turns":3},{"damage":4,"enemies":"Spheric Guardian","floor":20,"turns":3},{"damage":24,"enemies":"Snake Plant","floor":22,"turns":3},{"damage":73,"enemies":"Gremlin Leader","floor":23,"turns":9},{"damage":10,"enemies":"Slaver and Parasite","floor":27,"turns":8},{"damage":7,"enemies":"Cultist and Chosen","floor":30,"turns":4},{"damage":65,"enemies":"Collector","floor":33,"turns":7}],"seed_played":"6976194777308371981","potions_obtained":[{"floor":2,"key":"SpeedPotion"},{"floor":4,"key":"Strength Potion"},{"floor":11,"key":"Block Potion"},{"floor":16,"key":"BloodPotion"},{"floor":20,"key":"Regen Potion"},{"floor":23,"key":"LiquidBronze"},{"floor":30,"key":"SpeedPotion"}],"is_trial":false,"path_per_floor":["M","M","?","M","$","R","?","R","T","?","M","E","?","M","R","B",null,"M","?","M","?","M","E","?","R","T","M","$","?","M","$","R"],"character_chosen":"IRONCLAD","items_purchased":["Flex","Flash of Steel","Metallicize","Fruit Juice","Shrug It Off","Twin Strike","Metallicize"],"campfire_rested":3,"item_purchase_floors":[5,5,28,28,28,31,31],"current_hp_per_floor":[80,78,78,76,76,76,76,76,76,60,60,49,49,48,72,37,80,80,80,80,74,56,12,12,36,36,32,32,32,31,36,61,0],"gold":16,"neow_bonus":"REMOVE_CARD","is_prod":false,"is_daily":false,"chose_seed":false,"campfire_upgraded":2,"win_rate":0.0,"timestamp":1531086743,"path_taken":["M","M","?","M","$","R","?","R","T","?","M","E","?","M","R","BOSS","M","?","M","?","M","E","?","R","T","?","?","?","M","$","R","BOSS"],"build_version":"2018-07-05","purchased_purges":1,"victory":false,"max_hp_per_floor":[80,80,80,80,80,80,80,80,80,80,80,80,80,80,80,80,80,80,80,80,80,80,80,80,80,80,80,80,80,80,85,85,85],"card_choices":[{"not_picked":["Pommel Strike","Intimidate"],"picked":"Fire Breathing","floor":1},{"not_picked":["Spot Weakness","Body Slam"],"picked":"Searing Blow","floor":2},{"not_picked":["Heavy Blade","Hemokinesis"],"picked":"Burning Pact","floor":4},{"not_picked":["Bloodletting","Burning Pact"],"picked":"Reckless Charge","floor":11},{"not_picked":["Sword Boomerang","Warcry"],"picked":"Fiend Fire","floor":12},{"not_picked":["Rampage","Disarm"],"picked":"Pommel Strike","floor":14},{"not_picked":["Impervious","Berserk"],"picked":"Offering","floor":16},{"not_picked":["Cleave","Intimidate"],"picked":"Feel No Pain","floor":18},{"not_picked":["Rampage+1","Second Wind"],"picked":"True Grit","floor":20},{"not_picked":["Rampage","Blood for Blood"],"picked":"Shrug It Off","floor":22},{"not_picked":["Brutality","Inflame"],"picked":"Headbutt","floor":23},{"not_picked":["True Grit","Cleave"],"picked":"Power Through","floor":25},{"not_picked":["Clash","Clothesline"],"picked":"Seeing Red+1","floor":27},{"not_picked":["Disarm","Corruption+1"],"picked":"Ghostly Armor+1","floor":30},{"not_picked":["Second Wind","Twin Strike"],"picked":"Pommel Strike","floor":32}],"player_experience":31285,"relics_obtained":[{"floor":9,"key":"Vajra"},{"floor":12,"key":"Lantern"},{"floor":23,"key":"Dream Catcher"},{"floor":26,"key":"Self Forming Clay"}],"event_choices":[{"event_name":"Golden Shrine","player_choice":"Pray","floor":3,"damage_taken":0},{"event_name":"Golden Idol","player_choice":"Take Wound","floor":7,"damage_taken":0},{"event_name":"Shining Light","player_choice":"Entered Light","floor":10,"damage_taken":0},{"event_name":"Fountain of Cleansing","player_choice":"Removed Curse","floor":13,"damage_taken":0},{"event_name":"Vampires","player_choice":"Ignored","floor":19,"damage_taken":0},{"event_name":"Nest","player_choice":"Joined the Cult","floor":21,"damage_taken":0},{"event_name":"Addict","player_choice":"Obtained Relic","floor":24,"damage_taken":0},{"event_name":"Match and Keep!","player_choice":"1 cards matched","floor":29,"damage_taken":0}],"boss_relics":[{"not_picked":["Sozu","Mark of Pain"],"picked":"Runic Pyramid"}],"items_purged_floors":[28],"is_endless":false,"potions_floor_spawned":[2,4,11,16,20,22,23,30],"killed_by":"Collector","ascension_level":0}