{"gold_per_floor":[113,133,149,159,178,212,212,33,33,47,47,47,47,58,58,156,206,219,319,336,355,371,371,404,404,454,454,470,470,487,137,137,239,239,258,20,32,46,46,72,90,105,132,132,144,144,163,173,173,173],"floor_reached":50,"playtime":4210,"items_purged":["Defend_R","Defend_R"],"score":552,"play_id":"4720f972-4537-4657-a9f5-31766bb90af7","local_time":"20181226174506","is_ascension_mode":false,"campfire_choices":[{"floor":7,"key":"REST"},{"data":"Whirlwind","floor":12,"key":"SMITH"},{"floor":15,"key":"REST"},{"floor":23,"key":"REST"},{"floor":25,"key":"REST"},{"data":"Heavy Blade","floor":27,"key":"SMITH"},{"data":"Iron Wave","floor":29,"key":"SMITH"},{"floor":32,"key":"REST"},{"data":"Limit Break","floor":44,"key":"SMITH"},{"floor":46,"key":"REST"},{"floor":49,"key":"REST"}],"neow_cost":"NONE","seed_source_timestamp":511961295690151,"circlet_count":0,"master_deck":["Strike_R","Strike_R","Strike_R","Strike_R","Strike_R","Defend_R+1","Bash","Flex","Infernal Blade","Shockwave","Spot Weakness+1","Iron Wave+1","Uppercut","Whirlwind+1","Twin Strike","Flex","Demon Form","Armaments+1","Inflame","Warcry+1","Rupture+1","Heavy Blade+1","Impervious","Dropkick+1","Rage","Limit Break+1","Fire Breathing+1","Double Tap","Sword Boomerang","Thunderclap+1"],"relics":["Burning Blood","Potion Belt","Red Skull","Mummified Hand","Tiny House","FossilizedHelix","Shuriken","Strawberry","War Paint","Bronze Scales","Busted Crown","Bottled Flame","Oddly Smooth Stone"],"potions_floor_usage":[16,16,19,19,21,24,28,30,33,38,40,42,45],"damage_taken":[{"damage":5,"enemies":"Small Slimes","floor":1,"turns":3},{"damage":6,"enemies":"Jaw Worm","floor":2,"turns":3},{"damage":0,"enemies":"Cultist","floor":3,"turns":3},{"damage":21,"enemies":"Large Slime","floor":4,"turns":4},{"damage":14,"enemies":"Gremlin Gang","floor":5,"turns":4},{"damage":30,"enemies":"3 Sentries","floor":6,"turns":6},{"damage":15,"enemies":"Exordium Thugs","floor":10,"turns":3},{"damage":7,"enemies":"Looter","floor":14,"turns":2},{"damage":29,"enemies":"Hexaghost","floor":16,"turns":8},{"damage":28,"enemies":"2 Thieves","floor":18,"turns":5},{"damage":12,"enemies":"Colosseum Slavers","floor":19,"turns":2},{"damage":23,"enemies":"Colosseum Nobs","floor":19,"turns":4},{"damage":0,"enemies":"Spheric Guardian","floor":20,"turns":3},{"damage":24,"enemies":"Snecko","floor":21,"turns":5},{"damage":17,"enemies":"Sentry and Sphere","floor":22,"turns":4},{"damage":21,"enemies":"Gremlin Leader","floor":24,"turns":4},{"damage":19,"enemies":"Centurion and Healer","floor":28,"turns":4},{"damage":8,"enemies":"Shelled Parasite and Fungi","floor":30,"turns":3},{"damage":39,"enemies":"Collector","floor":33,"turns":9},{"damage":22,"enemies":"3 Darklings","floor":35,"turns":5},{"damage":0,"enemies":"Orb Walker","floor":37,"turns":3},{"damage":17,"enemies":"Sphere and 2 Shapes","floor":38,"turns":4},{"damage":54,"enemies":"Reptomancer","floor":40,"turns":5},{"damage":0,"enemies":"3 Darklings","floor":41,"turns":2},{"damage":5,"enemies":"Writhing Mass","floor":42,"turns":3},{"damage":23,"enemies":"Maw","floor":45,"turns":6},{"damage":20,"enemies":"Jaw Worm Horde","floor":47,"turns":3},{"damage":0,"enemies":"Transient","floor":48,"turns":5},{"damage":84,"enemies":"Donu and Deca","floor":50,"turns":5}],"seed_played":"-4852340266664616386","potions_obtained":[{"floor":4,"key":"Dexterity Potion"},{"floor":5,"key":"EssenceOfSteel"},{"floor":6,"key":"SkillPotion"},{"floor":10,"key":"SteroidPotion"},{"floor":14,"key":"Ancient Potion"},{"floor":17,"key":"Fire Potion"},{"floor":18,"key":"GamblersBrew"},{"floor":22,"key":"SpeedPotion"},{"floor":24,"key":"SpeedPotion"},{"floor":37,"key":"Fruit Juice"},{"floor":40,"key":"Regen Potion"},{"floor":41,"key":"Dexterity Potion"}],"is_trial":false,"path_per_floor":["M","M","M","M","M","E","R","$","T","M","?","R","?","M","R","B",null,"M","?","M","M","M","R","E","R","T","R","M","R","M","$","R","B",null,"M","$","M","M","?","E","M","M","T","R","M","R","M","M","R","B"],"character_chosen":"IRONCLAD","items_purchased":["Whirlwind","Red Skull","Rage","PowerPotion","Bronze Scales","Limit Break"],"campfire_rested":7,"item_purchase_floors":[8,8,31,31,31,36],"current_hp_per_floor":[80,80,80,65,57,33,57,57,57,48,48,48,48,47,71,48,85,63,40,46,28,17,42,34,61,61,61,48,48,46,46,73,40,92,76,76,82,76,76,28,34,44,44,44,27,56,42,48,77,0],"gold":173,"neow_bonus":"REMOVE_CARD","is_prod":false,"is_daily":false,"chose_seed":false,"campfire_upgraded":4,"win_rate":0.0,"timestamp":1545875106,"path_taken":["M","M","M","M","M","E","R","$","T","M","?","R","?","M","R","BOSS","M","?","M","M","M","R","E","R","T","R","M","R","M","$","R","BOSS","M","$","M","M","?","E","?","M","T","R","M","R","M","M","R","BOSS"],"build_version":"2018-12-20","purchased_purges":2,"victory":false,"max_hp_per_floor":[80,80,80,80,80,80,80,80,80,80,80,80,80,80,80,80,85,85,85,85,85,85,85,92,92,92,92,92,92,92,92,92,92,92,92,92,92,97,97,97,97,97,97,97,97,97,97,97,97,97],"card_choices":[{"not_picked":["Twin Strike","Seeing Red"],"picked":"Flex","floor":1},{"not_picked":["Disarm","Reckless Charge"],"picked":"Infernal Blade","floor":2},{"not_picked":["Seeing Red","Perfected Strike"],"picked":"Shockwave","floor":3},{"not_picked":["Sword Boomerang","Twin Strike"],"picked":"Spot Weakness","floor":4},{"not_picked":["Pommel Strike","Armaments"],"picked":"Iron Wave","floor":5},{"not_picked":["Carnage","Shrug It Off"],"picked":"Uppercut","floor":6},{"not_picked":["True Grit","Searing Blow"],"picked":"Twin Strike","floor":10},{"not_picked":["Rampage","Thunderclap"],"picked":"Flex","floor":14},{"not_picked":["Fiend Fire","Barricade"],"picked":"Demon Form","floor":16},{"not_picked":["Perfected Strike","Anger"],"picked":"Armaments","floor":17},{"not_picked":["Armaments","Entrench"],"picked":"Inflame","floor":18},{"not_picked":["Iron Wave","Dark Embrace"],"picked":"Warcry+1","floor":19},{"not_picked":["Battle Trance","True Grit"],"picked":"Rupture+1","floor":20},{"not_picked":["Bloodletting","Iron Wave+1"],"picked":"Heavy Blade","floor":21},{"not_picked":["Headbutt+1","Armaments"],"picked":"Impervious","floor":22},{"not_picked":["True Grit+1","Second Wind"],"picked":"Dropkick+1","floor":24},{"not_picked":["Rampage+1","Armaments+1","Iron Wave"],"picked":"SKIP","floor":28},{"not_picked":["Clash","Warcry","Shockwave"],"picked":"SKIP","floor":30},{"not_picked":["Body Slam"],"picked":"SKIP","floor":35},{"not_picked":["Twin Strike"],"picked":"SKIP","floor":37},{"not_picked":[],"picked":"Fire Breathing+1","floor":38},{"not_picked":["Headbutt+1"],"picked":"SKIP","floor":40},{"not_picked":["Clash"],"picked":"SKIP","floor":41},{"not_picked":["Disarm"],"picked":"SKIP","floor":42},{"not_picked":["Body Slam"],"picked":"SKIP","floor":45},{"not_picked":[],"picked":"Thunderclap+1","floor":47},{"not_picked":["Shrug It Off"],"picked":"SKIP","floor":48}],"player_experience":18249,"relics_obtained":[{"floor":6,"key":"Potion Belt"},{"floor":9,"key":"Mummified Hand"},{"floor":19,"key":"FossilizedHelix"},{"floor":19,"key":"Shuriken"},{"floor":24,"key":"Strawberry"},{"floor":26,"key":"War Paint"},{"floor":40,"key":"Bottled Flame"},{"floor":43,"key":"Oddly Smooth Stone"}],"event_choices":[{"damage_healed":0,"gold_gain":0,"player_choice":"Ignored","damage_taken":0,"max_hp_gain":0,"max_hp_loss":0,"event_name":"Liars Game","floor":11,"gold_loss":0},{"damage_healed":0,"gold_gain":0,"player_choice":"Ignored","damage_taken":0,"max_hp_gain":0,"max_hp_loss":0,"event_name":"Golden Idol","floor":13,"gold_loss":0},{"damage_healed":0,"gold_gain":0,"player_choice":"Fight","damage_taken":0,"max_hp_gain":0,"max_hp_loss":0,"event_name":"Colosseum","floor":19,"gold_loss":0},{"damage_healed":0,"gold_gain":0,"player_choice":"Fought Nobs","damage_taken":0,"max_hp_gain":0,"max_hp_loss":0,"event_name":"Colosseum","floor":19,"gold_loss":0},{"damage_healed":0,"gold_gain":0,"player_choice":"2 cards matched","damage_taken":0,"max_hp_gain":0,"max_hp_loss":0,"event_name":"Match and Keep!","floor":39,"gold_loss":0,"cards_obtained":["Double Tap","Sword Boomerang"]}],"is_beta":false,"boss_relics":[{"not_picked":["Philosopher\u0027s Stone","Snecko Eye"],"picked":"Tiny House"},{"not_picked":["Astrolabe","Orrery"],"picked":"Busted Crown"}],"items_purged_floors":[31,36],"is_endless":false,"potions_floor_spawned":[4,5,6,10,14,18,22,24,37,40,41],"killed_by":"Donu and Deca","ascension_level":0}