{"gold_per_floor":[114,114,133,9,29,29,55,55,55,90,90,106,32,32,32,136,136,153,153,171,191,191,191,206,74,74,105,105,105,117,133,133,133],"floor_reached":33,"playtime":1847,"items_purged":[],"score":289,"play_id":"b5a6eae7-9d37-45e5-892f-1943d24eae42","local_time":"20190112170134","is_ascension_mode":true,"campfire_choices":[{"data":"Quick Slash","floor":6,"key":"SMITH"},{"floor":8,"key":"REST"},{"floor":15,"key":"REST"},{"floor":23,"key":"REST"},{"floor":28,"key":"REST"},{"floor":32,"key":"REST"}],"neow_cost":"NONE","seed_source_timestamp":2393806365759383,"circlet_count":0,"master_deck":["Defend_G+1","Defend_G+1","Defend_G","Defend_G","Strike_G","Strike_G","Survivor","Neutralize","Quick Slash+1","PiercingWail","Escape Plan","Expertise","Finisher","Storm of Steel","Acrobatics","Backstab","Phantasmal Killer","Dash+1","Quick Slash+1","Crippling Poison+1","Outmaneuver+1","Heel Hook","Bane+1","All Out Attack","Deep Breath","Dagger Throw","Terror","Reflex","Deflect"],"relics":["Ring of the Snake","NeowsBlessing","Dodecahedron","Matryoshka","Happy Flower","Astrolabe","Necronomicon","Nloth\u0027s Gift","Shuriken","Molten Egg 2","Pear"],"potions_floor_usage":[7,16,21,33],"damage_taken":[{"damage":0,"enemies":"Jaw Worm","floor":1,"turns":1},{"damage":0,"enemies":"Cultist","floor":3,"turns":1},{"damage":0,"enemies":"2 Louse","floor":5,"turns":1},{"damage":25,"enemies":"Lagavulin","floor":7,"turns":9},{"damage":39,"enemies":"Gremlin Nob","floor":10,"turns":5},{"damage":1,"enemies":"2 Fungi Beasts","floor":12,"turns":4},{"damage":22,"enemies":"Slime Boss","floor":16,"turns":12},{"damage":6,"enemies":"3 Byrds","floor":18,"turns":4},{"damage":10,"enemies":"Chosen","floor":20,"turns":4},{"damage":3,"enemies":"Snake Plant","floor":21,"turns":4},{"damage":14,"enemies":"Chosen and Byrds","floor":24,"turns":5},{"damage":8,"enemies":"Book of Stabbing","floor":27,"turns":4},{"damage":18,"enemies":"Shelled Parasite and Fungi","floor":30,"turns":3},{"damage":25,"enemies":"Centurion and Healer","floor":31,"turns":5},{"damage":56,"enemies":"Collector","floor":33,"turns":8}],"seed_played":"-1122724366466775600","potions_obtained":[{"floor":5,"key":"Poison Potion"},{"floor":10,"key":"AttackPotion"},{"floor":20,"key":"Block Potion"},{"floor":27,"key":"Fire Potion"}],"is_trial":false,"path_per_floor":["M","?","M","?","M","R","E","R","T","E","?","M","$","?","R","B",null,"M","?","M","M","?","R","M","$","T","E","R","?","M","M","R","B"],"character_chosen":"THE_SILENT","items_purchased":["Backstab","Deep Breath","Dagger Throw"],"campfire_rested":5,"item_purchase_floors":[13,25,25],"current_hp_per_floor":[70,56,56,56,56,56,31,52,52,13,13,12,12,29,50,28,70,64,48,38,35,35,56,42,42,42,44,68,68,50,25,49,0],"gold":133,"neow_bonus":"THREE_ENEMY_KILL","is_prod":false,"is_daily":false,"chose_seed":false,"campfire_upgraded":1,"win_rate":0,"timestamp":1547330494,"path_taken":["M","?","M","?","?","R","E","R","T","E","?","?","?","?","R","BOSS","M","?","M","M","?","R","?","$","T","E","R","?","M","M","R","BOSS"],"build_version":"2019-01-10","purchased_purges":0,"victory":false,"max_hp_per_floor":[70,70,70,70,70,70,70,70,70,70,70,70,70,70,70,70,70,70,70,70,70,70,70,70,70,70,80,80,80,80,80,80,80],"card_choices":[{"not_picked":["Acrobatics","Predator"],"picked":"Quick Slash","floor":1},{"not_picked":["Outmaneuver","Flying Knee"],"picked":"PiercingWail","floor":3},{"not_picked":["Sucker Punch","Dodge and Roll"],"picked":"Escape Plan","floor":5},{"not_picked":["Calculated Gamble","Deadly Poison"],"picked":"Expertise","floor":7},{"not_picked":["Backflip","Dodge and Roll"],"picked":"Finisher","floor":10},{"not_picked":["Blade Dance","Slice"],"picked":"Acrobatics","floor":12},{"not_picked":["Die Die Die","Glass Knife"],"picked":"Phantasmal Killer","floor":16},{"not_picked":["Dagger Spray","Dodge and Roll"],"picked":"Outmaneuver+1","floor":18},{"not_picked":["Choke+1","Flying Knee"],"picked":"Heel Hook","floor":20},{"not_picked":["Crippling Poison","Dodge and Roll"],"picked":"Bane+1","floor":21},{"not_picked":["Backflip","Flying Knee"],"picked":"All Out Attack","floor":24},{"not_picked":["Deflect","Acrobatics+1"],"picked":"Terror","floor":27},{"not_picked":["Bane+1","Quick Slash+1"],"picked":"Reflex","floor":30},{"not_picked":["Malaise","Deadly Poison"],"picked":"Deflect","floor":31}],"player_experience":81602,"relics_obtained":[{"floor":7,"key":"Omamori"},{"floor":9,"key":"Matryoshka"},{"floor":10,"key":"Happy Flower"},{"floor":19,"key":"Necronomicon"},{"floor":26,"key":"Shuriken"},{"floor":26,"key":"Molten Egg 2"},{"floor":27,"key":"Pear"}],"event_choices":[{"damage_healed":0,"gold_gain":0,"player_choice":"Entered Light","damage_taken":14,"max_hp_gain":0,"max_hp_loss":0,"event_name":"Shining Light","floor":2,"gold_loss":0,"cards_upgraded":["Defend_G","Defend_G"]},{"damage_healed":0,"gold_gain":0,"player_choice":"Paid Gold","damage_taken":0,"relics_obtained":["Dodecahedron"],"max_hp_gain":0,"max_hp_loss":0,"event_name":"WeMeetAgain","floor":4,"gold_loss":124},{"damage_healed":0,"gold_gain":0,"cards_transformed":["Strike_G"],"player_choice":"Transformed","damage_taken":0,"max_hp_gain":0,"max_hp_loss":0,"event_name":"Transmorgrifier","floor":11,"gold_loss":0,"cards_obtained":["Storm of Steel"]},{"damage_healed":17,"gold_gain":0,"player_choice":"Healed and dodged fight","damage_taken":0,"max_hp_gain":0,"max_hp_loss":0,"event_name":"Mushrooms","floor":14,"gold_loss":0,"cards_obtained":["Parasite"]},{"damage_healed":0,"gold_gain":0,"player_choice":"Obtained Book","damage_taken":16,"max_hp_gain":0,"max_hp_loss":0,"event_name":"Cursed Tome","floor":19,"gold_loss":0},{"damage_healed":0,"gold_gain":0,"player_choice":"Traded Relic","damage_taken":0,"relics_obtained":["Nloth\u0027s Gift"],"max_hp_gain":0,"max_hp_loss":0,"event_name":"N\u0027loth","floor":22,"relics_lost":["Omamori"],"gold_loss":0},{"damage_healed":0,"gold_gain":0,"player_choice":"Ignored","damage_taken":0,"max_hp_gain":0,"max_hp_loss":0,"event_name":"Beggar","floor":29,"gold_loss":0}],"is_beta":false,"boss_relics":[{"not_picked":["Lizard Tail","Tiny House"],"picked":"Astrolabe"}],"items_purged_floors":[],"is_endless":false,"potions_floor_spawned":[5,10,20,27],"killed_by":"Collector","ascension_level":1}