{"gold_per_floor":[119,139,139,214,14,47,47,58,85,85,105,105,27,0,0,101,101,113,123,123,123,142,142,176,176,176,211,211,17,30,64,64,164,164,174,474,474,21,21,48,48,82,130,142,196,17,31,45,45,45],"floor_reached":51,"playtime":6505,"items_purged":["Defend_G","Strike_G"],"score":1264,"play_id":"9a6412ad-86e4-491c-b05c-06d98d3d82a6","local_time":"20181023203150","is_ascension_mode":true,"campfire_choices":[{"data":"Leg Sweep","floor":10.0,"key":"SMITH"},{"data":"Dash","floor":12.0,"key":"SMITH"},{"data":"Footwork","floor":15.0,"key":"SMITH"},{"floor":23.0,"key":"REST"},{"floor":25.0,"key":"REST"},{"data":"Skewer","floor":28.0,"key":"SMITH"},{"floor":32.0,"key":"REST"},{"data":"Wraith Form v2","floor":41.0,"key":"SMITH"},{"floor":49,"key":"REST"}],"neow_cost":"NONE","seed_source_timestamp":0,"circlet_count":0,"master_deck":["Defend_G","Defend_G","Defend_G","Strike_G","Survivor","Neutralize","AscendersBane","Leg Sweep+1","Endless Agony","Dagger Throw","Dagger Throw","Dash+1","Footwork+1","Tools of the Trade","Malaise","Cloak And Dagger","Well Laid Plans","Necronomicurse","Discovery","Well Laid Plans","Wraith Form v2+1","Terror","Dodge and Roll","Skewer+1","PiercingWail","Backflip","Adrenaline","Flechettes+1","Calculated Gamble+1","Flying Knee+1","Outmaneuver+1","Prepared","Bullet Time","Choke+1","Underhanded Strike+1","Adrenaline","Cloak And Dagger+1","Backflip+1"],"special_seed":0,"relics":["Ring of the Snake","NeowsBlessing","OrangePellets","Blood Vial","Paper Crane","Smiling Mask","Runic Dome","Necronomicon","Potion Belt","The Courier","Mercury Hourglass","Membership Card","Art of War","Astrolabe","Old Coin","Strange Spoon","Gremlin Horn","Letter Opener","Turnip","Mango","Molten Egg 2","Happy Flower","Pocketwatch","Sundial"],"potions_floor_usage":[50,50,50],"damage_taken":[{"damage":0.0,"enemies":"2 Louse","floor":1.0,"turns":1.0},{"damage":0.0,"enemies":"Cultist","floor":2.0,"turns":1.0},{"damage":0.0,"enemies":"3 Sentries","floor":6.0,"turns":1.0},{"damage":0.0,"enemies":"Jaw Worm","floor":8.0,"turns":4.0},{"damage":0.0,"enemies":"Blue Slaver","floor":11.0,"turns":4.0},{"damage":0.0,"enemies":"Looter","floor":14.0,"turns":4.0},{"damage":22.0,"enemies":"Slime Boss","floor":16.0,"turns":18.0},{"damage":24.0,"enemies":"2 Thieves","floor":18.0,"turns":5.0},{"damage":3.0,"enemies":"3 Byrds","floor":19.0,"turns":7.0},{"damage":11.0,"enemies":"Sentry and Sphere","floor":22.0,"turns":7.0},{"damage":9.0,"enemies":"Slavers","floor":24.0,"turns":11.0},{"damage":0.0,"enemies":"Book of Stabbing","floor":27.0,"turns":8.0},{"damage":1.0,"enemies":"Cultist and Chosen","floor":30.0,"turns":5.0},{"damage":4.0,"enemies":"Slavers","floor":31.0,"turns":6.0},{"damage":1.0,"enemies":"Automaton","floor":33.0,"turns":11.0},{"damage":14.0,"enemies":"3 Darklings","floor":35.0,"turns":8.0},{"damage":0.0,"enemies":"Reptomancer","floor":40.0,"turns":4.0},{"damage":21.0,"enemies":"Nemesis","floor":42.0,"turns":7.0},{"damage":11,"enemies":"Orb Walker","floor":44,"turns":2},{"damage":2,"enemies":"2 Orb Walkers","floor":45,"turns":4},{"damage":0,"enemies":"Writhing Mass","floor":47,"turns":4},{"damage":0,"enemies":"4 Shapes","floor":48,"turns":3},{"damage":7,"enemies":"Donu and Deca","floor":50,"turns":4}],"seed_played":"8926635423256134173","potions_obtained":[{"floor":1.0,"key":"Fire Potion"},{"floor":3.0,"key":"FearPotion"},{"floor":3.0,"key":"Weak Potion"},{"floor":11.0,"key":"FairyPotion"},{"floor":19.0,"key":"Block Potion"},{"floor":24.0,"key":"Poison Potion"},{"floor":35.0,"key":"GhostInAJar"},{"floor":40.0,"key":"LiquidBronze"},{"floor":48,"key":"Block Potion"}],"is_trial":false,"path_per_floor":["M","M","?","?","$","E","?","M","T","R","M","R","$","M","R","B",null,"M","M","?","?","M","R","E","R","T","E","R","$","M","E","R","B",null,"M","?","?","$","?","E","R","E","T","M","?","$","M","M","R","B"],"character_chosen":"THE_SILENT","items_purchased":["OrangePellets","Footwork","Membership Card","GhostInAJar","Strange Spoon","Gremlin Horn","Letter Opener","Turnip","Adrenaline","Sundial"],"campfire_rested":4,"item_purchase_floors":[5,13,29,29,38,38,38,38,46,46],"current_hp_per_floor":[63,63,63,52,52,52,45,47,47,47,49,49,49,51,51,31,60,38,37,21,21,12,33,26,47,47,49,49,49,50,48,69,69,70,56,56,56,56,56,72,72,53,53,44,44,44,46,48,73,68],"gold":45,"neow_bonus":"THREE_ENEMY_KILL","is_prod":false,"is_daily":false,"chose_seed":false,"campfire_upgraded":5,"win_rate":0,"timestamp":1540341110,"path_taken":["M","M","?","?","$","E","?","?","T","R","M","R","?","M","R","BOSS","M","M","?","?","M","R","E","R","T","E","R","$","M","E","R","BOSS","M","?","?","$","?","E","R","E","T","?","?","$","M","?","R","BOSS"],"build_version":"2018-10-18","purchased_purges":2,"victory":true,"max_hp_per_floor":[70,70,70,70,70,70,70,70,70,70,70,70,70,70,70,70,70,70,70,70,70,70,70,70,70,70,70,70,70,70,70,70,70,70,70,70,70,70,70,84,84,84,84,84,84,84,84,84,84,84],"card_choices":[{"not_picked":["Eviscerate","Poisoned Stab"],"picked":"Leg Sweep","floor":1.0},{"not_picked":["Dodge and Roll","Slice"],"picked":"Endless Agony","floor":2.0},{"not_picked":["Riddle With Holes","Sucker Punch"],"picked":"Dagger Throw","floor":6.0},{"not_picked":["Prepared","Bane"],"picked":"Dagger Throw","floor":8.0},{"not_picked":["Endless Agony","Prepared"],"picked":"Dash","floor":11.0},{"not_picked":["Prepared","Sucker Punch"],"picked":"Tools of the Trade","floor":14.0},{"not_picked":["Doppelganger","Envenom"],"picked":"Malaise","floor":16.0},{"not_picked":["Blade Dance","Dagger Spray"],"picked":"Cloak And Dagger","floor":18.0},{"not_picked":["Underhanded Strike","Dodge and Roll+1"],"picked":"Well Laid Plans","floor":19.0},{"not_picked":["Underhanded Strike+1","Masterful Stab"],"picked":"Terror","floor":22.0},{"not_picked":["Slice","Calculated Gamble+1"],"picked":"Dodge and Roll","floor":24.0},{"not_picked":["Setup","Poisoned Stab"],"picked":"Skewer","floor":27.0},{"not_picked":["Flying Knee","Dodge and Roll"],"picked":"PiercingWail","floor":30.0},{"not_picked":["Finisher","Bouncing Flask"],"picked":"Backflip","floor":31.0},{"not_picked":["Malaise","Envenom"],"picked":"Adrenaline","floor":33.0},{"not_picked":["Bouncing Flask+1","PiercingWail"],"picked":"Outmaneuver+1","floor":35.0},{"not_picked":["Underhanded Strike","Accuracy+1"],"picked":"Prepared","floor":40.0},{"not_picked":["Expertise+1","Outmaneuver+1"],"picked":"Bullet Time","floor":42},{"not_picked":["Blade Dance","Poisoned Stab+1"],"picked":"Choke+1","floor":44},{"not_picked":["Calculated Gamble+1","Expertise"],"picked":"Underhanded Strike+1","floor":45},{"not_picked":["Caltrops+1","Dagger Throw+1"],"picked":"Cloak And Dagger+1","floor":47},{"not_picked":["Distraction","Masterful Stab+1"],"picked":"Backflip+1","floor":48}],"player_experience":643808,"relics_obtained":[{"floor":6.0,"key":"Blood Vial"},{"floor":9.0,"key":"Smiling Mask"},{"floor":20.0,"key":"Necronomicon"},{"floor":24.0,"key":"Potion Belt"},{"floor":26.0,"key":"The Courier"},{"floor":27.0,"key":"Mercury Hourglass"},{"floor":31.0,"key":"Art of War"},{"floor":40.0,"key":"Mango"},{"floor":42,"key":"Molten Egg 2"},{"floor":43,"key":"Happy Flower"},{"floor":45,"key":"Pocketwatch"}],"event_choices":[{"damage_healed":0.0,"max_hp_gain":0.0,"max_hp_loss":0.0,"gold_gain":0.0,"event_name":"The Lab","player_choice":"Got Potions","floor":3.0,"gold_loss":0.0,"damage_taken":0.0},{"damage_healed":0.0,"max_hp_gain":0.0,"max_hp_loss":0.0,"gold_gain":75.0,"event_name":"World of Goop","player_choice":"Gather Gold","floor":4.0,"gold_loss":0.0,"damage_taken":11.0},{"damage_healed":0.0,"max_hp_gain":0.0,"max_hp_loss":0.0,"gold_gain":0.0,"event_name":"Scrap Ooze","player_choice":"Success","floor":7.0,"gold_loss":0.0,"damage_taken":7.0,"relics_obtained":["Paper Crane"]},{"damage_healed":0.0,"max_hp_gain":0.0,"max_hp_loss":0.0,"gold_gain":0.0,"event_name":"Cursed Tome","player_choice":"Obtained Book","floor":20.0,"gold_loss":0.0,"damage_taken":16.0},{"damage_healed":0.0,"max_hp_gain":0.0,"max_hp_loss":0.0,"gold_gain":0.0,"event_name":"Match and Keep!","player_choice":"3 cards matched","floor":21.0,"gold_loss":0.0,"damage_taken":0.0,"cards_obtained":["Discovery","Well Laid Plans","Wraith Form v2"]},{"damage_healed":0.0,"max_hp_gain":0.0,"max_hp_loss":0.0,"gold_gain":0.0,"event_name":"WeMeetAgain","player_choice":"Gave Potion","floor":36.0,"gold_loss":0.0,"damage_taken":0.0,"relics_obtained":["Old Coin"]},{"damage_healed":0.0,"max_hp_gain":0.0,"max_hp_loss":0.0,"gold_gain":0.0,"event_name":"SecretPortal","player_choice":"Ignored","floor":37.0,"gold_loss":0.0,"damage_taken":0.0},{"cards_removed":["Strike_G"],"damage_healed":0.0,"max_hp_gain":0.0,"max_hp_loss":0.0,"gold_gain":0.0,"event_name":"Bonfire Elementals","player_choice":"Offered Basic","floor":39.0,"gold_loss":0.0,"damage_taken":0.0},{"damage_healed":0,"gold_gain":0,"player_choice":"Fight","damage_taken":0,"max_hp_gain":0,"max_hp_loss":0,"event_name":"Mysterious Sphere","floor":45,"gold_loss":0}],"is_beta":false,"boss_relics":[{"not_picked":["Calling Bell","Ring of the Serpent"],"picked":"Runic Dome"},{"not_picked":["Empty Cage","HoveringKite"],"picked":"Astrolabe"}],"items_purged_floors":[38,46],"is_endless":false,"potions_floor_spawned":[1,11,19,24,35,40,48],"ascension_level":10}