{"gold_per_floor":[16,16,16,29,29,62,77,90,90,90,106,106,129,143,143,272,272,286,305,149,149,173,173,207,223,280,102,125,143,143,156,156,286,286,302,317,317,317,120,155,155,168,191,214,214,234,248,288,288,288],"floor_reached":50,"playtime":3112,"items_purged":["Regret","Escape Plan","Venomology"],"score":557,"play_id":"7183b9e9-bf96-46b4-a11e-c90126169c0d","local_time":"20190124215014","is_ascension_mode":true,"campfire_choices":[{"floor":10,"key":"REST"},{"floor":15,"key":"REST"},{"floor":23,"key":"REST"},{"floor":32,"key":"REST"},{"floor":41,"key":"REST"},{"floor":45,"key":"REST"},{"floor":49,"key":"REST"}],"neow_cost":"NO_GOLD","seed_source_timestamp":965955934238683,"circlet_count":0,"master_deck":["Defend_G","Defend_G","Strike_G","Strike_G","Strike_G","Survivor","Neutralize","Terror","Bullet Time","Underhanded Strike","Doppelganger","Dagger Throw","Heel Hook","Slice","A Thousand Cuts","Backflip","Dash","Dash","Underhanded Strike+1","Choke+1","Dagger Throw","Eviscerate","Burst","Blade Dance","Deflect","Bouncing Flask+1","Corpse Explosion","Eviscerate+1","Crippling Poison+1","Leg Sweep","Underhanded Strike","All Out Attack+1","Catalyst+1","Crippling Poison+1"],"relics":["Ring of the Snake","Golden Idol","Ninja Scroll","Mercury Hourglass","Bottled Flame","Letter Opener","Snecko Eye","Bag of Preparation","Tiny Chest","Sozu","Ginger","Pear","Ancient Tea Set","Dream Catcher"],"potions_floor_usage":[14,16,16,33,33,36,47,50],"damage_taken":[{"damage":0,"enemies":"2 Louse","floor":1,"turns":3},{"damage":0,"enemies":"Small Slimes","floor":4,"turns":4},{"damage":31,"enemies":"Lagavulin","floor":6,"turns":7},{"damage":6,"enemies":"Cultist","floor":7,"turns":3},{"damage":0,"enemies":"2 Fungi Beasts","floor":8,"turns":2},{"damage":2,"enemies":"Exordium Wildlife","floor":11,"turns":3},{"damage":0,"enemies":"Large Slime","floor":13,"turns":4},{"damage":1,"enemies":"Red Slaver","floor":14,"turns":2},{"damage":50,"enemies":"The Guardian","floor":16,"turns":10},{"damage":0,"enemies":"3 Byrds","floor":18,"turns":2},{"damage":4,"enemies":"Chosen","floor":19,"turns":5},{"damage":16,"enemies":"Snake Plant","floor":22,"turns":3},{"damage":14,"enemies":"Book of Stabbing","floor":24,"turns":5},{"damage":5,"enemies":"Snecko","floor":25,"turns":3},{"damage":6,"enemies":"Cultist and Chosen","floor":28,"turns":4},{"damage":4,"enemies":"Snake Plant","floor":29,"turns":3},{"damage":2,"enemies":"3 Cultists","floor":31,"turns":4},{"damage":17,"enemies":"Automaton","floor":33,"turns":7},{"damage":5,"enemies":"3 Shapes","floor":35,"turns":2},{"damage":15,"enemies":"Orb Walker","floor":36,"turns":3},{"damage":31,"enemies":"Nemesis","floor":40,"turns":5},{"damage":11,"enemies":"Spire Growth","floor":42,"turns":3},{"damage":0,"enemies":"Jaw Worm Horde","floor":44,"turns":2},{"damage":15,"enemies":"Maw","floor":46,"turns":5},{"damage":16,"enemies":"4 Shapes","floor":47,"turns":2},{"damage":29,"enemies":"Giant Head","floor":48,"turns":7},{"damage":36,"enemies":"Awakened One","floor":50,"turns":7}],"seed_played":"7951886006346619198","potions_obtained":[{"floor":4,"key":"PowerPotion"},{"floor":8,"key":"Block Potion"},{"floor":11,"key":"Block Potion"},{"floor":19,"key":"Strength Potion"},{"floor":21,"key":"Block Potion"},{"floor":21,"key":"SteroidPotion"},{"floor":22,"key":"GhostInAJar"},{"floor":31,"key":"Swift Potion"},{"floor":33,"key":"SteroidPotion"}],"is_trial":false,"path_per_floor":["M","?","?","M","?","E","M","M","T","R","M","T","M","M","R","B",null,"M","M","$","?","M","R","E","M","T","$","M","M","?","M","R","B",null,"M","M","?","T","$","E","R","M","T","M","R","M","M","E","R","B"],"character_chosen":"THE_SILENT","items_purchased":["Dash","Eviscerate","Leg Sweep"],"campfire_rested":7,"item_purchase_floors":[20,27,39],"current_hp_per_floor":[70,53,53,53,53,22,16,16,16,37,35,35,35,34,55,5,70,70,66,66,66,50,70,56,51,51,51,45,41,41,39,60,43,70,65,50,50,50,50,29,53,42,42,42,66,51,35,6,30,0],"gold":288,"neow_bonus":"REMOVE_TWO","is_prod":false,"is_daily":false,"chose_seed":false,"campfire_upgraded":0,"win_rate":0,"timestamp":1548384614,"path_taken":["M","?","?","?","?","E","M","M","T","R","M","?","M","M","R","BOSS","M","M","$","?","?","R","E","?","T","$","M","M","?","M","R","BOSS","M","M","?","?","?","E","R","M","T","M","R","M","M","E","R","BOSS"],"build_version":"2019-01-23","purchased_purges":3,"victory":false,"max_hp_per_floor":[70,70,70,70,70,70,70,70,70,70,70,70,70,70,70,70,70,70,70,70,70,70,70,70,70,70,70,70,70,70,70,70,70,70,70,70,70,70,70,80,80,80,80,80,80,80,80,80,80,80],"card_choices":[{"not_picked":["Slice","Endless Agony"],"picked":"Terror","floor":1},{"not_picked":["Backflip","Escape Plan"],"picked":"Underhanded Strike","floor":4},{"not_picked":["Phantasmal Killer","Sucker Punch"],"picked":"Doppelganger","floor":6},{"not_picked":["Flying Knee","Blade Dance"],"picked":"Dagger Throw","floor":7},{"not_picked":["Poisoned Stab","Dagger Spray","Dodge and Roll"],"picked":"SKIP","floor":8},{"not_picked":["Leg Sweep","Cloak And Dagger"],"picked":"Heel Hook","floor":11},{"not_picked":["Blade Dance","Night Terror"],"picked":"Slice","floor":13},{"not_picked":["Dodge and Roll","Cloak And Dagger"],"picked":"Escape Plan","floor":14},{"not_picked":["Glass Knife","Envenom"],"picked":"A Thousand Cuts","floor":16},{"not_picked":["Deadly Poison","Backstab"],"picked":"Backflip","floor":18},{"not_picked":["Outmaneuver","Bouncing Flask"],"picked":"Dash","floor":19},{"not_picked":["Finisher","Caltrops+1"],"picked":"Underhanded Strike+1","floor":22},{"not_picked":["Reflex","Calculated Gamble"],"picked":"Choke+1","floor":24},{"not_picked":["Sucker Punch","Endless Agony+1"],"picked":"Dagger Throw","floor":25},{"not_picked":["Acrobatics","Dagger Throw"],"picked":"Burst","floor":28},{"not_picked":["Infinite Blades","Finisher"],"picked":"Blade Dance","floor":29},{"not_picked":["Masterful Stab+1","Bane"],"picked":"Bouncing Flask+1","floor":31},{"not_picked":["Burst","After Image"],"picked":"Corpse Explosion","floor":33},{"not_picked":["Distraction","Bane+1"],"picked":"Eviscerate+1","floor":35},{"not_picked":["Cloak And Dagger+1","Deadly Poison+1"],"picked":"Crippling Poison+1","floor":36},{"not_picked":["Prepared+1","Slice+1","Cloak And Dagger"],"picked":"SKIP","floor":40},{"not_picked":["Bane+1","Envenom"],"picked":"Underhanded Strike","floor":42},{"not_picked":["Deadly Poison","Dagger Throw+1"],"picked":"All Out Attack+1","floor":44},{"not_picked":["Distraction","Backflip+1","Heel Hook"],"picked":"SKIP","floor":46},{"not_picked":["Deflect","Backflip"],"picked":"Catalyst+1","floor":47},{"not_picked":["Dagger Throw+1","After Image","PiercingWail+1"],"picked":"SKIP","floor":48},{"not_picked":["Sucker Punch+1","Dodge and Roll"],"picked":"Crippling Poison+1","floor":49}],"player_experience":84791,"relics_obtained":[{"floor":6,"key":"Mercury Hourglass"},{"floor":9,"key":"Bottled Flame"},{"floor":12,"key":"Letter Opener"},{"floor":24,"key":"Bag of Preparation"},{"floor":26,"key":"Tiny Chest"},{"floor":38,"key":"Ginger"},{"floor":40,"key":"Pear"},{"floor":43,"key":"Ancient Tea Set"},{"floor":48,"key":"Dream Catcher"}],"event_choices":[{"damage_healed":0,"gold_gain":0,"player_choice":"Take Damage","damage_taken":17,"relics_obtained":["Golden Idol"],"max_hp_gain":0,"max_hp_loss":0,"event_name":"Golden Idol","floor":2,"gold_loss":0},{"damage_healed":0,"gold_gain":0,"cards_transformed":["Defend_G"],"player_choice":"Transformed","damage_taken":0,"max_hp_gain":0,"max_hp_loss":0,"event_name":"Transmorgrifier","floor":3,"gold_loss":0,"cards_obtained":["Bullet Time"]},{"damage_healed":0,"gold_gain":0,"player_choice":"Box","damage_taken":0,"relics_obtained":["Ninja Scroll"],"max_hp_gain":0,"max_hp_loss":0,"event_name":"Big Fish","floor":5,"gold_loss":0,"cards_obtained":["Regret"]},{"damage_healed":0,"gold_gain":0,"player_choice":"Got Potions","damage_taken":0,"max_hp_gain":0,"max_hp_loss":0,"event_name":"Lab","floor":21,"gold_loss":0},{"damage_healed":0,"gold_gain":0,"cards_transformed":["Defend_G","Defend_G"],"player_choice":"Became Test Subject","damage_taken":0,"max_hp_gain":0,"max_hp_loss":0,"event_name":"Drug Dealer","floor":30,"gold_loss":0,"cards_obtained":["Deflect","Venomology"]},{"damage_healed":0,"gold_gain":0,"player_choice":"Ignored","damage_taken":0,"max_hp_gain":0,"max_hp_loss":0,"event_name":"Mysterious Sphere","floor":37,"gold_loss":0}],"is_beta":false,"boss_relics":[{"not_picked":["Lizard Tail","Ectoplasm"],"picked":"Snecko Eye"},{"not_picked":["Orrery","WristBlade"],"picked":"Sozu"}],"items_purged_floors":[20,27,39],"is_endless":false,"potions_floor_spawned":[4,8,11,19,22,24,31,33,36,47],"killed_by":"Awakened One","ascension_level":1}