{"gold_per_floor":[366,167,242,316,316,316,343,343,343,353,353,16,33,53,53,131,131,143,8,37,56,56,56,69,69,69,89,105,105,116,135,135,213,213,230,230,230,230,246,246,260,292,316,316,191,191,38,38,38,38],"floor_reached":50,"playtime":2139,"items_purged":["Parasite","Defend_R","Pain"],"score":822,"play_id":"bbcc7971-493c-48a5-8f24-3a92efdb8411","local_time":"20190211212835","is_ascension_mode":true,"campfire_choices":[{"data":"Uppercut","floor":6.0,"key":"SMITH"},{"floor":8.0,"key":"REST"},{"data":"Body Slam","floor":15.0,"key":"SMITH"},{"floor":23.0,"key":"REST"},{"floor":32.0,"key":"REST"},{"data":"Shrug It Off","floor":40.0,"key":"SMITH"},{"data":"Enlightenment","floor":44.0,"key":"SMITH"},{"floor":46.0,"key":"REST"},{"data":"Flame Barrier","floor":49.0,"key":"SMITH"}],"neow_cost":"CURSE","seed_source_timestamp":581648582556000,"circlet_count":0,"master_deck":["AscendersBane","Defend_R","Defend_R","Defend_R","Bash","Sword Boomerang","Shrug It Off","Uppercut+1","Body Slam+1","Shrug It Off+1","Carnage","Cleave","Dropkick","Reaper","Iron Wave","Flame Barrier+1","Anger","Bite","Bite","Bite","Bite","Bite","Spot Weakness+1","Injury","Barricade","Thunderclap","Seeing Red+1","Reaper","Madness","Enlightenment+1","Madness","Madness","Battle Trance"],"special_seed":0,"relics":["Burning Blood","Bag of Preparation","Shuriken","Question Card","Magic Flower","Cursed Key","Red Mask","Ice Cream","Lizard Tail","Champion Belt","Bag of Marbles","Oddly Smooth Stone"],"potions_floor_usage":[50,50,50,50],"damage_taken":[{"damage":0.0,"enemies":"Small Slimes","floor":1.0,"turns":3.0},{"damage":29.0,"enemies":"3 Sentries","floor":7.0,"turns":8.0},{"damage":1.0,"enemies":"2 Louse","floor":10.0,"turns":3.0},{"damage":9.0,"enemies":"Jaw Worm","floor":13.0,"turns":3.0},{"damage":0.0,"enemies":"Large Slime","floor":14.0,"turns":5.0},{"damage":58.0,"enemies":"The Guardian","floor":16.0,"turns":14.0},{"damage":41.0,"enemies":"2 Thieves","floor":18.0,"turns":4.0},{"damage":59.0,"enemies":"Masked Bandits","floor":20.0,"turns":5.0},{"damage":0.0,"enemies":"Chosen","floor":21.0,"turns":4.0},{"damage":25.0,"enemies":"Sentry and Sphere","floor":24.0,"turns":4.0},{"damage":18.0,"enemies":"Shelled Parasite and Fungi","floor":27.0,"turns":4.0},{"damage":29.0,"enemies":"Snake Plant","floor":28.0,"turns":4.0},{"damage":13.0,"enemies":"3 Cultists","floor":30.0,"turns":4.0},{"damage":29.0,"enemies":"Sentry and Sphere","floor":31.0,"turns":5.0},{"damage":64.0,"enemies":"Champ","floor":33.0,"turns":8.0},{"damage":80.0,"enemies":"3 Darklings","floor":35.0,"turns":9.0},{"damage":3.0,"enemies":"3 Shapes","floor":39.0,"turns":6.0},{"damage":66.0,"enemies":"Transient","floor":41.0,"turns":5.0},{"damage":80.0,"enemies":"Reptomancer","floor":42.0,"turns":8.0},{"damage":66,"enemies":"Time Eater","floor":50,"turns":5}],"seed_played":"-1180180476618199114","potions_obtained":[{"floor":1.0,"key":"Explosive Potion"},{"floor":10.0,"key":"Swift Potion"},{"floor":14.0,"key":"Poison Potion"},{"floor":20.0,"key":"FearPotion"},{"floor":24.0,"key":"SkillPotion"},{"floor":28.0,"key":"Block Potion"},{"floor":41.0,"key":"EssenceOfSteel"},{"floor":48.0,"key":"PowerPotion"},{"floor":48.0,"key":"EntropicBrew"}],"is_trial":false,"path_per_floor":["M","$","?","?","?","R","E","R","T","M","?","$","M","M","R","B",null,"M","$","?","M","?","R","M","$","T","M","M","?","M","M","R","B",null,"M","?","?","?","M","R","M","E","T","R","$","R","$","?","R","B"],"character_chosen":"IRONCLAD","items_purchased":["Shrug It Off","Uppercut","Magic Flower","Carnage","Flame Barrier","Oddly Smooth Stone"],"campfire_rested":4,"item_purchase_floors":[2,2,12,12,19,47],"current_hp_per_floor":[78,77,66,66,48,48,25,48,48,53,53,53,53,62,62,13,61,44,44,17,35,35,50,43,43,43,53,39,53,53,36,51,53,53,53,48,41,41,53,53,48,28,28,28,28,43,43,43,43,0],"gold":38,"neow_bonus":"TWO_FIFTY_GOLD","is_prod":false,"is_daily":false,"chose_seed":false,"campfire_upgraded":5,"win_rate":0,"timestamp":1549938515,"path_taken":["M","$","?","?","?","R","E","R","T","M","?","$","M","M","R","BOSS","M","?","?","M","?","R","M","?","T","M","M","?","?","M","R","BOSS","M","?","?","?","?","R","M","E","T","R","$","R","$","?","R","BOSS"],"build_version":"2019-02-06","purchased_purges":3,"victory":false,"max_hp_per_floor":[80,77,77,77,77,77,77,77,77,77,77,77,77,77,77,77,77,77,77,77,77,53,53,53,53,53,53,53,53,53,53,53,53,53,53,53,53,53,53,53,53,53,53,53,53,53,53,53,53,53],"card_choices":[{"not_picked":["Havoc","Flex"],"picked":"Sword Boomerang","floor":1.0},{"not_picked":["Berserk","Evolve"],"picked":"Body Slam","floor":7.0},{"not_picked":["Shockwave","True Grit","Armaments"],"picked":"Shrug It Off","floor":10.0},{"not_picked":["Power Through","Wild Strike","Intimidate"],"picked":"Cleave","floor":13.0},{"not_picked":["Heavy Blade","Havoc","Body Slam"],"picked":"Dropkick","floor":14.0},{"not_picked":["Fiend Fire","Feed","Exhume"],"picked":"Reaper","floor":16.0},{"not_picked":["Shrug It Off","Entrench","Body Slam"],"picked":"Iron Wave","floor":18.0},{"not_picked":["Corruption","Heavy Blade","Perfected Strike"],"picked":"Anger","floor":21.0},{"not_picked":["Anger","Evolve+1","Clash"],"picked":"Spot Weakness+1","floor":24.0},{"not_picked":["Warcry","Flex","Sword Boomerang"],"picked":"Barricade","floor":27.0},{"not_picked":["Iron Wave","Armaments","Second Wind"],"picked":"Thunderclap","floor":28.0},{"not_picked":["Twin Strike","Evolve","Wild Strike"],"picked":"Seeing Red","floor":30.0},{"not_picked":["Reckless Charge","Burning Pact","Headbutt","Body Slam"],"picked":"SKIP","floor":31.0},{"not_picked":["Brutality","Barricade","Immolate"],"picked":"Reaper","floor":33.0},{"not_picked":["Havoc","Pommel Strike+1","Clothesline+1","Rupture"],"picked":"SKIP","floor":35.0},{"not_picked":["Mind Blast","Purity","The Bomb"],"picked":"Madness","floor":36.0},{"not_picked":["Madness","PanicButton","Swift Strike"],"picked":"Enlightenment","floor":36.0},{"not_picked":["Dual Wield","True Grit+1","Armaments","Searing Blow"],"picked":"SKIP","floor":39.0},{"not_picked":["Hemokinesis+1","Clothesline","Perfected Strike"],"picked":"Battle Trance","floor":41.0},{"not_picked":["Dual Wield+1","Berserk","Clothesline","Clash"],"picked":"SKIP","floor":42.0}],"player_experience":588535,"relics_obtained":[{"floor":7.0,"key":"Shuriken"},{"floor":9.0,"key":"Question Card"},{"floor":20.0,"key":"Red Mask"},{"floor":26.0,"key":"Ice Cream"},{"floor":42.0,"key":"Champion Belt"},{"floor":43.0,"key":"Bag of Marbles"}],"event_choices":[{"damage_healed":0.0,"max_hp_gain":0.0,"max_hp_loss":0.0,"gold_gain":75.0,"event_name":"World of Goop","player_choice":"Gather Gold","floor":3.0,"gold_loss":0.0,"damage_taken":11.0},{"damage_healed":0.0,"max_hp_gain":0.0,"max_hp_loss":0.0,"gold_gain":74.0,"event_name":"Golden Wing","player_choice":"Gained Gold","floor":4.0,"gold_loss":0.0,"damage_taken":0.0},{"damage_healed":0.0,"max_hp_gain":0.0,"max_hp_loss":0.0,"gold_gain":0.0,"event_name":"Scrap Ooze","player_choice":"Success","floor":5.0,"gold_loss":0.0,"damage_taken":18.0,"relics_obtained":["Bag of Preparation"]},{"cards_removed":["Strike_R"],"damage_healed":0.0,"max_hp_gain":0.0,"max_hp_loss":0.0,"gold_gain":0.0,"event_name":"Purifier","player_choice":"Purged","floor":11.0,"gold_loss":0.0,"damage_taken":0.0},{"damage_healed":0.0,"max_hp_gain":0.0,"max_hp_loss":0.0,"gold_gain":0.0,"event_name":"Masked Bandits","player_choice":"Fought Bandits","floor":20.0,"gold_loss":0.0,"damage_taken":0.0},{"damage_healed":0.0,"max_hp_gain":0.0,"max_hp_loss":24.0,"gold_gain":0.0,"event_name":"Vampires","player_choice":"Became a vampire","floor":22.0,"gold_loss":0.0,"damage_taken":0.0,"cards_obtained":["Bite","Bite","Bite","Bite","Bite"]},{"damage_healed":17.0,"max_hp_gain":0.0,"max_hp_loss":0.0,"gold_gain":0.0,"event_name":"The Library","player_choice":"Heal","floor":29.0,"gold_loss":0.0,"damage_taken":0.0},{"damage_healed":0.0,"max_hp_gain":0.0,"max_hp_loss":0.0,"gold_gain":0.0,"event_name":"SensoryStone","player_choice":"Memory 2","floor":36.0,"gold_loss":0.0,"damage_taken":5.0},{"damage_healed":0.0,"max_hp_gain":0.0,"max_hp_loss":0.0,"gold_gain":0.0,"event_name":"Winding Halls","player_choice":"Embrace Madness","floor":37.0,"gold_loss":0.0,"damage_taken":7.0,"cards_obtained":["Madness","Madness"]},{"damage_healed":0.0,"max_hp_gain":0.0,"max_hp_loss":0.0,"gold_gain":0.0,"event_name":"Upgrade Shrine","player_choice":"Upgraded","floor":38.0,"gold_loss":0.0,"damage_taken":0.0,"cards_upgraded":["Seeing Red"]},{"damage_healed":0.0,"max_hp_gain":0.0,"max_hp_loss":0.0,"gold_gain":0.0,"event_name":"Lab","player_choice":"Got Potions","floor":48.0,"gold_loss":0.0,"damage_taken":0.0}],"is_beta":true,"boss_relics":[{"not_picked":["Tiny House","Ectoplasm"],"picked":"Cursed Key"},{"not_picked":["Runic Cube","Snecko Eye"],"picked":"Lizard Tail"}],"items_purged_floors":[2,19,45],"is_endless":false,"potions_floor_spawned":[1,10,14,20,24,28,30,41],"killed_by":"Time Eater","ascension_level":13}