{"gold_per_floor":[110,9,9,26,41,41,73,90,115,115,131,147,147,177,177,282,282,296,73,90,106,124,124,124],"floor_reached":24,"playtime":1751,"items_purged":["Strike_B"],"score":242,"play_id":"e5f740a1-ee17-46d3-a559-92dea78c023d","local_time":"20190111232621","is_ascension_mode":true,"campfire_choices":[{"data":"Zap","floor":6.0,"key":"SMITH"},{"data":"Go for the Eyes","floor":10.0,"key":"SMITH"},{"data":"Redo","floor":15,"key":"SMITH"},{"data":"Capacitor","floor":23,"key":"SMITH"}],"neow_cost":"TEN_PERCENT_HP_LOSS","seed_source_timestamp":0,"circlet_count":0,"master_deck":["Defend_B","Defend_B","Defend_B+1","Defend_B","Zap+1","Dualcast+1","All For One","Redo+1","Gash","Go for the Eyes+1","FTL","Rebound","Go for the Eyes","Capacitor+1","Gash","Steam","Echo Form","Rebound+1","Reinforced Body","Leap","Gash"],"special_seed":0,"relics":["Cracked Core","DataDisk","War Paint","Centennial Puzzle","Nuclear Battery","Happy Flower"],"potions_floor_usage":[22,24],"damage_taken":[{"damage":0.0,"enemies":"Small Slimes","floor":1.0,"turns":3.0},{"damage":0.0,"enemies":"Cultist","floor":4.0,"turns":2.0},{"damage":2.0,"enemies":"Jaw Worm","floor":5.0,"turns":2.0},{"damage":13.0,"enemies":"Gremlin Nob","floor":7.0,"turns":3.0},{"damage":0.0,"enemies":"Blue Slaver","floor":8.0,"turns":2.0},{"damage":13.0,"enemies":"3 Louse","floor":11.0,"turns":2.0},{"damage":0.0,"enemies":"Large Slime","floor":12.0,"turns":3.0},{"damage":9.0,"enemies":"Lagavulin","floor":14.0,"turns":3.0},{"damage":2,"enemies":"Slime Boss","floor":16,"turns":5},{"damage":16,"enemies":"3 Byrds","floor":18,"turns":3},{"damage":0,"enemies":"Chosen","floor":20,"turns":4},{"damage":9,"enemies":"Shelled Parasite and Fungi","floor":21,"turns":5},{"damage":5,"enemies":"Cultist and Chosen","floor":22,"turns":4},{"damage":38,"enemies":"Book of Stabbing","floor":24,"turns":4}],"seed_played":"-4272507361383395293","potions_obtained":[{"floor":4.0,"key":"EssenceOfSteel"},{"floor":5.0,"key":"Strength Potion"},{"floor":11.0,"key":"Explosive Potion"},{"floor":14.0,"key":"Fire Potion"}],"is_trial":false,"path_per_floor":["M","$","?","M","M","R","E","M","T","R","M","M","?","E","R","B",null,"M","$","M","M","M","R","E"],"character_chosen":"DEFECT","items_purchased":["Go for the Eyes","Happy Flower","Reinforced Body"],"campfire_rested":0,"item_purchase_floors":[2,19,19],"current_hp_per_floor":[68,68,68,68,66,66,53,53,53,53,40,40,40,31,31,29,68,52,52,52,43,38,38,0],"gold":124,"neow_bonus":"TRANSFORM_TWO_CARDS","is_prod":false,"is_daily":false,"chose_seed":false,"campfire_upgraded":4,"win_rate":0,"timestamp":1547245581,"path_taken":["M","$","?","?","M","R","E","M","T","R","M","M","?","E","R","BOSS","M","$","M","M","M","R","E"],"build_version":"2019-01-10","purchased_purges":1,"victory":false,"max_hp_per_floor":[68,68,68,68,68,68,68,68,68,68,68,68,68,68,68,68,68,68,68,68,68,68,68,68],"card_choices":[{"not_picked":["Darkness","Capacitor"],"picked":"Gash","floor":1.0},{"not_picked":["Redo","Reprogram"],"picked":"FTL","floor":4.0},{"not_picked":["Blizzard","Cold Snap"],"picked":"Rebound","floor":5.0},{"not_picked":["Scrape","Blizzard"],"picked":"Go for the Eyes","floor":7.0},{"not_picked":["Go for the Eyes","Aggregate"],"picked":"Capacitor","floor":8.0},{"not_picked":["Static Discharge","Sweeping Beam"],"picked":"Gash","floor":11.0},{"not_picked":["Coolheaded","Buffer"],"picked":"Steam","floor":12.0},{"not_picked":["Sweeping Beam","Aggregate","Barrage"],"picked":"SKIP","floor":14.0},{"not_picked":["Multi-Cast","Thunder Strike"],"picked":"Echo Form","floor":16},{"not_picked":["Consume","Heatsinks"],"picked":"Rebound+1","floor":18},{"not_picked":["Doom and Gloom","Ball Lightning"],"picked":"Leap","floor":20},{"not_picked":["Ball Lightning","FTL+1"],"picked":"Gash","floor":21},{"not_picked":["Compile Driver+1","Coolheaded","Barrage"],"picked":"SKIP","floor":22}],"player_experience":253873,"relics_obtained":[{"floor":7.0,"key":"DataDisk"},{"floor":9.0,"key":"War Paint"},{"floor":14.0,"key":"Centennial Puzzle"}],"event_choices":[{"damage_healed":0.0,"max_hp_gain":0.0,"max_hp_loss":0.0,"gold_gain":0.0,"event_name":"Wheel of Change","player_choice":"Full Heal","floor":3.0,"gold_loss":0.0,"damage_taken":0.0},{"cards_removed":["Strike_B"],"damage_healed":0.0,"max_hp_gain":0.0,"max_hp_loss":0.0,"gold_gain":0.0,"event_name":"Living Wall","player_choice":"Forget","floor":13.0,"gold_loss":0.0,"damage_taken":0.0}],"is_beta":false,"boss_relics":[{"not_picked":["Philosopher\u0027s Stone","Velvet Choker"],"picked":"Nuclear Battery"}],"items_purged_floors":[2],"is_endless":false,"potions_floor_spawned":[4,5,11,14,18],"killed_by":"Book of Stabbing","ascension_level":3}