{"gold_per_floor":[111,128,142,161,161,493,503,514,539,301,301,301,320,334,334,438,438,456,466,47,67,67,67,99,99,99,110,130,130,130,145,145,145],"floor_reached":33,"playtime":1939,"items_purged":["Defend_R","Defend_R"],"score":323,"play_id":"faa1dec7-500c-48ce-8cd0-d4f34077f8cd","local_time":"20181227175759","is_ascension_mode":false,"campfire_choices":[{"data":"Flex","floor":12,"key":"SMITH"},{"data":"Rampage","floor":15,"key":"SMITH"},{"data":"Fiend Fire","floor":23,"key":"SMITH"},{"data":"Double Tap","floor":25,"key":"SMITH"},{"data":"Rage","floor":30,"key":"SMITH"},{"data":"Cleave","floor":32,"key":"SMITH"}],"neow_cost":"NONE","seed_source_timestamp":601445386213334,"circlet_count":0,"master_deck":["Strike_R+1","Strike_R+1","Strike_R+1","Strike_R+1","Strike_R+1","Defend_R+1","Bash","Pommel Strike","Flex+1","Heavy Blade+1","Rampage+1","Offering","Ghostly Armor","Dark Shackles","Dropkick","Clash","Inflame","Fiend Fire+1","Cleave+1","Double Tap+1","Iron Wave","Wild Strike","Rage+1","Sword Boomerang+1","Spot Weakness+1"],"relics":["Burning Blood","Old Coin","Bag of Marbles","Runic Cube","Vajra","Boot","Bottled Lightning"],"potions_floor_usage":[6,8,24,27,27,33],"damage_taken":[{"damage":2,"enemies":"2 Louse","floor":1,"turns":3},{"damage":6,"enemies":"Jaw Worm","floor":2,"turns":3},{"damage":1,"enemies":"Cultist","floor":3,"turns":3},{"damage":17,"enemies":"3 Louse","floor":4,"turns":4},{"damage":30,"enemies":"3 Sentries","floor":6,"turns":7},{"damage":11,"enemies":"Blue Slaver","floor":7,"turns":4},{"damage":19,"enemies":"Exordium Thugs","floor":8,"turns":4},{"damage":6,"enemies":"Lots of Slimes","floor":13,"turns":2},{"damage":7,"enemies":"Large Slime","floor":14,"turns":2},{"damage":6,"enemies":"Slime Boss","floor":16,"turns":3},{"damage":12,"enemies":"2 Thieves","floor":18,"turns":3},{"damage":7,"enemies":"Shell Parasite","floor":19,"turns":2},{"damage":7,"enemies":"Shelled Parasite and Fungi","floor":21,"turns":2},{"damage":30,"enemies":"Gremlin Leader","floor":24,"turns":3},{"damage":6,"enemies":"Sentry and Sphere","floor":27,"turns":2},{"damage":0,"enemies":"Snake Plant","floor":28,"turns":2},{"damage":6,"enemies":"Cultist and Chosen","floor":31,"turns":3},{"damage":64,"enemies":"Collector","floor":33,"turns":5}],"seed_played":"7738452345033669328","potions_obtained":[{"floor":3,"key":"Regen Potion"},{"floor":4,"key":"Strength Potion"},{"floor":13,"key":"GamblersBrew"},{"floor":16,"key":"GamblersBrew"},{"floor":18,"key":"Strength Potion"},{"floor":21,"key":"Block Potion"},{"floor":28,"key":"SteroidPotion"}],"is_trial":false,"path_per_floor":["M","M","M","M","?","E","M","M","T","$","?","R","M","M","R","B",null,"M","M","$","M","?","R","E","R","T","M","M","?","R","M","R","B"],"character_chosen":"IRONCLAD","items_purchased":["Dark Shackles","Dropkick","Vajra","Double Tap","Iron Wave","Wild Strike"],"campfire_rested":0,"item_purchase_floors":[10,10,20,20,20,20],"current_hp_per_floor":[80,80,80,69,69,45,40,39,39,39,31,31,31,30,30,30,80,74,73,73,72,72,72,48,48,48,48,54,54,54,54,54,0],"gold":145,"neow_bonus":"REMOVE_CARD","is_prod":false,"is_daily":false,"chose_seed":false,"campfire_upgraded":6,"win_rate":0.0,"timestamp":1545962279,"path_taken":["M","M","M","M","?","E","M","M","T","$","?","R","M","M","R","BOSS","M","M","?","M","?","R","E","R","T","M","M","?","R","M","R","BOSS"],"build_version":"2018-12-20","purchased_purges":2,"victory":false,"max_hp_per_floor":[80,80,80,80,80,80,80,80,80,80,80,80,80,80,80,80,80,80,80,80,80,80,80,80,80,80,80,80,80,80,80,80,80],"card_choices":[{"not_picked":["Second Wind","Bloodletting"],"picked":"Pommel Strike","floor":1},{"not_picked":["Sever Soul","Cleave"],"picked":"Flex","floor":2},{"not_picked":["Thunderclap","True Grit","Corruption"],"picked":"SKIP","floor":3},{"not_picked":["Bloodletting","Wild Strike"],"picked":"Heavy Blade","floor":4},{"not_picked":["Sword Boomerang","Fire Breathing"],"picked":"Rampage","floor":6},{"not_picked":["Sever Soul","Evolve"],"picked":"Offering","floor":7},{"not_picked":["Heavy Blade","Headbutt"],"picked":"Ghostly Armor","floor":8},{"not_picked":["Pommel Strike","Armaments"],"picked":"Clash","floor":13},{"not_picked":["Ghostly Armor","Sword Boomerang"],"picked":"Inflame","floor":14},{"not_picked":["Dark Embrace","Brutality"],"picked":"Fiend Fire","floor":16},{"not_picked":["Corruption","Inflame"],"picked":"Cleave","floor":18},{"not_picked":["Cleave","Shrug It Off","True Grit"],"picked":"SKIP","floor":19},{"not_picked":["Twin Strike","Shrug It Off","Anger"],"picked":"SKIP","floor":21},{"not_picked":["Body Slam","Brutality"],"picked":"Sword Boomerang+1","floor":24},{"not_picked":["Armaments","Headbutt","Flex"],"picked":"SKIP","floor":27},{"not_picked":["Power Through","Pommel Strike+1"],"picked":"Spot Weakness+1","floor":28},{"not_picked":["Disarm","Flame Barrier","Bloodletting"],"picked":"SKIP","floor":31}],"player_experience":25089,"relics_obtained":[{"floor":6,"key":"Old Coin"},{"floor":9,"key":"Bag of Marbles"},{"floor":24,"key":"Boot"},{"floor":26,"key":"Bottled Lightning"}],"event_choices":[{"damage_healed":0,"gold_gain":0,"player_choice":"Grow","damage_taken":0,"max_hp_gain":0,"max_hp_loss":0,"event_name":"Living Wall","floor":5,"gold_loss":0,"cards_upgraded":["Heavy Blade"]},{"damage_healed":0,"gold_gain":0,"player_choice":"Damaged","damage_taken":8,"max_hp_gain":0,"max_hp_loss":0,"event_name":"Wheel of Change","floor":11,"gold_loss":0},{"damage_healed":0,"gold_gain":0,"player_choice":"Read","damage_taken":0,"max_hp_gain":0,"max_hp_loss":0,"event_name":"The Library","floor":22,"gold_loss":0,"cards_obtained":["Rage"]},{"damage_healed":0,"gold_gain":0,"player_choice":"Simplicity","damage_taken":0,"max_hp_gain":0,"max_hp_loss":0,"event_name":"Back to Basics","floor":29,"gold_loss":0,"cards_upgraded":["Strike_R","Strike_R","Strike_R","Strike_R","Strike_R","Defend_R"]}],"is_beta":false,"boss_relics":[{"not_picked":["Velvet Choker","Runic Pyramid"],"picked":"Runic Cube"}],"items_purged_floors":[10,20],"is_endless":false,"potions_floor_spawned":[3,4,13,16,18,21,28],"killed_by":"Collector","ascension_level":0}