{"gold_per_floor":[113,131,56,69,89,89,89,89,89,117,117,148,158,158,158,233,233,210,229,10,20,20],"floor_reached":22,"playtime":2605,"items_purged":[],"score":363,"play_id":"6f4a2687-3aef-45af-9c32-cc2b68f89faf","local_time":"20190201225812","is_ascension_mode":true,"campfire_choices":[{"data":"Body Slam","floor":6,"key":"SMITH"},{"data":"Flame Barrier","floor":8,"key":"SMITH"},{"data":"Bash","floor":11,"key":"SMITH"},{"data":"Evolve","floor":15,"key":"SMITH"}],"neow_cost":"NONE","seed_source_timestamp":534919527039804,"circlet_count":0,"master_deck":["AscendersBane","Strike_R","Strike_R","Defend_R","Defend_R","Defend_R","Defend_R","Bash+1","Dropkick","Body Slam+1","Power Through","Flame Barrier+1","Pummel","Immolate","Evolve+1","Exhume","Headbutt+1","Pommel Strike","Shrug It Off","Shrug It Off"],"relics":["Burning Blood","Vajra","Kunai","Orichalcum","Lizard Tail","Red Skull"],"potions_floor_usage":[5,22],"damage_taken":[{"damage":1,"enemies":"Small Slimes","floor":1,"turns":4},{"damage":8,"enemies":"2 Louse","floor":2,"turns":2},{"damage":2,"enemies":"Cultist","floor":4,"turns":4},{"damage":1,"enemies":"2 Fungi Beasts","floor":5,"turns":4},{"damage":35,"enemies":"3 Sentries","floor":10,"turns":11},{"damage":16,"enemies":"Gremlin Nob","floor":12,"turns":4},{"damage":0,"enemies":"Red Slaver","floor":13,"turns":3},{"damage":27,"enemies":"Hexaghost","floor":16,"turns":9},{"damage":8,"enemies":"2 Thieves","floor":18,"turns":4},{"damage":22,"enemies":"Chosen","floor":19,"turns":4},{"damage":51,"enemies":"Snecko","floor":21,"turns":7},{"damage":50,"enemies":"Masked Bandits","floor":22,"turns":3}],"seed_played":"-3140438603975824373","potions_obtained":[{"floor":2,"key":"Block Potion"},{"floor":4,"key":"Dexterity Potion"},{"floor":19,"key":"Poison Potion"}],"is_trial":false,"path_per_floor":["M","M","?","M","M","R","?","R","T","E","R","E","M","?","R","B",null,"M","M","$","M","?"],"character_chosen":"IRONCLAD","items_purchased":["Red Skull","Shrug It Off"],"campfire_rested":0,"item_purchase_floors":[20,20],"current_hp_per_floor":[80,78,78,82,82,82,82,82,82,53,53,43,49,49,49,28,69,67,51,51,47,0],"gold":20,"neow_bonus":"TEN_PERCENT_HP_BONUS","is_prod":false,"is_daily":false,"chose_seed":false,"campfire_upgraded":4,"win_rate":0,"timestamp":1549079892,"path_taken":["M","M","?","M","M","R","?","R","T","E","R","E","?","?","R","BOSS","M","M","?","?","?"],"build_version":"2019-01-23","purchased_purges":0,"victory":false,"max_hp_per_floor":[82,82,82,82,82,82,82,82,82,82,82,82,82,82,82,82,82,82,82,82,82,82],"card_choices":[{"not_picked":["Flex","Combust"],"picked":"Dropkick","floor":1},{"not_picked":["Seeing Red","Clash"],"picked":"Body Slam","floor":2},{"not_picked":["Warcry","Rage"],"picked":"Power Through","floor":4},{"not_picked":["Sword Boomerang","Body Slam"],"picked":"Flame Barrier","floor":5},{"not_picked":["Clothesline","Iron Wave"],"picked":"Pummel","floor":10},{"not_picked":["Rupture","Clash"],"picked":"Immolate","floor":12},{"not_picked":["Rampage","Disarm"],"picked":"Evolve","floor":13},{"not_picked":["Berserk","Limit Break"],"picked":"Exhume","floor":16},{"not_picked":["Havoc+1","Clothesline"],"picked":"Headbutt+1","floor":18},{"not_picked":["Anger","Flame Barrier"],"picked":"Pommel Strike","floor":19},{"not_picked":["Havoc","Twin Strike"],"picked":"Shrug It Off","floor":21}],"player_experience":966597,"relics_obtained":[{"floor":9,"key":"Vajra"},{"floor":10,"key":"Kunai"},{"floor":12,"key":"Orichalcum"}],"event_choices":[{"cards_removed":["Strike_R"],"damage_healed":0,"gold_gain":0,"player_choice":"Card Removal","damage_taken":0,"max_hp_gain":0,"max_hp_loss":0,"event_name":"The Cleric","floor":3,"gold_loss":75},{"cards_removed":["Strike_R"],"damage_healed":0,"gold_gain":0,"player_choice":"Offered Basic","damage_taken":0,"max_hp_gain":0,"max_hp_loss":0,"event_name":"Bonfire Elementals","floor":7,"gold_loss":0},{"cards_removed":["Strike_R"],"damage_healed":0,"gold_gain":0,"player_choice":"Purged","damage_taken":0,"max_hp_gain":0,"max_hp_loss":0,"event_name":"Purifier","floor":14,"gold_loss":0},{"damage_healed":0,"gold_gain":0,"player_choice":"Fought Bandits","damage_taken":0,"max_hp_gain":0,"max_hp_loss":0,"event_name":"Masked Bandits","floor":22,"gold_loss":0}],"is_beta":false,"boss_relics":[{"not_picked":["Runic Pyramid","Tiny House"],"picked":"Lizard Tail"}],"items_purged_floors":[],"is_endless":false,"potions_floor_spawned":[2,4,19],"killed_by":"Masked Bandits","ascension_level":17}