{"gold_per_floor":[361,375,325,62,73,73,101,101,101,101,119,119,150,160,160,160],"floor_reached":16,"playtime":1222,"items_purged":["Strike_R"],"score":154,"play_id":"32ab638a-c324-4e76-9355-639ae02c703d","local_time":"20181003221425","is_ascension_mode":true,"campfire_choices":[{"data":"Armaments","floor":6,"key":"SMITH"},{"floor":12,"key":"REST"},{"floor":15,"key":"REST"}],"neow_cost":"TEN_PERCENT_HP_LOSS","seed_source_timestamp":6811968073313,"circlet_count":0,"master_deck":["Strike_R","Strike_R","Strike_R","Strike_R","Defend_R","Defend_R","Bash","Shrug It Off","Armaments+1","Secret Weapon","Metallicize","Reckless Charge","Inflame","Intimidate","Reaper"],"relics":["Burning Blood","The Courier","Centennial Puzzle","Gremlin Horn","Lantern"],"potions_floor_usage":[16,16],"damage_taken":[{"damage":9,"enemies":"Jaw Worm","floor":1,"turns":4},{"damage":0,"enemies":"Small Slimes","floor":2,"turns":5},{"damage":5,"enemies":"Cultist","floor":5,"turns":4},{"damage":54,"enemies":"Gremlin Nob","floor":7,"turns":6},{"damage":8,"enemies":"Lots of Slimes","floor":11,"turns":5},{"damage":26,"enemies":"3 Sentries","floor":13,"turns":10},{"damage":0,"enemies":"2 Fungi Beasts","floor":14,"turns":3},{"damage":46,"enemies":"Hexaghost","floor":16,"turns":12}],"seed_played":"-5599795686841174959","potions_obtained":[{"floor":5,"key":"Strength Potion"},{"floor":14,"key":"SpeedPotion"}],"is_trial":false,"path_per_floor":["M","M","?","$","M","R","E","?","T","?","M","R","E","M","R"],"character_chosen":"IRONCLAD","items_purchased":["Secret Weapon"],"campfire_rested":2,"item_purchase_floors":[4],"current_hp_per_floor":[69,72,72,72,72,72,24,12,12,12,10,31,11,17,38,0],"gold":160,"neow_bonus":"TWO_FIFTY_GOLD","is_prod":false,"is_daily":false,"chose_seed":false,"campfire_upgraded":1,"win_rate":0,"timestamp":1538619265,"path_taken":["M","M","?","$","?","R","E","?","T","?","?","R","E","M","R","BOSS"],"build_version":"2018-09-27","purchased_purges":1,"victory":false,"max_hp_per_floor":[72,72,72,72,72,72,72,72,72,72,72,72,72,72,72,72],"card_choices":[{"not_picked":["Cleave","Clash"],"picked":"Shrug It Off","floor":1},{"not_picked":["Pommel Strike","Iron Wave"],"picked":"Armaments","floor":2},{"not_picked":["Rampage","Pummel"],"picked":"Metallicize","floor":5},{"not_picked":["Wild Strike","Evolve"],"picked":"Reckless Charge","floor":7},{"not_picked":["Pommel Strike","Disarm"],"picked":"Inflame","floor":11},{"not_picked":["Burning Pact","Flex"],"picked":"Intimidate","floor":13},{"not_picked":["Pommel Strike","Disarm"],"picked":"Reaper","floor":14}],"player_experience":552729,"relics_obtained":[{"floor":7,"key":"The Courier"},{"floor":9,"key":"Gremlin Horn"},{"floor":13,"key":"Lantern"}],"event_choices":[{"event_name":"The Cleric","player_choice":"Card Removal","floor":3,"damage_taken":0},{"event_name":"Scrap Ooze","player_choice":"success","floor":8,"damage_taken":12},{"event_name":"Purifier","player_choice":"One Purge","floor":10,"damage_taken":0}],"is_beta":false,"boss_relics":[],"items_purged_floors":[4],"is_endless":false,"potions_floor_spawned":[5,14],"killed_by":"Hexaghost","ascension_level":8}