{"gold_per_floor":[18,29,48,48,4,32,32,32,57,57,57,67,101,120,120,197,197,209,209,129,129,129,129,146,61,61,61,87,87,87],"floor_reached":30,"playtime":1573,"items_purged":[],"score":495,"play_id":"1c2b6400-a6c7-468b-b71a-fe49757bee22","local_time":"20190212123012","is_ascension_mode":true,"campfire_choices":[{"data":"Glass Knife","floor":8,"key":"SMITH"},{"data":"Footwork","floor":15,"key":"SMITH"},{"data":"Well Laid Plans","floor":23,"key":"SMITH"},{"data":"Leg Sweep","floor":27,"key":"SMITH"}],"neow_cost":"NO_GOLD","seed_source_timestamp":329153744004900,"circlet_count":0,"master_deck":["AscendersBane","Defend_G","Defend_G","Defend_G","Defend_G","Defend_G","Strike_G","Strike_G","Strike_G","Strike_G","Strike_G","Survivor","Neutralize","Glass Knife+1","Poisoned Stab","Slice","Well Laid Plans+1","PiercingWail","Bouncing Flask","Footwork+1","Night Terror","Leg Sweep+1","Blur","Dash","After Image"],"relics":["Ring of the Snake","Omamori","Vajra","Snake Skull","Regal Pillow","Sozu","Thread and Needle","Incense Burner","Ancient Tea Set","Smiling Mask"],"potions_floor_usage":[13,13,16],"damage_taken":[{"damage":5,"enemies":"Small Slimes","floor":1,"turns":4},{"damage":1,"enemies":"2 Louse","floor":2,"turns":3},{"damage":0,"enemies":"Cultist","floor":3,"turns":3},{"damage":8,"enemies":"Gremlin Nob","floor":6,"turns":5},{"damage":0,"enemies":"Looter","floor":12,"turns":2},{"damage":1,"enemies":"3 Sentries","floor":13,"turns":7},{"damage":4,"enemies":"Lots of Slimes","floor":14,"turns":5},{"damage":11,"enemies":"Hexaghost","floor":16,"turns":11},{"damage":7,"enemies":"3 Byrds","floor":18,"turns":8},{"damage":9,"enemies":"2 Thieves","floor":20,"turns":4},{"damage":4,"enemies":"Snake Plant","floor":24,"turns":4},{"damage":18,"enemies":"Book of Stabbing","floor":28,"turns":7},{"damage":68,"enemies":"Gremlin Leader","floor":30,"turns":12}],"seed_played":"-1100598077698965842","potions_obtained":[{"floor":3,"key":"Explosive Potion"},{"floor":6,"key":"Strength Potion"},{"floor":13,"key":"Dexterity Potion"}],"is_trial":false,"path_per_floor":["M","M","M","?","?","E","?","R","T","?","$","M","E","M","R","B",null,"M","?","M","?","T","R","M","$","T","R","E","?","E"],"character_chosen":"THE_SILENT","items_purchased":["Dash"],"campfire_rested":0,"item_purchase_floors":[25],"current_hp_per_floor":[54,53,53,27,27,19,19,19,19,41,41,41,40,36,36,25,56,49,76,67,67,67,67,63,63,63,63,45,60,0],"gold":87,"neow_bonus":"THREE_RARE_CARDS","is_prod":false,"is_daily":false,"chose_seed":false,"campfire_upgraded":4,"win_rate":0,"timestamp":1549992612,"path_taken":["M","M","M","?","?","E","?","R","T","?","?","?","E","M","R","BOSS","M","?","?","?","?","R","?","$","T","R","E","?","E"],"build_version":"2019-01-23","purchased_purges":0,"victory":false,"max_hp_per_floor":[66,66,66,66,66,66,66,66,66,66,66,66,66,66,66,66,66,66,76,76,76,76,76,76,76,76,76,76,76,76],"card_choices":[{"not_picked":["Envenom","Venomology"],"picked":"Glass Knife","floor":0},{"not_picked":["Flying Knee","Slice"],"picked":"Poisoned Stab","floor":1},{"not_picked":["Catalyst","Blade Dance"],"picked":"Slice","floor":2},{"not_picked":["Distraction","Blade Dance"],"picked":"Wraith Form v2","floor":3},{"not_picked":["Deflect","Sucker Punch"],"picked":"Well Laid Plans","floor":6},{"not_picked":["Flechettes","Poisoned Stab"],"picked":"PiercingWail","floor":12},{"not_picked":["Quick Slash","Expertise"],"picked":"Bouncing Flask","floor":13},{"not_picked":["Dagger Spray","Dodge and Roll"],"picked":"Footwork","floor":14},{"not_picked":["Storm of Steel","Unload"],"picked":"Night Terror","floor":16},{"not_picked":["Setup","Riddle With Holes"],"picked":"Leg Sweep","floor":18},{"not_picked":["Choke","Deflect","Finisher"],"picked":"SKIP","floor":20},{"not_picked":["Outmaneuver","Blade Dance"],"picked":"Blur","floor":24},{"not_picked":["Acrobatics","Slice"],"picked":"After Image","floor":28}],"player_experience":1206291,"relics_obtained":[{"floor":6,"key":"Vajra"},{"floor":9,"key":"Snake Skull"},{"floor":13,"key":"Regal Pillow"},{"floor":22,"key":"Incense Burner"},{"floor":26,"key":"Ancient Tea Set"},{"floor":28,"key":"Smiling Mask"}],"event_choices":[{"damage_healed":0,"gold_gain":0,"player_choice":"Success","damage_taken":26,"relics_obtained":["Omamori"],"max_hp_gain":0,"max_hp_loss":0,"event_name":"Scrap Ooze","floor":4,"gold_loss":0},{"damage_healed":0,"gold_gain":0,"player_choice":"Left Gold","damage_taken":0,"max_hp_gain":0,"max_hp_loss":0,"event_name":"World of Goop","floor":5,"gold_loss":44},{"damage_healed":0,"gold_gain":0,"player_choice":"Ignored","damage_taken":0,"max_hp_gain":0,"max_hp_loss":0,"event_name":"Golden Wing","floor":7,"gold_loss":0},{"damage_healed":22,"gold_gain":0,"player_choice":"Banana","damage_taken":0,"max_hp_gain":0,"max_hp_loss":0,"event_name":"Big Fish","floor":10,"gold_loss":0},{"cards_removed":["Wraith Form v2"],"damage_healed":17,"gold_gain":0,"player_choice":"Offered Rare","damage_taken":0,"max_hp_gain":10,"max_hp_loss":0,"event_name":"Bonfire Elementals","floor":19,"gold_loss":0},{"damage_healed":0,"gold_gain":0,"player_choice":"Stole Relic","damage_taken":0,"relics_obtained":["Thread and Needle"],"max_hp_gain":0,"max_hp_loss":0,"event_name":"Addict","floor":21,"gold_loss":0,"cards_obtained":["Shame"]},{"damage_healed":15,"gold_gain":0,"player_choice":"Heal","damage_taken":0,"max_hp_gain":0,"max_hp_loss":0,"event_name":"The Library","floor":29,"gold_loss":0}],"is_beta":false,"boss_relics":[{"not_picked":["Tiny House","Fusion Hammer"],"picked":"Sozu"}],"items_purged_floors":[],"is_endless":false,"potions_floor_spawned":[3,6,13,18,24],"killed_by":"Gremlin Leader","ascension_level":19}