{"gold_per_floor":[114,114,114,134,154,194,194,237,285,285,210,229,272,295,295,391,391,411,411,434,434,484,484],"floor_reached":23,"playtime":1147,"items_purged":["Strike_B"],"score":518,"play_id":"0fa6b9a9-3aa8-439e-889d-ef731e87e423","local_time":"20190206215242","is_ascension_mode":true,"campfire_choices":[{"data":"Zap","floor":7,"key":"SMITH"},{"floor":10,"key":"REST"},{"data":"Defragment","floor":15,"key":"SMITH"}],"neow_cost":"NONE","seed_source_timestamp":1727103553803203,"circlet_count":0,"master_deck":["AscendersBane","Strike_B","Strike_B+1","Strike_B","Defend_B","Defend_B","Defend_B","Defend_B","Zap+1","Dualcast","Genetic Algorithm","Defragment+1","Gash+1","Seek","Sunder","Stack","Ball Lightning","Biased Cognition","Skim","Genetic Algorithm+1"],"relics":["Cracked Core","PreservedInsect","Golden Idol","Pear","Whetstone","Omamori","Pen Nib","Nuclear Battery"],"potions_floor_usage":[6,16,16],"damage_taken":[{"damage":1,"enemies":"Small Slimes","floor":1,"turns":3},{"damage":8,"enemies":"Jaw Worm","floor":4,"turns":5},{"damage":6,"enemies":"2 Louse","floor":5,"turns":3},{"damage":10,"enemies":"Lagavulin","floor":6,"turns":7},{"damage":32,"enemies":"Gremlin Nob","floor":8,"turns":4},{"damage":7,"enemies":"2 Fungi Beasts","floor":12,"turns":3},{"damage":4,"enemies":"Lagavulin","floor":13,"turns":5},{"damage":1,"enemies":"Exordium Wildlife","floor":14,"turns":4},{"damage":0,"enemies":"Slime Boss","floor":16,"turns":5},{"damage":40,"enemies":"Shell Parasite","floor":18,"turns":5},{"damage":0,"enemies":"Chosen","floor":20,"turns":2},{"damage":49,"enemies":"Slavers","floor":23,"turns":3}],"seed_played":"-2269303466923528821","potions_obtained":[{"floor":5,"key":"SkillPotion"},{"floor":6,"key":"Fire Potion"},{"floor":12,"key":"SmokeBomb"},{"floor":13,"key":"Strength Potion"},{"floor":16,"key":"FearPotion"},{"floor":20,"key":"Strength Potion"}],"is_trial":false,"path_per_floor":["M","?","?","M","M","E","R","E","T","R","$","M","E","M","R","B",null,"M","?","M","?","?","E"],"character_chosen":"DEFECT","items_purchased":[],"campfire_rested":1,"item_purchase_floors":[],"current_hp_per_floor":[63,63,63,55,49,49,49,17,17,39,39,32,28,27,27,27,62,22,37,37,37,37,0],"gold":484,"neow_bonus":"RANDOM_COMMON_RELIC","is_prod":false,"is_daily":false,"chose_seed":false,"campfire_upgraded":2,"win_rate":0,"timestamp":1549518762,"path_taken":["M","?","?","M","M","E","R","E","T","R","$","M","E","?","R","BOSS","M","?","M","?","?","E"],"build_version":"2019-01-23","purchased_purges":1,"victory":false,"max_hp_per_floor":[71,71,64,64,64,74,74,74,74,74,74,74,74,74,74,74,74,74,74,74,74,74,74],"card_choices":[{"not_picked":["Steam","Turbo"],"picked":"Genetic Algorithm","floor":1},{"not_picked":["Reprogram","Capacitor","Leap"],"picked":"SKIP","floor":4},{"not_picked":["Double Energy","Beam Cell"],"picked":"Defragment","floor":5},{"not_picked":["Loop","Steam Power"],"picked":"Gash","floor":6},{"not_picked":["Compile Driver","Chaos"],"picked":"Seek","floor":8},{"not_picked":["Beam Cell","Turbo"],"picked":"Sunder","floor":12},{"not_picked":["Rebound","Redo"],"picked":"Stack","floor":13},{"not_picked":["Barrage","Double Energy"],"picked":"Ball Lightning","floor":14},{"not_picked":["Echo Form","Seek"],"picked":"Biased Cognition","floor":16},{"not_picked":["Barrage","Redo"],"picked":"Skim","floor":18},{"not_picked":["Go for the Eyes","Ball Lightning+1"],"picked":"Genetic Algorithm+1","floor":20}],"player_experience":824648,"relics_obtained":[{"floor":6,"key":"Pear"},{"floor":8,"key":"Whetstone"},{"floor":9,"key":"Omamori"},{"floor":13,"key":"Pen Nib"}],"event_choices":[{"damage_healed":0,"gold_gain":0,"player_choice":"Ignored","damage_taken":0,"max_hp_gain":0,"max_hp_loss":0,"event_name":"Liars Game","floor":2,"gold_loss":0},{"damage_healed":0,"gold_gain":0,"player_choice":"Lose Max HP","damage_taken":0,"relics_obtained":["Golden Idol"],"max_hp_gain":0,"max_hp_loss":7,"event_name":"Golden Idol","floor":3,"gold_loss":0},{"damage_healed":15,"gold_gain":0,"player_choice":"Heal","damage_taken":0,"max_hp_gain":0,"max_hp_loss":0,"event_name":"The Library","floor":19,"gold_loss":0},{"damage_healed":0,"gold_gain":0,"player_choice":"Ignored","damage_taken":0,"max_hp_gain":0,"max_hp_loss":0,"event_name":"Vampires","floor":21,"gold_loss":0},{"damage_healed":0,"gold_gain":50,"player_choice":"Stole From Cult","damage_taken":0,"max_hp_gain":0,"max_hp_loss":0,"event_name":"Nest","floor":22,"gold_loss":0}],"is_beta":false,"boss_relics":[{"not_picked":["White Beast Statue","Calling Bell"],"picked":"Nuclear Battery"}],"items_purged_floors":[11],"is_endless":false,"potions_floor_spawned":[5,6,12,13,16,20],"killed_by":"Slavers","ascension_level":20}