{"gold_per_floor":[109,259,12,25,37,37,65,65,65,82,112,137,152,169,169,244,244,257,272,272,62,78,78,110,110,133,133,152,179,233,244,244,244],"floor_reached":33,"playtime":2805,"items_purged":["Doubt"],"score":644,"play_id":"6531381c-2fbe-48ef-aeb7-a6a0072a3c1e","local_time":"20190131200351","is_ascension_mode":true,"campfire_choices":[{"data":"Streamline","floor":6,"key":"SMITH"},{"data":"Zap","floor":8,"key":"SMITH"},{"floor":15,"key":"REST"},{"floor":23,"key":"REST"},{"data":"Creative AI","floor":25,"key":"SMITH"},{"data":"Coolheaded","floor":27,"key":"SMITH"},{"floor":32,"key":"REST"}],"neow_cost":"NONE","seed_source_timestamp":1200500324624253,"circlet_count":0,"master_deck":["AscendersBane","Defend_B","Defend_B","Defend_B","Defend_B","Zap+1","Dualcast","FTL","Rebound","Streamline+1","All For One","Gash","Sweeping Beam","Electrodynamics","BootSequence","Rainbow","Electrodynamics+1","Sunder+1","Stack+1","Coolheaded+1","Self Repair","Leap","Creative AI+1","Hologram","Coolheaded","FTL+1"],"relics":["Cracked Core","Oddly Smooth Stone","Torii","Turnip","Odd Mushroom","Sundial","Astrolabe","Potion Belt","Blue Candle","PreservedInsect","Ice Cream","Tiny Chest"],"potions_floor_usage":[10,12,16,16,24,24,28,33],"damage_taken":[{"damage":2,"enemies":"2 Louse","floor":1,"turns":2},{"damage":0,"enemies":"Jaw Worm","floor":4,"turns":3},{"damage":0,"enemies":"Cultist","floor":5,"turns":3},{"damage":24,"enemies":"3 Sentries","floor":7,"turns":6},{"damage":10,"enemies":"Exordium Thugs","floor":10,"turns":4},{"damage":6,"enemies":"The Mushroom Lair","floor":11,"turns":4},{"damage":21,"enemies":"Lagavulin","floor":12,"turns":4},{"damage":2,"enemies":"Red Slaver","floor":13,"turns":3},{"damage":0,"enemies":"2 Fungi Beasts","floor":14,"turns":2},{"damage":14,"enemies":"The Guardian","floor":16,"turns":11},{"damage":0,"enemies":"Spheric Guardian","floor":18,"turns":4},{"damage":15,"enemies":"2 Thieves","floor":19,"turns":3},{"damage":37,"enemies":"Shelled Parasite and Fungi","floor":22,"turns":5},{"damage":0,"enemies":"Slavers","floor":24,"turns":1},{"damage":8,"enemies":"Snake Plant","floor":28,"turns":4},{"damage":24,"enemies":"Gremlin Leader","floor":29,"turns":6},{"damage":0,"enemies":"Centurion and Healer","floor":31,"turns":6},{"damage":93,"enemies":"Automaton","floor":33,"turns":12}],"seed_played":"-9020955667548893022","potions_obtained":[{"floor":1,"key":"Swift Potion"},{"floor":7,"key":"FearPotion"},{"floor":13,"key":"Weak Potion"},{"floor":14,"key":"Swift Potion"},{"floor":16,"key":"Energy Potion"},{"floor":19,"key":"FocusPotion"},{"floor":22,"key":"GamblersBrew"},{"floor":28,"key":"AttackPotion"}],"is_trial":false,"path_per_floor":["M","?","$","M","M","R","E","R","T","M","?","E","M","M","R","B",null,"M","M","?","$","M","R","E","R","T","R","M","E","T","M","R","B"],"character_chosen":"DEFECT","items_purchased":["Oddly Smooth Stone","Potion Belt","Leap"],"campfire_rested":3,"item_purchase_floors":[3,21,21],"current_hp_per_floor":[69,69,69,69,69,69,45,45,45,35,29,8,6,6,29,15,62,62,47,47,47,17,40,40,40,40,40,39,22,22,29,52,0],"gold":244,"neow_bonus":"TEN_PERCENT_HP_BONUS","is_prod":false,"is_daily":false,"chose_seed":false,"campfire_upgraded":4,"win_rate":0,"timestamp":1548993831,"path_taken":["M","?","$","M","M","R","E","R","T","M","?","E","M","M","R","BOSS","M","M","?","$","?","R","E","R","T","R","M","E","?","M","R","BOSS"],"build_version":"2019-01-23","purchased_purges":1,"victory":false,"max_hp_per_floor":[78,78,78,78,78,78,78,78,78,78,78,78,78,78,78,78,78,78,78,78,78,78,78,78,78,78,78,78,78,78,78,78,78],"card_choices":[{"not_picked":["BootSequence","Turbo"],"picked":"FTL","floor":1},{"not_picked":["Leap","Reprogram"],"picked":"Rebound","floor":4},{"not_picked":["Heatsinks","Leap"],"picked":"Streamline","floor":5},{"not_picked":["Loop","Turbo"],"picked":"All For One","floor":7},{"not_picked":["Turbo","Lockon"],"picked":"Gash","floor":10},{"not_picked":["Rebound","Streamline"],"picked":"Sweeping Beam","floor":11},{"not_picked":["Compile Driver","Blizzard","Lockon"],"picked":"SKIP","floor":12},{"not_picked":["Cold Snap","Coolheaded"],"picked":"Electrodynamics","floor":13},{"not_picked":["Streamline","Rebound"],"picked":"BootSequence","floor":14},{"not_picked":["Buffer","Multi-Cast"],"picked":"Rainbow","floor":16},{"not_picked":["Hello World+1","Sunder"],"picked":"Coolheaded","floor":18},{"not_picked":["Conserve Battery","Rebound"],"picked":"Self Repair","floor":19},{"not_picked":["Rebound+1","Gash","Aggregate"],"picked":"SKIP","floor":22},{"not_picked":["Gash","Steam"],"picked":"Creative AI","floor":24},{"not_picked":["Turbo","Beam Cell"],"picked":"Hologram","floor":28},{"not_picked":["Self Repair","Melter"],"picked":"Coolheaded","floor":29},{"not_picked":["Redo","Darkness"],"picked":"FTL+1","floor":31}],"player_experience":748899,"relics_obtained":[{"floor":7,"key":"Torii"},{"floor":9,"key":"Turnip"},{"floor":11,"key":"Odd Mushroom"},{"floor":12,"key":"Sundial"},{"floor":24,"key":"Blue Candle"},{"floor":26,"key":"PreservedInsect"},{"floor":29,"key":"Ice Cream"},{"floor":30,"key":"Tiny Chest"}],"event_choices":[{"damage_healed":0,"gold_gain":150,"player_choice":"AGREE","damage_taken":0,"max_hp_gain":0,"max_hp_loss":0,"event_name":"Liars Game","floor":2,"gold_loss":0,"cards_obtained":["Doubt"]},{"damage_healed":0,"gold_gain":0,"player_choice":"Fought Mushrooms","damage_taken":0,"max_hp_gain":0,"max_hp_loss":0,"event_name":"Mushrooms","floor":11,"gold_loss":0},{"cards_removed":["Strike_B"],"damage_healed":0,"gold_gain":0,"player_choice":"Purged","damage_taken":0,"max_hp_gain":0,"max_hp_loss":0,"event_name":"Purifier","floor":20,"gold_loss":0}],"is_beta":false,"boss_relics":[{"not_picked":["Sozu","Calling Bell"],"picked":"Astrolabe"}],"items_purged_floors":[3],"is_endless":false,"potions_floor_spawned":[1,7,13,14,16,19,22,28],"killed_by":"Automaton","ascension_level":20}