{"gold_per_floor":[116,116,131,56,69,69,85,85,85,104,4,35,51,68,68,169,169,187,219,219,62,62,62,75,75,75,89,89,117,117,137,137,232,232,249,70,80,97,97,97,130,144,144,144,366,381,396,396,396,396],"floor_reached":51,"playtime":5141,"items_purged":["Strike_G","Strike_G","Strike_G"],"score":749,"play_id":"e5b03f52-ca6f-46e7-a44a-0f53cd545ac7","local_time":"20190105015851","is_ascension_mode":false,"campfire_choices":[{"data":"Neutralize","floor":6,"key":"SMITH"},{"data":"Footwork","floor":8,"key":"SMITH"},{"data":"Deadly Poison","floor":15,"key":"SMITH"},{"data":"Survivor","floor":23,"key":"SMITH"},{"data":"Blur","floor":28,"key":"SMITH"},{"data":"Prepared","floor":30,"key":"SMITH"},{"floor":32,"key":"REST"},{"data":"Night Terror","floor":40,"key":"SMITH"},{"data":"Deadly Poison","floor":44,"key":"SMITH"},{"data":"Mayhem","floor":49,"key":"SMITH"}],"neow_cost":"NONE","seed_source_timestamp":342661580135468,"circlet_count":0,"master_deck":["Defend_G","Defend_G","Defend_G","Defend_G","Defend_G","Strike_G","Survivor+1","Neutralize+1","Prepared+1","Deadly Poison+1","Footwork+1","Well Laid Plans","Die Die Die","Blur+1","Noxious Fumes+1","Night Terror+1","Deadly Poison+1","Catalyst+1","Parasite","Deflect+1","Mayhem+1"],"relics":["Ring of the Snake","Pear","Art of War","Runic Pyramid","Red Mask","Snake Skull","Bottled Tornado","Happy Flower","Pantograph","Thread and Needle","Kunai"],"potions_floor_usage":[],"damage_taken":[{"damage":0,"enemies":"Jaw Worm","floor":1,"turns":7},{"damage":0,"enemies":"Cultist","floor":3,"turns":5},{"damage":0,"enemies":"2 Louse","floor":5,"turns":2},{"damage":0,"enemies":"2 Fungi Beasts","floor":7,"turns":4},{"damage":0,"enemies":"3 Louse","floor":10,"turns":4},{"damage":58,"enemies":"Gremlin Nob","floor":12,"turns":7},{"damage":0,"enemies":"Large Slime","floor":13,"turns":9},{"damage":0,"enemies":"2 Fungi Beasts","floor":14,"turns":6},{"damage":11,"enemies":"The Guardian","floor":16,"turns":11},{"damage":2,"enemies":"Shell Parasite","floor":18,"turns":5},{"damage":45,"enemies":"Masked Bandits","floor":19,"turns":9},{"damage":0,"enemies":"Spheric Guardian","floor":24,"turns":4},{"damage":0,"enemies":"Snake Plant","floor":27,"turns":5},{"damage":20,"enemies":"Slavers","floor":29,"turns":13},{"damage":0,"enemies":"Shelled Parasite and Fungi","floor":31,"turns":6},{"damage":32,"enemies":"Champ","floor":33,"turns":13},{"damage":0,"enemies":"3 Shapes","floor":35,"turns":6},{"damage":7,"enemies":"3 Darklings","floor":37,"turns":6},{"damage":0,"enemies":"Writhing Mass","floor":38,"turns":6},{"damage":0,"enemies":"Giant Head","floor":41,"turns":4},{"damage":18,"enemies":"Spire Growth","floor":42,"turns":4},{"damage":38,"enemies":"Sphere and 2 Shapes","floor":46,"turns":5},{"damage":12,"enemies":"Transient","floor":47,"turns":5},{"damage":0,"enemies":"Time Eater","floor":50,"turns":5}],"seed_played":"-5193026860027194953","potions_obtained":[{"floor":7,"key":"EssenceOfSteel"},{"floor":12,"key":"Swift Potion"},{"floor":13,"key":"Block Potion"},{"floor":42,"key":"Explosive Potion"}],"is_trial":false,"path_per_floor":["M","?","M","$","M","R","M","R","T","M","$","E","M","M","R","B",null,"M","?","?","$","?","R","M","?","T","M","R","E","R","M","R","B",null,"M","$","M","M","?","R","E","M","T","R","?","M","M","?","R","B",null],"character_chosen":"THE_SILENT","items_purchased":["Snake Skull","Deadly Poison"],"campfire_rested":1,"item_purchase_floors":[21,36],"current_hp_per_floor":[70,63,63,63,63,63,63,63,73,73,73,15,15,15,15,4,80,78,33,33,33,33,33,33,33,33,33,33,13,13,13,37,5,80,80,80,73,73,73,73,73,55,55,55,55,17,5,5,5,30],"gold":396,"neow_bonus":"REMOVE_CARD","is_prod":false,"is_daily":false,"chose_seed":false,"campfire_upgraded":9,"win_rate":0,"timestamp":1546649931,"path_taken":["M","?","?","$","M","R","M","R","T","M","$","E","M","M","R","BOSS","M","?","?","$","?","R","M","?","T","M","R","E","R","M","R","BOSS","M","$","M","M","?","R","E","?","T","R","?","M","M","?","R","BOSS"],"build_version":"2019-01-03v4","purchased_purges":3,"victory":true,"max_hp_per_floor":[70,70,70,70,70,70,70,70,80,80,80,80,80,80,80,80,80,80,80,80,80,80,80,80,80,80,80,80,80,80,80,80,80,80,80,80,80,80,80,80,80,80,80,80,80,80,80,80,80,80],"card_choices":[{"not_picked":["Dagger Throw","Poisoned Stab"],"picked":"Prepared","floor":1},{"not_picked":["Cloak And Dagger","Tactician"],"picked":"Deadly Poison","floor":3},{"not_picked":["Dash","Sucker Punch"],"picked":"Footwork","floor":5},{"not_picked":["PiercingWail","Heel Hook","Flying Knee"],"picked":"SKIP","floor":7},{"not_picked":["Reflex","Endless Agony","Dagger Spray"],"picked":"SKIP","floor":10},{"not_picked":["Quick Slash","Cloak And Dagger"],"picked":"Well Laid Plans","floor":12},{"not_picked":["Blade Dance","Outmaneuver","Storm of Steel"],"picked":"SKIP","floor":13},{"not_picked":["Endless Agony","Dagger Throw","Flying Knee"],"picked":"SKIP","floor":14},{"not_picked":["Night Terror","Venomology"],"picked":"Die Die Die","floor":16},{"not_picked":["Distraction","Dagger Throw","Masterful Stab"],"picked":"SKIP","floor":18},{"not_picked":["PiercingWail+1","Cloak And Dagger","Acrobatics"],"picked":"SKIP","floor":24},{"not_picked":["Underhanded Strike","Acrobatics","PiercingWail"],"picked":"SKIP","floor":27},{"not_picked":["Deadly Poison","Predator+1"],"picked":"Noxious Fumes+1","floor":29},{"not_picked":["Quick Slash","Distraction","PiercingWail+1"],"picked":"SKIP","floor":31},{"not_picked":["Venomology","Grand Finale"],"picked":"Night Terror","floor":33},{"not_picked":["Crippling Poison","Underhanded Strike","Quick Slash"],"picked":"SKIP","floor":35},{"not_picked":["Deadly Poison","Dash+1"],"picked":"Catalyst+1","floor":37},{"not_picked":["Poisoned Stab+1","Blade Dance+1","Outmaneuver+1"],"picked":"SKIP","floor":38},{"not_picked":["Choke+1","Flechettes+1","Crippling Poison"],"picked":"SKIP","floor":41},{"not_picked":["Blade Dance+1","Setup"],"picked":"Deflect+1","floor":42},{"not_picked":["Dagger Throw+1","Backflip","Accuracy"],"picked":"SKIP","floor":46},{"not_picked":["Dagger Throw+1","Backflip","Accuracy"],"picked":"SKIP","floor":46},{"not_picked":["Poisoned Stab+1","Dash+1","Deadly Poison"],"picked":"SKIP","floor":47},{"not_picked":["Master of Strategy","Deep Breath"],"picked":"Mayhem","floor":48}],"player_experience":148294,"relics_obtained":[{"floor":9,"key":"Pear"},{"floor":12,"key":"Art of War"},{"floor":19,"key":"Red Mask"},{"floor":26,"key":"Bottled Tornado"},{"floor":29,"key":"Happy Flower"},{"floor":41,"key":"Thread and Needle"},{"floor":43,"key":"Kunai"}],"event_choices":[{"damage_healed":0,"gold_gain":0,"player_choice":"Damaged","damage_taken":7,"max_hp_gain":0,"max_hp_loss":0,"event_name":"Wheel of Change","floor":2,"gold_loss":0},{"damage_healed":0,"gold_gain":0,"player_choice":"Fought Bandits","damage_taken":0,"max_hp_gain":0,"max_hp_loss":0,"event_name":"Masked Bandits","floor":19,"gold_loss":0},{"damage_healed":0,"gold_gain":0,"player_choice":"Ignored","damage_taken":0,"max_hp_gain":0,"max_hp_loss":0,"event_name":"The Mausoleum","floor":20,"gold_loss":0},{"damage_healed":0,"gold_gain":0,"player_choice":"Read","damage_taken":0,"max_hp_gain":0,"max_hp_loss":0,"event_name":"The Library","floor":22,"gold_loss":0,"cards_obtained":["Blur"]},{"damage_healed":0,"gold_gain":0,"player_choice":"Ignored","damage_taken":0,"max_hp_gain":0,"max_hp_loss":0,"event_name":"Ghosts","floor":25,"gold_loss":0},{"damage_healed":0,"gold_gain":0,"player_choice":"Gave Potion","damage_taken":0,"relics_obtained":["Pantograph"],"max_hp_gain":0,"max_hp_loss":0,"event_name":"WeMeetAgain","floor":39,"gold_loss":0},{"damage_healed":0,"gold_gain":222,"player_choice":"Wore Mask","damage_taken":0,"max_hp_gain":0,"max_hp_loss":0,"event_name":"Tomb of Lord Red Mask","floor":45,"gold_loss":0},{"damage_healed":0,"gold_gain":0,"player_choice":"Memory 1","damage_taken":0,"max_hp_gain":0,"max_hp_loss":0,"event_name":"SensoryStone","floor":48,"gold_loss":0}],"is_beta":false,"boss_relics":[{"not_picked":["Velvet Choker","Pandora\u0027s Box"],"picked":"Runic Pyramid"},{"not_picked":["Snecko Eye","Busted Crown","HoveringKite"]}],"items_purged_floors":[4,11,36],"is_endless":false,"potions_floor_spawned":[7,12,13,19,29,33,37,42,46],"ascension_level":0}