{"gold_per_floor":[365,375,13,13,25,25,60,60,87,127,127,147,15,89,89,212,212,235,235,83,51,65,65,84,84],"floor_reached":25,"playtime":1009,"items_purged":["Defend_B","Normality"],"score":286,"play_id":"5bd4d4ac-57ca-42fd-b152-47de53aff1f4","local_time":"20181218181808","is_ascension_mode":false,"campfire_choices":[{"data":"Loop","floor":6,"key":"SMITH"},{"data":"Glacier","floor":11,"key":"SMITH"},{"data":"Panacea","floor":15,"key":"SMITH"},{"floor":23,"key":"REST"}],"neow_cost":"TEN_PERCENT_HP_LOSS","seed_source_timestamp":89203399377600,"circlet_count":0,"master_deck":["Strike_B","Strike_B","Strike_B","Strike_B","Defend_B","Defend_B","Defend_B","Zap","Dualcast","Static Discharge","Glacier+1","Loop+1","Barrage","Conserve Battery","Cold Snap","Conserve Battery","Panacea+1","Hello World","Cold Snap","Machine Learning","Pain","Decay","Coolheaded","Glacier"],"relics":["Cracked Core","Sling","Pen Nib","Golden Idol","Art of War","Kunai","Oddly Smooth Stone","Calling Bell","Lantern","Darkstone Periapt","Emotion Chip"],"potions_floor_usage":[],"damage_taken":[{"damage":0,"enemies":"Cultist","floor":1,"turns":3},{"damage":0,"enemies":"2 Louse","floor":2,"turns":1},{"damage":5,"enemies":"Small Slimes","floor":5,"turns":4},{"damage":17,"enemies":"Gremlin Nob","floor":7,"turns":4},{"damage":0,"enemies":"Lagavulin","floor":10,"turns":9},{"damage":0,"enemies":"Exordium Wildlife","floor":12,"turns":3},{"damage":20,"enemies":"Gremlin Nob","floor":14,"turns":4},{"damage":0,"enemies":"Hexaghost","floor":16,"turns":12},{"damage":14,"enemies":"3 Byrds","floor":18,"turns":4},{"damage":17,"enemies":"Colosseum Slavers","floor":19,"turns":6},{"damage":15,"enemies":"2 Thieves","floor":21,"turns":5},{"damage":19,"enemies":"Snake Plant","floor":22,"turns":7},{"damage":17,"enemies":"Cultist and Chosen","floor":24,"turns":8},{"damage":11,"enemies":"3 Cultists","floor":25,"turns":2}],"seed_played":"1379928512894417762","potions_obtained":[{"floor":1,"key":"GamblersBrew"},{"floor":5,"key":"SkillPotion"},{"floor":16,"key":"LiquidBronze"}],"is_trial":false,"path_per_floor":["M","M","$","?","M","R","E","?","T","E","R","M","$","?","R","B",null,"M","?","$","M","M","R","M","M"],"character_chosen":"DEFECT","items_purchased":["Loop","Sling","Panacea","Hello World","Coolheaded"],"campfire_rested":1,"item_purchase_floors":[3,3,13,13,20],"current_hp_per_floor":[68,68,68,73,68,68,51,51,51,51,51,51,51,31,31,31,68,54,37,37,22,3,23,6,0],"gold":84,"neow_bonus":"TWO_FIFTY_GOLD","is_prod":false,"is_daily":false,"chose_seed":false,"campfire_upgraded":3,"win_rate":0,"timestamp":1545175088,"path_taken":["M","M","$","?","M","R","E","?","T","E","R","M","$","?","R","BOSS","M","?","$","M","M","R","M","M"],"build_version":"2018-12-17","purchased_purges":2,"victory":false,"max_hp_per_floor":[68,68,68,73,73,73,73,68,68,68,68,68,68,68,68,68,68,68,68,68,68,68,68,68,68],"card_choices":[{"not_picked":["Compile Driver","Streamline"],"picked":"Static Discharge","floor":1},{"not_picked":["Fusion","Cold Snap"],"picked":"Glacier","floor":2},{"not_picked":["Gash","Turbo"],"picked":"Barrage","floor":5},{"not_picked":["Leap","Gash"],"picked":"Conserve Battery","floor":7},{"not_picked":["Turbo","Ball Lightning"],"picked":"Cold Snap","floor":10},{"not_picked":["Sunder","Steam"],"picked":"Conserve Battery","floor":12},{"not_picked":["Rip and Tear","Stack"],"picked":"Cold Snap","floor":14},{"not_picked":["All For One","Rainbow"],"picked":"Machine Learning","floor":16},{"not_picked":["Ball Lightning","Hello World","Steam"],"picked":"SKIP","floor":18},{"not_picked":["Compile Driver","Reprogram","Cold Snap"],"picked":"SKIP","floor":21},{"not_picked":["Sweeping Beam","Chaos","Double Energy"],"picked":"SKIP","floor":22},{"not_picked":["Beam Cell+1","Gash"],"picked":"Glacier","floor":24}],"player_experience":486213,"relics_obtained":[{"floor":7,"key":"Pen Nib"},{"floor":9,"key":"Art of War"},{"floor":10,"key":"Kunai"},{"floor":14,"key":"Oddly Smooth Stone"},{"floor":17,"key":"Lantern"},{"floor":17,"key":"Darkstone Periapt"},{"floor":17,"key":"Emotion Chip"}],"event_choices":[{"damage_healed":0,"gold_gain":0,"player_choice":"Donut","damage_taken":0,"max_hp_gain":5,"max_hp_loss":0,"event_name":"Big Fish","floor":4,"gold_loss":0},{"damage_healed":0,"gold_gain":0,"player_choice":"Lose Max HP","damage_taken":0,"relics_obtained":["Golden Idol"],"max_hp_gain":0,"max_hp_loss":5,"event_name":"Golden Idol","floor":8,"gold_loss":0},{"damage_healed":0,"gold_gain":0,"player_choice":"Searched \u00272\u0027 times","damage_taken":0,"max_hp_gain":0,"max_hp_loss":0,"event_name":"Dead Adventurer","floor":14,"gold_loss":0},{"damage_healed":0,"gold_gain":0,"player_choice":"Fight","damage_taken":0,"max_hp_gain":0,"max_hp_loss":0,"event_name":"Colosseum","floor":19,"gold_loss":0},{"damage_healed":0,"gold_gain":0,"player_choice":"Fled From Nobs","damage_taken":0,"max_hp_gain":0,"max_hp_loss":0,"event_name":"Colosseum","floor":19,"gold_loss":0}],"is_beta":true,"boss_relics":[{"not_picked":["Philosopher\u0027s Stone","Ectoplasm"],"picked":"Calling Bell"}],"items_purged_floors":[3,20],"is_endless":false,"potions_floor_spawned":[1,5,16,22,24],"killed_by":"3 Cultists","ascension_level":0}