{"gold_per_floor":[117,167,177,194,30,30,65,65,92,108,118,144,155,80,80,157,157,129,129,144,144,160,160,190,190,216,116,126,144,174,188,188,264,264,279,5,21,32,50,50],"floor_reached":40,"playtime":4035,"items_purged":["Strike_B","Strike_B"],"score":844,"play_id":"bfe243bc-027f-4d8e-a8de-f666eb87a04a","local_time":"20190202213420","is_ascension_mode":true,"campfire_choices":[{"data":"Barrage","floor":6,"key":"SMITH"},{"floor":8,"key":"REST"},{"data":"Barrage","floor":15,"key":"SMITH"},{"floor":23,"key":"REST"},{"floor":25,"key":"REST"},{"floor":32,"key":"REST"}],"neow_cost":"NONE","seed_source_timestamp":1377507028869701,"circlet_count":0,"master_deck":["AscendersBane","Strike_B+1","Strike_B+1","Defend_B","Defend_B","Defend_B","Defend_B","Zap","Dualcast","Barrage+1","Barrage+1","Seek","Coolheaded","Steam","Coolheaded","Glacier","Echo Form","Capacitor","Core Surge","Skim","Darkness","Undo","Seek","Loop+1"],"relics":["Cracked Core","Bronze Scales","Whetstone","Oddly Smooth Stone","Nunchaku","Nuclear Battery","Thread and Needle","Bag of Preparation","Red Mask","Fusion Hammer","Mummified Hand"],"potions_floor_usage":[7,16,16,24,40,40],"damage_taken":[{"damage":14,"enemies":"Jaw Worm","floor":1,"turns":4},{"damage":0,"enemies":"Cultist","floor":3,"turns":4},{"damage":0,"enemies":"2 Louse","floor":4,"turns":2},{"damage":40,"enemies":"Lagavulin","floor":7,"turns":7},{"damage":13,"enemies":"Exordium Wildlife","floor":10,"turns":3},{"damage":3,"enemies":"Blue Slaver","floor":11,"turns":3},{"damage":17,"enemies":"3 Sentries","floor":12,"turns":6},{"damage":0,"enemies":"2 Fungi Beasts","floor":13,"turns":4},{"damage":4,"enemies":"The Guardian","floor":16,"turns":11},{"damage":0,"enemies":"2 Thieves","floor":18,"turns":4},{"damage":1,"enemies":"3 Byrds","floor":20,"turns":2},{"damage":14,"enemies":"Cultist and Chosen","floor":22,"turns":6},{"damage":12,"enemies":"Gremlin Leader","floor":24,"turns":9},{"damage":9,"enemies":"Snecko","floor":28,"turns":6},{"damage":0,"enemies":"3 Cultists","floor":29,"turns":5},{"damage":22,"enemies":"Masked Bandits","floor":30,"turns":3},{"damage":1,"enemies":"Snake Plant","floor":31,"turns":4},{"damage":17,"enemies":"Collector","floor":33,"turns":21},{"damage":0,"enemies":"Orb Walker","floor":35,"turns":5},{"damage":0,"enemies":"3 Shapes","floor":37,"turns":6},{"damage":12,"enemies":"3 Darklings","floor":38,"turns":4},{"damage":0,"enemies":"4 Shapes","floor":39,"turns":7},{"damage":65,"enemies":"Reptomancer","floor":40,"turns":9}],"seed_played":"8681778359868909156","potions_obtained":[{"floor":1,"key":"LiquidBronze"},{"floor":4,"key":"Ancient Potion"},{"floor":11,"key":"GamblersBrew"},{"floor":18,"key":"GamblersBrew"},{"floor":29,"key":"Poison Potion"},{"floor":31,"key":"Energy Potion"},{"floor":37,"key":"Dexterity Potion"}],"is_trial":false,"path_per_floor":["M","?","M","M","$","R","E","R","T","M","M","E","M","$","R","B",null,"M","?","M","?","M","R","E","R","T","$","M","M","?","M","R","B",null,"M","$","M","M","M","E"],"character_chosen":"DEFECT","items_purchased":["Bronze Scales","Mummified Hand"],"campfire_rested":4,"item_purchase_floors":[5,36],"current_hp_per_floor":[57,57,57,57,57,57,17,40,40,27,24,7,7,7,7,3,59,59,37,36,36,22,46,34,58,58,58,49,49,27,26,50,33,71,71,71,71,59,59,0],"gold":50,"neow_bonus":"TEN_PERCENT_HP_BONUS","is_prod":false,"is_daily":false,"chose_seed":false,"campfire_upgraded":2,"win_rate":0,"timestamp":1549172060,"path_taken":["M","?","M","M","$","R","E","R","T","M","M","E","?","$","R","BOSS","M","?","M","?","?","R","E","R","T","$","M","M","?","M","R","BOSS","M","$","M","M","M","E"],"build_version":"2019-01-23","purchased_purges":2,"victory":false,"max_hp_per_floor":[78,78,78,78,78,78,78,78,78,78,78,78,78,78,78,78,78,78,83,83,83,83,83,83,83,83,83,83,83,83,83,83,83,83,83,83,83,83,83,83],"card_choices":[{"not_picked":["Fusion","Gash","Static Discharge"],"picked":"SKIP","floor":1},{"not_picked":["Gash","Go for the Eyes"],"picked":"Barrage","floor":3},{"not_picked":["Gash","Steam"],"picked":"Barrage","floor":4},{"not_picked":["Stack","Thunder Strike"],"picked":"Seek","floor":7},{"not_picked":["Loop","Streamline"],"picked":"Coolheaded","floor":10},{"not_picked":["Storm","Gash"],"picked":"Steam","floor":11},{"not_picked":["Meteor Strike","Hello World"],"picked":"Coolheaded","floor":12},{"not_picked":["Leap","Steam"],"picked":"Glacier","floor":13},{"not_picked":["Multi-Cast","Thunder Strike"],"picked":"Echo Form","floor":16},{"not_picked":["Hologram","Barrage"],"picked":"Capacitor","floor":18},{"not_picked":["Sweeping Beam","Rebound+1","Redo"],"picked":"SKIP","floor":20},{"not_picked":["Steam","Turbo+1","Rebound"],"picked":"SKIP","floor":22},{"not_picked":["Aggregate","Compile Driver"],"picked":"Core Surge","floor":24},{"not_picked":["Leap","Ball Lightning"],"picked":"Skim","floor":28},{"not_picked":["Rebound+1","Force Field"],"picked":"Darkness","floor":29},{"not_picked":["Sunder+1","Redo"],"picked":"Undo","floor":31},{"not_picked":["Thunder Strike","Core Surge"],"picked":"Seek","floor":33},{"not_picked":["Beam Cell","Reinforced Body","Rebound+1"],"picked":"SKIP","floor":35},{"not_picked":["Capacitor","Ball Lightning"],"picked":"Loop+1","floor":37},{"not_picked":["Rebound","Stack","Ball Lightning"],"picked":"SKIP","floor":38},{"not_picked":["Streamline","Beam Cell+1","Barrage"],"picked":"SKIP","floor":39}],"player_experience":807034,"relics_obtained":[{"floor":7,"key":"Whetstone"},{"floor":9,"key":"Oddly Smooth Stone"},{"floor":12,"key":"Nunchaku"},{"floor":24,"key":"Thread and Needle"},{"floor":26,"key":"Bag of Preparation"},{"floor":30,"key":"Red Mask"}],"event_choices":[{"damage_healed":0,"gold_gain":50,"player_choice":"Pray","damage_taken":0,"max_hp_gain":0,"max_hp_loss":0,"event_name":"Golden Shrine","floor":2,"gold_loss":0},{"damage_healed":0,"gold_gain":0,"player_choice":"Shed Blood","damage_taken":27,"max_hp_gain":5,"max_hp_loss":0,"event_name":"Forgotten Altar","floor":19,"gold_loss":0},{"damage_healed":0,"gold_gain":0,"player_choice":"Ignored","damage_taken":0,"max_hp_gain":0,"max_hp_loss":0,"event_name":"Cursed Tome","floor":21,"gold_loss":0},{"damage_healed":0,"gold_gain":0,"player_choice":"Fought Bandits","damage_taken":0,"max_hp_gain":0,"max_hp_loss":0,"event_name":"Masked Bandits","floor":30,"gold_loss":0}],"is_beta":false,"boss_relics":[{"not_picked":["Runic Dome","Cursed Key"],"picked":"Nuclear Battery"},{"not_picked":["Lizard Tail","FrozenCore"],"picked":"Fusion Hammer"}],"items_purged_floors":[14,27],"is_endless":false,"potions_floor_spawned":[1,4,11,18,29,31,37],"killed_by":"Reptomancer","ascension_level":20}