{"gold_per_floor":[116,134,149,224,236,236,269,269,323,323,388,388,420,432,432,503,503,516,45,64,64,84,84,104,119,190,208,208,208],"floor_reached":29,"playtime":2241,"items_purged":["Strike_R"],"score":457,"play_id":"d5180d52-740a-42e5-b3e6-69454ae1f7ea","local_time":"20190202051803","is_ascension_mode":true,"campfire_choices":[{"floor":6.0,"key":"REST"},{"floor":10.0,"key":"REST"},{"data":"Apotheosis","floor":12.0,"key":"SMITH"},{"floor":15.0,"key":"REST"},{"floor":23,"key":"REST"}],"neow_cost":"TEN_PERCENT_HP_LOSS","seed_source_timestamp":557996083240356,"circlet_count":0,"master_deck":["AscendersBane","Strike_R","Strike_R+1","Strike_R+1","Strike_R","Defend_R","Defend_R","Defend_R","Defend_R","Bash","Swift Strike","Apotheosis+1","Heavy Blade","Pommel Strike","Warcry","Second Wind","Anger","True Grit","Offering","Uppercut","Spot Weakness","Uppercut","Pummel","Shrug It Off","Perfected Strike+1"],"special_seed":0,"relics":["Burning Blood","Dodecahedron","Whetstone","Tiny Chest","Kunai","Runic Cube","Question Card","Blood Vial","Singing Bowl"],"potions_floor_usage":[25,25,25],"damage_taken":[{"damage":7.0,"enemies":"Jaw Worm","floor":1.0,"turns":2.0},{"damage":7.0,"enemies":"2 Louse","floor":2.0,"turns":2.0},{"damage":1.0,"enemies":"Cultist","floor":3.0,"turns":3.0},{"damage":41.0,"enemies":"Exordium Thugs","floor":5.0,"turns":4.0},{"damage":10.0,"enemies":"3 Sentries","floor":7.0,"turns":10.0},{"damage":23.0,"enemies":"Gremlin Nob","floor":11.0,"turns":4.0},{"damage":8.0,"enemies":"Lagavulin","floor":13.0,"turns":7.0},{"damage":8.0,"enemies":"3 Louse","floor":14.0,"turns":4.0},{"damage":35.0,"enemies":"Hexaghost","floor":16.0,"turns":10.0},{"damage":24,"enemies":"2 Thieves","floor":18,"turns":4},{"damage":14,"enemies":"Chosen","floor":20,"turns":5},{"damage":47,"enemies":"Snecko","floor":22,"turns":6},{"damage":17,"enemies":"Chosen and Byrds","floor":24,"turns":5},{"damage":21,"enemies":"Snake Plant","floor":25,"turns":4},{"damage":11,"enemies":"Centurion and Healer","floor":27,"turns":7},{"damage":11,"enemies":"Sentry and Sphere","floor":29,"turns":3}],"seed_played":"6212035147193412070","potions_obtained":[{"floor":1.0,"key":"FearPotion"},{"floor":2.0,"key":"Dexterity Potion"},{"floor":8.0,"key":"FairyPotion"},{"floor":8.0,"key":"EssenceOfSteel"},{"floor":16.0,"key":"Strength Potion"},{"floor":22,"key":"EntropicBrew"}],"is_trial":false,"path_per_floor":["M","M","M","?","M","R","E","?","T","R","E","R","E","M","R","B",null,"M","$","M","T","M","R","M","M","T","M","?","M"],"character_chosen":"IRONCLAD","items_purchased":["Spot Weakness","Question Card","Uppercut"],"campfire_rested":4,"item_purchase_floors":[19,19,19],"current_hp_per_floor":[67,66,68,57,22,42,38,38,38,58,41,41,39,37,57,28,58,40,40,32,32,12,32,23,10,10,9,9,0],"gold":208,"neow_bonus":"RANDOM_COLORLESS_2","is_prod":false,"is_daily":false,"chose_seed":false,"campfire_upgraded":1,"win_rate":0,"timestamp":1549102683,"path_taken":["M","M","M","?","M","R","E","?","T","R","E","R","E","M","R","BOSS","M","$","?","?","M","R","M","M","T","M","?","M"],"build_version":"2019-01-23","purchased_purges":1,"victory":false,"max_hp_per_floor":[68,68,68,68,68,68,68,68,68,68,68,68,68,68,68,68,68,68,68,68,68,68,68,68,68,68,70,70,70],"card_choices":[{"not_picked":["Perfected Strike","Bloodletting"],"picked":"Heavy Blade","floor":1.0},{"not_picked":["Iron Wave","Second Wind"],"picked":"Pommel Strike","floor":2.0},{"not_picked":["Wild Strike","Thunderclap","Rage"],"picked":"SKIP","floor":3.0},{"not_picked":["Wild Strike","Thunderclap","Heavy Blade"],"picked":"SKIP","floor":5.0},{"not_picked":["Iron Wave","Thunderclap"],"picked":"Warcry","floor":7.0},{"not_picked":["Dropkick","Juggernaut"],"picked":"Second Wind","floor":11.0},{"not_picked":["Perfected Strike","Armaments"],"picked":"Anger","floor":13.0},{"not_picked":["Sever Soul","Havoc"],"picked":"True Grit","floor":14.0},{"not_picked":["Feed","Limit Break"],"picked":"Offering","floor":16.0},{"not_picked":["Combust","Cleave"],"picked":"Uppercut","floor":18},{"not_picked":["True Grit","Sword Boomerang","Havoc"],"picked":"Pummel","floor":20},{"not_picked":["Heavy Blade","Sentinel","Flex","Thunderclap"],"picked":"SKIP","floor":22},{"not_picked":["Perfected Strike","Power Through","Intimidate"],"picked":"Shrug It Off","floor":24},{"not_picked":["Intimidate+1","Thunderclap+1","Clothesline"],"picked":"Perfected Strike+1","floor":25},{"not_picked":["Fire Breathing","Immolate","Iron Wave","Corruption"],"picked":"Singing Bowl","floor":27}],"player_experience":974061,"relics_obtained":[{"floor":7.0,"key":"Dodecahedron"},{"floor":9.0,"key":"Whetstone"},{"floor":11.0,"key":"Tiny Chest"},{"floor":13.0,"key":"Kunai"},{"floor":21,"key":"Blood Vial"},{"floor":26,"key":"Singing Bowl"}],"event_choices":[{"damage_healed":0.0,"max_hp_gain":0.0,"max_hp_loss":0.0,"gold_gain":75.0,"event_name":"World of Goop","player_choice":"Gather Gold","floor":4.0,"gold_loss":0.0,"damage_taken":11.0},{"damage_healed":0.0,"max_hp_gain":0.0,"max_hp_loss":0.0,"gold_gain":0.0,"event_name":"Lab","player_choice":"Got Potions","floor":8.0,"gold_loss":0.0,"damage_taken":0.0},{"damage_healed":0,"gold_gain":0,"player_choice":"Ignored","damage_taken":0,"max_hp_gain":0,"max_hp_loss":0,"event_name":"The Mausoleum","floor":28,"gold_loss":0}],"is_beta":false,"boss_relics":[{"not_picked":["Empty Cage","Orrery"],"picked":"Runic Cube"}],"items_purged_floors":[19],"is_endless":false,"potions_floor_spawned":[1,2,3,16,18,22,24],"killed_by":"Sentry and Sphere","ascension_level":17}