{"gold_per_floor":[110,130,130,95,170,203,203,203,203,219,238,263,275,289,289,388,388,403,403,415,41,58,58,89,89,112,73,73,103,103,123,123,224,224,244,16,27,43,43,43,43,143,170,189,203,203,220,234,234,234],"floor_reached":51,"playtime":3183,"items_purged":[],"score":777,"play_id":"ea3692f4-4bb4-464b-b840-a532e3a0ca81","local_time":"20190112175100","is_ascension_mode":true,"campfire_choices":[{"data":"True Grit","floor":7,"key":"SMITH"},{"data":"Bash","floor":15,"key":"SMITH"},{"data":"Clothesline","floor":23,"key":"SMITH"},{"data":"Disarm","floor":25,"key":"SMITH"},{"data":"Whirlwind","floor":28,"key":"SMITH"},{"floor":32,"key":"REST"},{"data":"Rage","floor":40,"key":"SMITH"},{"floor":46,"key":"REST"},{"floor":49,"key":"REST"}],"neow_cost":"NONE","seed_source_timestamp":333962329628842,"circlet_count":0,"master_deck":["Strike_R","Strike_R","Defend_R","Defend_R","Defend_R","Defend_R","Bash+1","Pommel Strike+1","True Grit+1","Carnage+1","Clothesline+1","Sword Boomerang","Headbutt","Shrug It Off","Sever Soul","Reaper","Thunderclap","Disarm+1","Shockwave+1","Warcry","Whirlwind+1","Impervious","Offering","Rage+1","Dark Shackles","Feel No Pain","Disarm+1"],"relics":["Burning Blood","NeowsBlessing","Oddly Smooth Stone","Darkstone Periapt","Dodecahedron","Mark of Pain","Vajra","Bag of Marbles","Orichalcum","Whetstone","Red Mask","White Beast Statue","Strawberry","Gambling Chip","Bronze Scales"],"potions_floor_usage":[16,29,29,33,38,42,44,45,45,50,50,50],"damage_taken":[{"damage":0,"enemies":"Jaw Worm","floor":1,"turns":1},{"damage":0,"enemies":"Small Slimes","floor":2,"turns":1},{"damage":0,"enemies":"Gremlin Nob","floor":6,"turns":1},{"damage":0,"enemies":"Cultist","floor":10,"turns":3},{"damage":7,"enemies":"Blue Slaver","floor":11,"turns":4},{"damage":23,"enemies":"Lagavulin","floor":12,"turns":8},{"damage":11,"enemies":"Large Slime","floor":13,"turns":5},{"damage":0,"enemies":"Looter","floor":14,"turns":3},{"damage":53,"enemies":"Hexaghost","floor":16,"turns":13},{"damage":0,"enemies":"Chosen","floor":18,"turns":4},{"damage":15,"enemies":"2 Thieves","floor":20,"turns":4},{"damage":28,"enemies":"Centurion and Healer","floor":22,"turns":8},{"damage":28,"enemies":"Book of Stabbing","floor":24,"turns":6},{"damage":24,"enemies":"Masked Bandits","floor":29,"turns":5},{"damage":13,"enemies":"Colosseum Slavers","floor":30,"turns":4},{"damage":2,"enemies":"Cultist and Chosen","floor":31,"turns":3},{"damage":56,"enemies":"Collector","floor":33,"turns":9},{"damage":2,"enemies":"Orb Walker","floor":35,"turns":4},{"damage":6,"enemies":"3 Darklings","floor":37,"turns":4},{"damage":11,"enemies":"4 Shapes","floor":38,"turns":7},{"damage":0,"enemies":"Mind Bloom Boss Battle","floor":42,"turns":8},{"damage":12,"enemies":"Sphere and 2 Shapes","floor":44,"turns":4},{"damage":54,"enemies":"Writhing Mass","floor":45,"turns":7},{"damage":37,"enemies":"Jaw Worm Horde","floor":47,"turns":4},{"damage":18,"enemies":"3 Darklings","floor":48,"turns":2},{"damage":56,"enemies":"Awakened One","floor":50,"turns":26}],"seed_played":"-8324451080062073960","potions_obtained":[{"floor":2,"key":"Ancient Potion"},{"floor":11,"key":"Poison Potion"},{"floor":13,"key":"GamblersBrew"},{"floor":16,"key":"Dexterity Potion"},{"floor":33,"key":"Swift Potion"},{"floor":35,"key":"PowerPotion"},{"floor":37,"key":"EssenceOfSteel"},{"floor":38,"key":"Regen Potion"},{"floor":42,"key":"Explosive Potion"},{"floor":44,"key":"PowerPotion"},{"floor":45,"key":"BloodPotion"},{"floor":47,"key":"Swift Potion"},{"floor":48,"key":"Dexterity Potion"}],"is_trial":false,"path_per_floor":["M","M","?","$","?","E","R","?","T","M","M","E","M","M","R","B",null,"M","?","M","$","M","R","E","R","T","$","R","?","?","M","R","B",null,"M","$","M","M","?","R","?","?","T","M","M","R","M","M","R","B",null],"character_chosen":"IRONCLAD","items_purchased":["Carnage","Vajra","Disarm","Bag of Marbles","Whirlwind","Rage","Strawberry"],"campfire_rested":3,"item_purchase_floors":[4,21,21,21,27,36,36],"current_hp_per_floor":[80,80,73,73,62,68,68,68,68,74,73,56,51,57,57,10,80,80,80,71,71,58,58,43,43,43,43,43,28,35,44,68,35,80,80,87,87,82,82,82,82,87,87,81,38,64,33,42,68,31],"gold":234,"neow_bonus":"THREE_ENEMY_KILL","is_prod":false,"is_daily":false,"chose_seed":false,"campfire_upgraded":6,"win_rate":0,"timestamp":1547344260,"path_taken":["M","M","?","$","?","E","R","?","T","M","?","E","M","M","R","BOSS","M","?","M","$","M","R","E","R","T","$","R","?","?","?","R","BOSS","M","$","M","M","?","R","?","?","T","M","M","R","M","M","R","BOSS"],"build_version":"2019-01-10","purchased_purges":0,"victory":true,"max_hp_per_floor":[80,80,80,80,80,80,80,80,80,80,80,80,80,80,80,80,80,80,80,80,80,80,80,80,80,80,80,80,80,80,80,80,80,80,80,87,87,87,87,87,87,87,87,87,87,87,87,87,87,87],"card_choices":[{"not_picked":["Twin Strike","Perfected Strike"],"picked":"Pommel Strike","floor":1},{"not_picked":["Anger","Wild Strike"],"picked":"True Grit","floor":2},{"not_picked":["True Grit","Dual Wield"],"picked":"Clothesline","floor":6},{"not_picked":["Pummel","Dual Wield"],"picked":"Headbutt","floor":10},{"not_picked":["Power Through","Clothesline","Heavy Blade"],"picked":"SKIP","floor":11},{"not_picked":["Flex","Burning Pact"],"picked":"Shrug It Off","floor":12},{"not_picked":["Dual Wield","Havoc","Exhume"],"picked":"SKIP","floor":13},{"not_picked":["Flex","Carnage"],"picked":"Sever Soul","floor":14},{"not_picked":["Berserk","Juggernaut"],"picked":"Reaper","floor":16},{"not_picked":["Armaments","Headbutt"],"picked":"Thunderclap","floor":18},{"not_picked":["Rampage+1","Heavy Blade"],"picked":"Metallicize","floor":20},{"not_picked":["Spot Weakness","Ghostly Armor"],"picked":"Shockwave+1","floor":22},{"not_picked":["Anger","Berserk"],"picked":"Warcry","floor":24},{"not_picked":["Perfected Strike","Spot Weakness+1"],"picked":"Impervious","floor":31},{"not_picked":["Fiend Fire","Exhume"],"picked":"Offering","floor":33},{"not_picked":["Uppercut+1","Flex","Perfected Strike+1"],"picked":"SKIP","floor":35},{"not_picked":["Carnage+1","Anger","Iron Wave+1"],"picked":"SKIP","floor":37},{"not_picked":["Uppercut","Immolate","True Grit"],"picked":"SKIP","floor":38},{"not_picked":["PanicButton","Panache"],"picked":"Dark Shackles","floor":41},{"not_picked":["Corruption+1","Cleave+1"],"picked":"Feel No Pain","floor":44},{"not_picked":["Wild Strike","Carnage"],"picked":"Disarm+1","floor":45},{"not_picked":["Uppercut","Thunderclap","Twin Strike+1"],"picked":"SKIP","floor":47},{"not_picked":["Warcry","Wild Strike","Clothesline+1"],"picked":"SKIP","floor":48}],"player_experience":150070,"relics_obtained":[{"floor":6,"key":"Oddly Smooth Stone"},{"floor":9,"key":"Darkstone Periapt"},{"floor":12,"key":"Dodecahedron"},{"floor":24,"key":"Orichalcum"},{"floor":26,"key":"Whetstone"},{"floor":29,"key":"Red Mask"},{"floor":42,"key":"Gambling Chip"},{"floor":43,"key":"Bronze Scales"}],"event_choices":[{"cards_removed":["Strike_R"],"damage_healed":0,"gold_gain":0,"player_choice":"Card Removal","damage_taken":7,"max_hp_gain":0,"max_hp_loss":0,"event_name":"Golden Wing","floor":3,"gold_loss":0},{"damage_healed":0,"gold_gain":75,"player_choice":"Gather Gold","damage_taken":11,"max_hp_gain":0,"max_hp_loss":0,"event_name":"World of Goop","floor":5,"gold_loss":0},{"damage_healed":0,"gold_gain":0,"cards_transformed":["Strike_R"],"player_choice":"Transformed","damage_taken":0,"max_hp_gain":0,"max_hp_loss":0,"event_name":"Transmorgrifier","floor":8,"gold_loss":0,"cards_obtained":["Sword Boomerang"]},{"cards_removed":["Strike_R"],"damage_healed":0,"gold_gain":0,"player_choice":"Elegance","damage_taken":0,"max_hp_gain":0,"max_hp_loss":0,"event_name":"Back to Basics","floor":19,"gold_loss":0},{"damage_healed":0,"gold_gain":0,"player_choice":"Fought Bandits","damage_taken":0,"max_hp_gain":0,"max_hp_loss":0,"event_name":"Masked Bandits","floor":29,"gold_loss":0},{"damage_healed":0,"gold_gain":0,"player_choice":"Fight","damage_taken":0,"max_hp_gain":0,"max_hp_loss":0,"event_name":"Colosseum","floor":30,"gold_loss":0},{"damage_healed":0,"gold_gain":0,"player_choice":"Fled From Nobs","damage_taken":0,"max_hp_gain":0,"max_hp_loss":0,"event_name":"Colosseum","floor":30,"gold_loss":0},{"cards_removed":["Metallicize"],"damage_healed":0,"gold_gain":0,"player_choice":"Removed Power","damage_taken":0,"max_hp_gain":0,"max_hp_loss":0,"event_name":"Falling","floor":39,"gold_loss":0},{"damage_healed":0,"gold_gain":0,"player_choice":"Memory 1","damage_taken":0,"max_hp_gain":0,"max_hp_loss":0,"event_name":"SensoryStone","floor":41,"gold_loss":0},{"damage_healed":0,"gold_gain":0,"player_choice":"Fight","damage_taken":0,"max_hp_gain":0,"max_hp_loss":0,"event_name":"MindBloom","floor":42,"gold_loss":0}],"is_beta":false,"boss_relics":[{"not_picked":["Coffee Dripper","Eternal Feather"],"picked":"Mark of Pain"},{"not_picked":["Sozu","Busted Crown"],"picked":"White Beast Statue"}],"items_purged_floors":[],"is_endless":false,"potions_floor_spawned":[2,11,13,16,20,30,33,35,37,38,42,44,45,47,48],"ascension_level":3}