{"gold_per_floor":[115,45,55,71,86,86,261,294,294,294,294,38,61,74,74,74],"floor_reached":16,"playtime":2767,"items_purged":[],"score":138,"play_id":"62dad932-67f0-4a16-938f-cefe20fc8264","local_time":"20190212140331","is_ascension_mode":true,"campfire_choices":[{"floor":6,"key":"REST"},{"floor":11,"key":"REST"},{"floor":15,"key":"REST"}],"neow_cost":"PERCENT_DAMAGE","seed_source_timestamp":249007290477504,"circlet_count":0,"master_deck":["Defend_G","Defend_G","Defend_G","Defend_G","Defend_G","Strike_G","Strike_G","Strike_G","Strike_G","Strike_G","Survivor","Neutralize","Infinite Blades","Accuracy","Prepared","Flying Knee","Well Laid Plans","Doubt","Cloak And Dagger","Slice","Caltrops"],"relics":["Ring of the Snake","Gambling Chip","Juzu Bracelet","Shuriken","Golden Idol","ClockworkSouvenir"],"potions_floor_usage":[8,8,16],"damage_taken":[{"damage":0,"enemies":"2 Louse","floor":1,"turns":3},{"damage":1,"enemies":"Small Slimes","floor":3,"turns":4},{"damage":0,"enemies":"Cultist","floor":4,"turns":4},{"damage":18,"enemies":"3 Louse","floor":5,"turns":5},{"damage":38,"enemies":"Lagavulin","floor":8,"turns":10},{"damage":0,"enemies":"Exordium Wildlife","floor":13,"turns":4},{"damage":21,"enemies":"Gremlin Gang","floor":14,"turns":6},{"damage":26,"enemies":"Slime Boss","floor":16,"turns":6}],"seed_played":"9006652766792203671","potions_obtained":[{"floor":3,"key":"EssenceOfSteel"},{"floor":5,"key":"Weak Potion"}],"is_trial":false,"path_per_floor":["M","$","M","M","M","R","?","E","T","?","R","$","M","M","R","B"],"character_chosen":"THE_SILENT","items_purchased":["Accuracy","ClockworkSouvenir","Strength Potion"],"campfire_rested":3,"item_purchase_floors":[2,12,12],"current_hp_per_floor":[45,45,44,44,26,47,47,9,9,9,28,28,28,7,26,0],"gold":74,"neow_bonus":"ONE_RARE_RELIC","is_prod":false,"is_daily":false,"chose_seed":false,"campfire_upgraded":0,"win_rate":0,"timestamp":1549976611,"path_taken":["M","$","M","M","M","R","?","E","T","?","R","$","M","M","R","BOSS"],"build_version":"2019-01-23","purchased_purges":0,"victory":false,"max_hp_per_floor":[70,70,70,70,70,70,70,70,70,65,65,65,65,65,65,65],"card_choices":[{"not_picked":["Cloak And Dagger","Dodge and Roll"],"picked":"Infinite Blades","floor":1},{"not_picked":["Infinite Blades","Deadly Poison"],"picked":"Prepared","floor":3},{"not_picked":["Dagger Throw","Deadly Poison"],"picked":"Flying Knee","floor":4},{"not_picked":["Leg Sweep","PiercingWail"],"picked":"Well Laid Plans","floor":5},{"not_picked":["Predator","Night Terror"],"picked":"Cloak And Dagger","floor":8},{"not_picked":["Dodge and Roll","Bane"],"picked":"Slice","floor":13},{"not_picked":["Blur","Poisoned Stab"],"picked":"Caltrops","floor":14}],"player_experience":449873,"relics_obtained":[{"floor":8,"key":"Juzu Bracelet"},{"floor":9,"key":"Shuriken"}],"event_choices":[{"damage_healed":0,"gold_gain":175,"player_choice":"AGREE","damage_taken":0,"max_hp_gain":0,"max_hp_loss":0,"event_name":"Liars Game","floor":7,"gold_loss":0,"cards_obtained":["Doubt"]},{"damage_healed":0,"gold_gain":0,"player_choice":"Lose Max HP","damage_taken":0,"relics_obtained":["Golden Idol"],"max_hp_gain":0,"max_hp_loss":5,"event_name":"Golden Idol","floor":10,"gold_loss":0}],"is_beta":false,"boss_relics":[],"items_purged_floors":[],"is_endless":false,"potions_floor_spawned":[3,5],"killed_by":"Slime Boss","ascension_level":7}