{"gold_per_floor":[119,136,61,79,95,125,125,153,153,169,183,216,216,231,231,335,335,345,355,27,38,50,81,81,81,81,101,121,121],"floor_reached":29,"playtime":1669,"items_purged":["Strike_B"],"score":366,"play_id":"1ad33390-f9ee-4b38-b537-62005ed6284a","local_time":"20181002212144","is_ascension_mode":true,"campfire_choices":[{"data":"Sunder","floor":7.0,"key":"SMITH"},{"floor":13.0,"key":"REST"},{"floor":15.0,"key":"REST"},{"floor":25,"key":"REST"}],"neow_cost":"TEN_PERCENT_HP_LOSS","seed_source_timestamp":948247021014752,"circlet_count":0,"master_deck":["Strike_B","Strike_B","Strike_B","Defend_B","Defend_B","Defend_B","Defend_B","Zap","Dualcast","Electrodynamics","Sunder+1","Beam Cell","Turbo","Glacier","Chaos","Coolheaded","Glacier","Ball Lightning+1","Compile Driver+1","Biased Cognition","Sweeping Beam+1","Redo+1","Storm","Meteor Strike+1","Conserve Battery","Conserve Battery+1","Aggregate"],"special_seed":0,"relics":["Cracked Core","Bag of Marbles","Singing Bowl","Molten Egg 2","Smiling Mask","Runic Dome","Mummified Hand","Blue Candle","Bronze Scales"],"potions_floor_usage":[23,29],"damage_taken":[{"damage":1.0,"enemies":"Cultist","floor":1.0,"turns":4.0},{"damage":0.0,"enemies":"2 Louse","floor":2.0,"turns":1.0},{"damage":12.0,"enemies":"Jaw Worm","floor":4.0,"turns":3.0},{"damage":1.0,"enemies":"2 Fungi Beasts","floor":5.0,"turns":2.0},{"damage":8.0,"enemies":"Gremlin Nob","floor":6.0,"turns":3.0},{"damage":4.0,"enemies":"3 Sentries","floor":8.0,"turns":4.0},{"damage":10.0,"enemies":"Large Slime","floor":10.0,"turns":4.0},{"damage":0.0,"enemies":"Blue Slaver","floor":11.0,"turns":1.0},{"damage":9.0,"enemies":"Gremlin Nob","floor":12.0,"turns":4.0},{"damage":10.0,"enemies":"3 Louse","floor":14.0,"turns":3.0},{"damage":1.0,"enemies":"The Guardian","floor":16.0,"turns":12.0},{"damage":5.0,"enemies":"Shell Parasite","floor":18.0,"turns":5.0},{"damage":11.0,"enemies":"Spheric Guardian","floor":19.0,"turns":3.0},{"damage":3,"enemies":"Snecko","floor":21,"turns":5},{"damage":16,"enemies":"Snake Plant","floor":22,"turns":3},{"damage":13,"enemies":"Gremlin Leader","floor":23,"turns":5},{"damage":4,"enemies":"Centurion and Healer","floor":27,"turns":5},{"damage":25,"enemies":"Shelled Parasite and Fungi","floor":28,"turns":4},{"damage":26,"enemies":"Book of Stabbing","floor":29,"turns":3}],"seed_played":"4815866894503552397","potions_obtained":[{"floor":1.0,"key":"FearPotion"},{"floor":5.0,"key":"Weak Potion"},{"floor":6.0,"key":"SkillPotion"},{"floor":11.0,"key":"AttackPotion"},{"floor":16.0,"key":"Regen Potion"},{"floor":19.0,"key":"Dexterity Potion"}],"is_trial":false,"path_per_floor":["M","M","$","M","M","E","R","E","T","M","M","E","R","M","R","B",null,"M","M","$","M","M","E","?","R","T","M","M"],"character_chosen":"DEFECT","items_purchased":["Mummified Hand","Storm"],"campfire_rested":3,"item_purchase_floors":[20,20],"current_hp_per_floor":[67,67,67,55,54,46,46,44,44,34,34,25,46,36,57,56,67,62,51,51,48,32,33,33,54,54,50,25,0],"gold":121,"neow_bonus":"THREE_RARE_CARDS","is_prod":false,"is_daily":false,"chose_seed":false,"campfire_upgraded":1,"win_rate":0,"timestamp":1538529704,"path_taken":["M","M","?","M","M","E","R","E","T","?","?","E","R","M","R","BOSS","M","M","$","M","?","E","?","R","T","M","M","E"],"build_version":"2018-09-27","purchased_purges":1,"victory":false,"max_hp_per_floor":[68,68,68,68,68,68,68,70,70,70,70,70,70,70,70,70,70,70,70,70,70,70,72,72,72,72,72,72,72],"card_choices":[{"not_picked":["Meteor Strike","Multi-Cast"],"picked":"Electrodynamics","floor":0.0},{"not_picked":["Undo","Beam Cell"],"picked":"Sunder","floor":1.0},{"not_picked":["Steam","Turbo"],"picked":"Beam Cell","floor":2.0},{"not_picked":["Beam Cell","Barrage"],"picked":"Turbo","floor":4.0},{"not_picked":["Sweeping Beam","Beam Cell"],"picked":"Glacier","floor":5.0},{"not_picked":["Steam","Rip and Tear"],"picked":"Chaos","floor":6.0},{"not_picked":["Scrape","Redo","Turbo"],"picked":"Singing Bowl","floor":8.0},{"not_picked":["Barrage+1","Static Discharge"],"picked":"Coolheaded","floor":10.0},{"not_picked":["Fusion","Gash+1"],"picked":"Glacier","floor":11.0},{"not_picked":["Stack","Doom and Gloom+1"],"picked":"Ball Lightning+1","floor":12.0},{"not_picked":["Hologram","Chaos"],"picked":"Compile Driver+1","floor":14.0},{"not_picked":["Seek","Reboot"],"picked":"Biased Cognition","floor":16.0},{"not_picked":["Static Discharge","Gash+1"],"picked":"Sweeping Beam+1","floor":18.0},{"not_picked":["Double Energy","Sweeping Beam+1"],"picked":"Redo+1","floor":19.0},{"not_picked":["Sunder+1","Coolheaded"],"picked":"Meteor Strike+1","floor":21},{"not_picked":["Tempest","Stack"],"picked":"Conserve Battery","floor":22},{"not_picked":["Sweeping Beam+1","Stack","Coolheaded"],"picked":"Singing Bowl","floor":23},{"not_picked":["Leap","Streamline+1"],"picked":"Conserve Battery+1","floor":27},{"not_picked":["Rainbow","Leap"],"picked":"Aggregate","floor":28}],"player_experience":537516,"relics_obtained":[{"floor":6.0,"key":"Bag of Marbles"},{"floor":8.0,"key":"Singing Bowl"},{"floor":9.0,"key":"Molten Egg 2"},{"floor":12.0,"key":"Smiling Mask"},{"floor":23,"key":"Blue Candle"},{"floor":26,"key":"Bronze Scales"}],"event_choices":[{"event_name":"Vampires","player_choice":"Ignored","floor":24,"damage_taken":0}],"is_beta":false,"boss_relics":[{"not_picked":["Empty Cage","White Beast Statue"],"picked":"Runic Dome"}],"items_purged_floors":[3],"is_endless":false,"potions_floor_spawned":[1,5,6,11,16,19],"killed_by":"Book of Stabbing","ascension_level":7}