{"gold_per_floor":[12,12,12,22,34,66,66,98,98,114,131,131,151,180,180,180],"floor_reached":16,"playtime":841,"items_purged":[],"score":171,"play_id":"08f6916f-f379-4930-95ea-05419e377743","local_time":"20180917150549","is_ascension_mode":true,"campfire_choices":[{"data":"Flame Barrier","floor":7,"key":"SMITH"},{"data":"Bloodletting","floor":12,"key":"SMITH"},{"floor":15,"key":"REST"}],"neow_cost":"NO_GOLD","seed_source_timestamp":216932788095992,"circlet_count":0,"master_deck":["Strike_R","Strike_R","Strike_R","Strike_R","Strike_R","Defend_R","Defend_R","Defend_R","Defend_R","Bash+1","Carnage","Rage","Headbutt","Flame Barrier+1","Shockwave","Bloodletting+1","Whirlwind","Rupture","Dropkick"],"relics":["Burning Blood","Pear","Oddly Smooth Stone","Juzu Bracelet","Dodecahedron","Bottled Lightning"],"potions_floor_usage":[16],"damage_taken":[{"damage":9,"enemies":"Jaw Worm","floor":1,"turns":3},{"damage":0,"enemies":"2 Louse","floor":4,"turns":2},{"damage":1,"enemies":"Cultist","floor":5,"turns":3},{"damage":16,"enemies":"Gremlin Nob","floor":6,"turns":3},{"damage":18,"enemies":"3 Sentries","floor":8,"turns":10},{"damage":0,"enemies":"Large Slime","floor":10,"turns":3},{"damage":16,"enemies":"Exordium Wildlife","floor":11,"turns":3},{"damage":0,"enemies":"2 Fungi Beasts","floor":13,"turns":3},{"damage":21,"enemies":"Gremlin Nob","floor":14,"turns":4},{"damage":86,"enemies":"Hexaghost","floor":16,"turns":10}],"seed_played":"577110507381693547","potions_obtained":[{"floor":5,"key":"Energy Potion"},{"floor":8,"key":"SpeedPotion"},{"floor":10,"key":"AttackPotion"},{"floor":11,"key":"Fire Potion"}],"is_trial":false,"path_per_floor":["M","?","?","M","M","E","R","E","T","M","M","R","M","E","R"],"character_chosen":"IRONCLAD","items_purchased":[],"campfire_rested":1,"item_purchase_floors":[],"current_hp_per_floor":[93,78,78,84,89,79,79,67,67,73,63,63,69,54,85,0],"gold":180,"neow_bonus":"TWENTY_PERCENT_HP_BONUS","is_prod":false,"is_daily":false,"chose_seed":false,"campfire_upgraded":2,"win_rate":0,"timestamp":1537211149,"path_taken":["M","?","?","M","M","E","R","E","T","M","M","R","M","E","R","BOSS"],"build_version":"2018-09-06","purchased_purges":0,"victory":false,"max_hp_per_floor":[96,106,106,106,106,106,106,106,106,106,106,106,106,106,106,106],"card_choices":[{"not_picked":["Sword Boomerang","Hemokinesis"],"picked":"Carnage","floor":1},{"not_picked":["Hemokinesis","Cleave"],"picked":"Rage","floor":4},{"not_picked":["Body Slam","Sever Soul"],"picked":"Headbutt","floor":5},{"not_picked":["Pummel","Body Slam"],"picked":"Flame Barrier","floor":6},{"not_picked":["Perfected Strike","Bludgeon"],"picked":"Shockwave","floor":8},{"not_picked":["Body Slam","Anger"],"picked":"Bloodletting","floor":10},{"not_picked":["Flex","Flame Barrier"],"picked":"Whirlwind","floor":11},{"not_picked":["Perfected Strike","Flex"],"picked":"Rupture","floor":13},{"not_picked":["Armaments","Combust"],"picked":"Dropkick","floor":14}],"player_experience":403075,"relics_obtained":[{"floor":6,"key":"Oddly Smooth Stone"},{"floor":8,"key":"Juzu Bracelet"},{"floor":9,"key":"Dodecahedron"},{"floor":14,"key":"Bottled Lightning"}],"event_choices":[{"event_name":"Scrap Ooze","player_choice":"success","floor":2,"damage_taken":25},{"event_name":"Upgrade Shrine","player_choice":"Upgraded","floor":3,"damage_taken":0}],"is_beta":false,"boss_relics":[],"items_purged_floors":[],"is_endless":false,"potions_floor_spawned":[5,8,10,11,14],"killed_by":"Hexaghost","ascension_level":4}