{"gold_per_floor":[114,114,114,114,124,124,44,44,44,44,61,96,21,55,55,126,126,126,19,19,98,116,116,136,163,239,239,239,253,269,289,289,289],"floor_reached":33,"playtime":758,"items_purged":["Strike_R"],"score":544,"play_id":"781899d9-e79c-49cc-9fcc-80fdba56413b","local_time":"20190213013614","is_ascension_mode":true,"campfire_choices":[{"data":"Seeing Red","floor":6.0,"key":"SMITH"},{"data":"Whirlwind","floor":8.0,"key":"SMITH"},{"floor":10.0,"key":"REST"},{"data":"Inflame","floor":15.0,"key":"SMITH"},{"data":"Immolate","floor":23.0,"key":"SMITH"},{"floor":28,"key":"REST"},{"floor":32,"key":"REST"}],"neow_cost":"PERCENT_DAMAGE","seed_source_timestamp":30696824490000,"circlet_count":0,"master_deck":["AscendersBane","Strike_R","Strike_R","Strike_R","Defend_R","Defend_R","Defend_R","Defend_R","Bash+1","Seeing Red+1","Whirlwind+1","Sword Boomerang","Inflame+1","Immolate+1","Reaper"],"special_seed":0,"relics":["Burning Blood","Smiling Mask","Bird Faced Urn","Pear","Potion Belt","Lizard Tail","Paper Frog","Nunchaku","Blue Candle"],"potions_floor_usage":[24,24,25,31,33],"damage_taken":[{"damage":11.0,"enemies":"Jaw Worm","floor":1.0,"turns":6.0},{"damage":17.0,"enemies":"Small Slimes","floor":5.0,"turns":4.0},{"damage":2.0,"enemies":"2 Louse","floor":11.0,"turns":2.0},{"damage":31.0,"enemies":"Gremlin Nob","floor":12.0,"turns":4.0},{"damage":30.0,"enemies":"Lagavulin","floor":14.0,"turns":6.0},{"damage":28.0,"enemies":"Slime Boss","floor":16.0,"turns":5.0},{"damage":0.0,"enemies":"Shell Parasite","floor":18.0,"turns":1.0},{"damage":56.0,"enemies":"Spheric Guardian","floor":22.0,"turns":6.0},{"damage":35,"enemies":"Shelled Parasite and Fungi","floor":24,"turns":3},{"damage":18,"enemies":"Gremlin Leader","floor":25,"turns":4},{"damage":53,"enemies":"Cultist and Chosen","floor":29,"turns":6},{"damage":18,"enemies":"3 Cultists","floor":30,"turns":3},{"damage":19,"enemies":"Chosen and Byrds","floor":31,"turns":5},{"damage":85,"enemies":"Champ","floor":33,"turns":10}],"seed_played":"2174522553837324715","potions_obtained":[{"floor":1.0,"key":"Energy Potion"},{"floor":12.0,"key":"SmokeBomb"},{"floor":16.0,"key":"GamblersBrew"},{"floor":22.0,"key":"Dexterity Potion"},{"floor":29,"key":"SpeedPotion"},{"floor":30,"key":"Explosive Potion"}],"is_trial":false,"path_per_floor":["M","?","?","?","M","R","$","R","T","R","M","E","?","E","R","B",null,"M","$","?","T","M","R","M","E","T","?","R","M","M","M","R","B"],"character_chosen":"IRONCLAD","items_purchased":["Whirlwind","Fire Potion"],"campfire_rested":3,"item_purchase_floors":[7,19],"current_hp_per_floor":[59,64,64,46,35,35,35,35,35,63,67,52,52,28,28,8,80,86,86,86,86,38,38,11,58,58,58,89,44,34,28,59,0],"gold":289,"neow_bonus":"TWENTY_PERCENT_HP_BONUS","is_prod":false,"is_daily":false,"chose_seed":false,"campfire_upgraded":4,"win_rate":0,"timestamp":1550014574,"path_taken":["M","?","?","?","M","R","$","R","T","R","M","E","?","E","R","BOSS","M","$","?","?","M","R","?","E","T","?","R","M","M","?","R","BOSS"],"build_version":"2019-01-23","purchased_purges":1,"victory":false,"max_hp_per_floor":[89,94,94,94,94,94,94,94,94,94,94,104,104,104,104,104,104,104,104,104,104,104,104,104,104,104,104,104,104,104,104,104,104],"card_choices":[{"not_picked":["Warcry","Body Slam","Iron Wave"],"picked":"SKIP","floor":1.0},{"not_picked":["Combust","Wild Strike"],"picked":"Seeing Red","floor":5.0},{"not_picked":["Flex","Blood for Blood"],"picked":"Sword Boomerang","floor":11.0},{"not_picked":["Second Wind","True Grit","Iron Wave"],"picked":"SKIP","floor":12.0},{"not_picked":["Perfected Strike","Spot Weakness"],"picked":"Inflame","floor":14.0},{"not_picked":["Exhume","Berserk"],"picked":"Immolate","floor":16.0},{"not_picked":["Heavy Blade","Wild Strike","Fire Breathing"],"picked":"SKIP","floor":22.0},{"not_picked":["Havoc","Clothesline","Intimidate"],"picked":"SKIP","floor":24},{"not_picked":["Dual Wield","Searing Blow+1"],"picked":"Reaper","floor":25},{"not_picked":["Headbutt","Dropkick","Body Slam"],"picked":"SKIP","floor":29},{"not_picked":["Twin Strike","Wild Strike","Rupture"],"picked":"SKIP","floor":30},{"not_picked":["Anger+1","Flex","Headbutt"],"picked":"SKIP","floor":31}],"player_experience":728273,"relics_obtained":[{"floor":9.0,"key":"Bird Faced Urn"},{"floor":12.0,"key":"Pear"},{"floor":14.0,"key":"Potion Belt"},{"floor":21.0,"key":"Paper Frog"},{"floor":25,"key":"Nunchaku"},{"floor":26,"key":"Blue Candle"}],"event_choices":[{"damage_healed":0.0,"max_hp_gain":5.0,"max_hp_loss":0.0,"gold_gain":0.0,"event_name":"Big Fish","player_choice":"Donut","floor":2.0,"gold_loss":0.0,"damage_taken":0.0},{"damage_healed":0.0,"max_hp_gain":0.0,"max_hp_loss":0.0,"gold_gain":0.0,"event_name":"Living Wall","player_choice":"Grow","floor":3.0,"gold_loss":0.0,"damage_taken":0.0,"cards_upgraded":["Bash"]},{"damage_healed":0.0,"max_hp_gain":0.0,"max_hp_loss":0.0,"gold_gain":0.0,"event_name":"Scrap Ooze","player_choice":"Success","floor":4.0,"gold_loss":0.0,"damage_taken":18.0,"relics_obtained":["Smiling Mask"]},{"cards_removed":["Strike_R"],"damage_healed":0.0,"max_hp_gain":0.0,"max_hp_loss":0.0,"gold_gain":0.0,"event_name":"The Cleric","player_choice":"Card Removal","floor":13.0,"gold_loss":75.0,"damage_taken":0.0},{"damage_healed":0,"gold_gain":0,"player_choice":"0 cards matched","damage_taken":0,"max_hp_gain":0,"max_hp_loss":0,"event_name":"Match and Keep!","floor":27,"gold_loss":0,"cards_obtained":[]}],"is_beta":false,"boss_relics":[{"not_picked":["Runic Cube","Runic Dome"],"picked":"Lizard Tail"}],"items_purged_floors":[19],"is_endless":false,"potions_floor_spawned":[1,12,16,18,22,29,30],"killed_by":"Champ","ascension_level":18}