{"gold_per_floor":[116,116,130,130,146,179,179,179,259,270,270,282,282,45,45,144,144,157,157,177,6,6,6,6,6,30,45,45,45],"floor_reached":29,"playtime":2953,"items_purged":["Regret"],"score":221,"play_id":"f244e121-5836-4cd1-b300-a54be8f3dcee","local_time":"20181104223900","is_ascension_mode":false,"campfire_choices":[{"floor":7,"key":"REST"},{"data":"Dualcast","floor":11,"key":"SMITH"},{"floor":15,"key":"REST"},{"floor":23,"key":"REST"},{"floor":28,"key":"REST"}],"neow_cost":"TEN_PERCENT_HP_LOSS","seed_source_timestamp":606183993480438,"circlet_count":0,"master_deck":["Strike_B","Strike_B","Strike_B","Defend_B","Defend_B","Defend_B","Defend_B","Zap","Dualcast+1","Dark Shackles","Forethought","Double Energy","Steam","Chill","Steam","Sweeping Beam","Conserve Battery","Blizzard","All For One","All For One","Ball Lightning","Static Discharge+1","Chill","Conserve Battery","Coolheaded","Sweeping Beam","Cold Snap+1","Redo","All For One","Rebound"],"relics":["Cracked Core","Frozen Egg 2","Darkstone Periapt","Gremlin Horn","StoneCalendar","Orrery","Nilry\u0027s Codex","Orichalcum"],"potions_floor_usage":[6,16,29,29,29,29,29],"damage_taken":[{"damage":1,"enemies":"Small Slimes","floor":1,"turns":3},{"damage":6,"enemies":"2 Louse","floor":3,"turns":2},{"damage":4,"enemies":"Jaw Worm","floor":5,"turns":5},{"damage":19,"enemies":"3 Sentries","floor":6,"turns":13},{"damage":8,"enemies":"Exordium Wildlife","floor":10,"turns":8},{"damage":0,"enemies":"2 Fungi Beasts","floor":12,"turns":4},{"damage":63,"enemies":"Hexaghost","floor":16,"turns":16},{"damage":26,"enemies":"3 Byrds","floor":18,"turns":7},{"damage":5,"enemies":"Spheric Guardian","floor":20,"turns":4},{"damage":21,"enemies":"3 Cultists","floor":27,"turns":7},{"damage":4,"enemies":"Colosseum Slavers","floor":29,"turns":3},{"damage":50,"enemies":"Colosseum Nobs","floor":29,"turns":3}],"seed_played":"-2134907450455994613","potions_obtained":[{"floor":5,"key":"Block Potion"},{"floor":12,"key":"Swift Potion"},{"floor":19,"key":"Ancient Potion"},{"floor":19,"key":"LiquidBronze"},{"floor":19,"key":"EntropicBrew"},{"floor":27,"key":"Explosive Potion"}],"is_trial":false,"path_per_floor":["M","?","M","?","M","E","R","T","T","M","R","M","?","$","R","B",null,"M","?","M","$","?","R","$","?","T","M","R","?"],"character_chosen":"DEFECT","items_purchased":["All For One","Redo","All For One"],"campfire_rested":4,"item_purchase_floors":[14,21,21],"current_hp_per_floor":[67,67,61,61,57,38,58,58,58,50,50,50,56,56,74,11,74,48,48,43,43,43,65,65,49,49,28,50,0],"gold":45,"neow_bonus":"RANDOM_COLORLESS_2","is_prod":false,"is_daily":false,"chose_seed":false,"campfire_upgraded":1,"win_rate":0.0,"timestamp":1541389140,"path_taken":["M","?","M","?","M","E","R","?","T","?","R","M","?","$","R","BOSS","M","?","?","$","?","R","$","?","T","M","R","?"],"build_version":"2018-11-01","purchased_purges":1,"victory":false,"max_hp_per_floor":[68,68,68,68,68,68,68,68,68,68,68,68,74,74,74,74,74,74,74,74,74,74,74,74,74,74,74,74,74],"card_choices":[{"not_picked":["Gash","Hologram"],"picked":"Double Energy","floor":1},{"not_picked":["Hello World","Rip and Tear"],"picked":"Steam","floor":3},{"not_picked":["Force Field","Self Repair"],"picked":"Steam","floor":5},{"not_picked":["Lockon","Beam Cell"],"picked":"Sweeping Beam","floor":6},{"not_picked":["Barrage","Steam"],"picked":"Conserve Battery","floor":10},{"not_picked":["Go for the Eyes","Streamline"],"picked":"Blizzard","floor":12},{"not_picked":["Reboot","Seek"],"picked":"All For One","floor":16},{"not_picked":["Barrage","Leap"],"picked":"Ball Lightning","floor":17},{"not_picked":["Auto Shields","Go for the Eyes"],"picked":"Static Discharge+1","floor":17},{"not_picked":["Beam Cell","Undo"],"picked":"Chill","floor":17},{"not_picked":["Capacitor+1","Double Energy"],"picked":"Conserve Battery","floor":17},{"not_picked":["Conserve Battery","Ball Lightning"],"picked":"Coolheaded","floor":17},{"not_picked":["Melter","Seek"],"picked":"Sweeping Beam","floor":18},{"not_picked":["Redo","Hologram"],"picked":"Cold Snap+1","floor":20},{"not_picked":["Streamline","Stack+1"],"picked":"Rebound","floor":27}],"player_experience":13921,"relics_obtained":[{"floor":6,"key":"Frozen Egg 2"},{"floor":8,"key":"Darkstone Periapt"},{"floor":9,"key":"Gremlin Horn"},{"floor":25,"key":"Nilry\u0027s Codex"},{"floor":26,"key":"Orichalcum"}],"event_choices":[{"damage_healed":0,"gold_gain":0,"player_choice":"Ignored","damage_taken":0,"max_hp_gain":0,"max_hp_loss":0,"event_name":"Golden Wing","floor":2,"gold_loss":0},{"damage_healed":0,"gold_gain":0,"cards_transformed":["Strike_B"],"player_choice":"Change","damage_taken":0,"max_hp_gain":0,"max_hp_loss":0,"event_name":"Living Wall","floor":4,"gold_loss":0,"cards_obtained":["Chill"]},{"damage_healed":0,"gold_gain":0,"player_choice":"Box","damage_taken":0,"relics_obtained":["StoneCalendar"],"max_hp_gain":0,"max_hp_loss":0,"event_name":"Big Fish","floor":13,"gold_loss":0,"cards_obtained":["Regret"]},{"damage_healed":0,"gold_gain":0,"player_choice":"Got Potions","damage_taken":0,"max_hp_gain":0,"max_hp_loss":0,"event_name":"Lab","floor":19,"gold_loss":0},{"damage_healed":0,"gold_gain":0,"player_choice":"Ignored","damage_taken":0,"max_hp_gain":0,"max_hp_loss":0,"event_name":"Ghosts","floor":22,"gold_loss":0},{"damage_healed":0,"gold_gain":0,"player_choice":"Obtained Book","damage_taken":16,"max_hp_gain":0,"max_hp_loss":0,"event_name":"Cursed Tome","floor":25,"gold_loss":0},{"damage_healed":0,"gold_gain":0,"player_choice":"Fight","damage_taken":0,"max_hp_gain":0,"max_hp_loss":0,"event_name":"Colosseum","floor":29,"gold_loss":0},{"damage_healed":0,"gold_gain":0,"player_choice":"Fought Nobs","damage_taken":0,"max_hp_gain":0,"max_hp_loss":0,"event_name":"Colosseum","floor":29,"gold_loss":0}],"is_beta":false,"boss_relics":[{"not_picked":["Calling Bell","Astrolabe"],"picked":"Orrery"}],"items_purged_floors":[14],"is_endless":false,"potions_floor_spawned":[5,12,27],"killed_by":"Colosseum Nobs","ascension_level":0}