{"gold_per_floor":[367,367,317,337,142,142,142,213,213,213,244,268,268,282,282,282],"floor_reached":16,"playtime":2515,"items_purged":["Strike_G"],"score":203,"play_id":"4f6d361f-b340-4619-98e1-5a06e67b4d2f","local_time":"20181118221532","is_ascension_mode":true,"campfire_choices":[{"data":"Blade Dance","floor":6.0,"key":"SMITH"},{"floor":10.0,"key":"REST"},{"data":"Deadly Poison","floor":13.0,"key":"SMITH"},{"floor":15,"key":"REST"}],"neow_cost":"PERCENT_DAMAGE","seed_source_timestamp":343546003649665,"circlet_count":0,"master_deck":["AscendersBane","Defend_G","Defend_G","Defend_G","Defend_G","Defend_G","Strike_G","Strike_G","Strike_G","Survivor","Neutralize","Blade Dance+1","Acrobatics","Well Laid Plans","Blade Dance","Injury","Deadly Poison+1","Footwork+1","Backflip"],"special_seed":0,"relics":["Ring of the Snake","PreservedInsect","Golden Idol","Darkstone Periapt","Frozen Egg 2","FossilizedHelix"],"potions_floor_usage":[16],"damage_taken":[{"damage":1.0,"enemies":"Small Slimes","floor":1.0,"turns":3.0},{"damage":1.0,"enemies":"2 Louse","floor":4.0,"turns":3.0},{"damage":0.0,"enemies":"3 Sentries","floor":11.0,"turns":6.0},{"damage":0.0,"enemies":"Cultist","floor":12.0,"turns":3.0},{"damage":0,"enemies":"Looter","floor":14,"turns":3},{"damage":78,"enemies":"Slime Boss","floor":16,"turns":13}],"seed_played":"299638718091505558","potions_obtained":[{"floor":1.0,"key":"SpeedPotion"},{"floor":4.0,"key":"Fire Potion"}],"is_trial":false,"path_per_floor":["M","?","?","M","$","R","?","T","T","R","E","M","R","M","R","B"],"character_chosen":"THE_SILENT","items_purchased":["Well Laid Plans","Blade Dance"],"campfire_rested":2,"item_purchase_floors":[5,5],"current_hp_per_floor":[44,26,26,25,25,25,25,25,25,46,46,46,46,46,67,0],"gold":282,"neow_bonus":"TWO_FIFTY_GOLD","is_prod":false,"is_daily":false,"chose_seed":false,"campfire_upgraded":2,"win_rate":0,"timestamp":1542597332,"path_taken":["M","?","?","M","$","R","?","?","T","R","E","M","R","M","R","BOSS"],"build_version":"2018-11-15","purchased_purges":1,"victory":false,"max_hp_per_floor":[70,70,70,70,70,70,70,70,70,70,70,70,70,70,70,70],"card_choices":[{"not_picked":["Eviscerate","Flying Knee"],"picked":"Blade Dance","floor":1.0},{"not_picked":["Deadly Poison","Dagger Throw"],"picked":"Acrobatics","floor":4.0},{"not_picked":["Dash","Sucker Punch"],"picked":"Deadly Poison","floor":11.0},{"not_picked":["Slice","Caltrops+1"],"picked":"Footwork+1","floor":12.0},{"not_picked":["Blade Dance","Endless Agony"],"picked":"Backflip","floor":14}],"player_experience":779997,"relics_obtained":[{"floor":8.0,"key":"Darkstone Periapt"},{"floor":9.0,"key":"Frozen Egg 2"},{"floor":11.0,"key":"FossilizedHelix"}],"event_choices":[{"damage_healed":0.0,"max_hp_gain":0.0,"max_hp_loss":0.0,"gold_gain":0.0,"event_name":"Scrap Ooze","player_choice":"Success","floor":2.0,"gold_loss":0.0,"damage_taken":18.0,"relics_obtained":["PreservedInsect"]},{"cards_removed":["Strike_G"],"damage_healed":0.0,"max_hp_gain":0.0,"max_hp_loss":0.0,"gold_gain":0.0,"event_name":"The Cleric","player_choice":"Card Removal","floor":3.0,"gold_loss":50.0,"damage_taken":0.0},{"damage_healed":0.0,"max_hp_gain":0.0,"max_hp_loss":0.0,"gold_gain":0.0,"event_name":"Golden Idol","player_choice":"Take Wound","floor":7.0,"gold_loss":0.0,"damage_taken":0.0,"relics_obtained":["Golden Idol"],"cards_obtained":["Injury"]}],"is_beta":false,"boss_relics":[],"items_purged_floors":[5],"is_endless":false,"potions_floor_spawned":[1,4],"killed_by":"Slime Boss","ascension_level":13}