{"gold_per_floor":[119,119,119,44,54,79,102,118,118,268,287,287,3,33,45,136,148,172,184,121,133,164,176,215,0,12,24,36,61,15,25,25,25],"floor_reached":33,"playtime":898,"items_purged":["Defend_R","Doubt"],"score":562,"play_id":"8152d1b8-5f19-4143-9164-cb78f5435c4a","local_time":"20190213011300","is_ascension_mode":true,"campfire_choices":[{"floor":12.0,"key":"REST"},{"floor":15.0,"key":"REST"},{"floor":23.0,"key":"REST"},{"floor":27,"key":"REST"},{"floor":32,"key":"REST"}],"neow_cost":"NONE","seed_source_timestamp":29130145567900,"circlet_count":0,"master_deck":["AscendersBane","Strike_R","Strike_R","Strike_R","Strike_R","Strike_R","Defend_R","Defend_R","Defend_R","Bash","Sword Boomerang","Uppercut","Ghostly Armor+1","Apotheosis+1","Limit Break+1","Shrug It Off+1","True Grit+1","Sword Boomerang","Warcry+1","Heavy Blade","Disarm+1"],"special_seed":0,"relics":["Burning Blood","NeowsBlessing","Toxic Egg 2","Odd Mushroom","Vajra","MawBank","Fusion Hammer","Enchiridion","Self Forming Clay","Singing Bowl"],"potions_floor_usage":[],"damage_taken":[{"damage":0.0,"enemies":"Small Slimes","floor":1.0,"turns":1.0},{"damage":0.0,"enemies":"2 Louse","floor":5.0,"turns":1.0},{"damage":0.0,"enemies":"Gremlin Nob","floor":6.0,"turns":1.0},{"damage":56.0,"enemies":"The Mushroom Lair","floor":7.0,"turns":6.0},{"damage":9.0,"enemies":"Jaw Worm","floor":8.0,"turns":4.0},{"damage":25.0,"enemies":"Large Slime","floor":11.0,"turns":6.0},{"damage":21.0,"enemies":"3 Sentries","floor":14.0,"turns":11.0},{"damage":16.0,"enemies":"The Guardian","floor":16.0,"turns":12.0},{"damage":17.0,"enemies":"Spheric Guardian","floor":18.0,"turns":4.0},{"damage":22.0,"enemies":"Colosseum Slavers","floor":21.0,"turns":4.0},{"damage":0.0,"enemies":"Chosen","floor":22.0,"turns":5.0},{"damage":36.0,"enemies":"Book of Stabbing","floor":24.0,"turns":5.0},{"damage":18,"enemies":"Snake Plant","floor":29,"turns":4},{"damage":19,"enemies":"Centurion and Healer","floor":31,"turns":7},{"damage":58,"enemies":"Automaton","floor":33,"turns":6}],"seed_played":"-6626769136276012047","potions_obtained":[{"floor":6.0,"key":"GamblersBrew"},{"floor":7.0,"key":"Explosive Potion"},{"floor":11.0,"key":"BloodPotion"},{"floor":22.0,"key":"Strength Potion"}],"is_trial":false,"path_per_floor":["M","?","?","$","M","E","?","M","T","?","M","R","$","E","R","B",null,"M","?","?","?","M","R","E","?","T","R","$","M","$","M","R","B"],"character_chosen":"IRONCLAD","items_purchased":["Apotheosis+1","Heavy Blade"],"campfire_rested":5,"item_purchase_floors":[13,30],"current_hp_per_floor":[74,79,79,79,80,80,30,27,27,27,8,32,32,25,49,39,70,59,38,38,22,28,52,22,22,22,46,46,34,34,21,45,0],"gold":25,"neow_bonus":"THREE_ENEMY_KILL","is_prod":false,"is_daily":false,"chose_seed":false,"campfire_upgraded":0,"win_rate":0,"timestamp":1550013180,"path_taken":["M","?","?","$","M","E","?","M","T","?","M","R","$","E","R","BOSS","M","?","?","?","M","R","E","?","T","R","$","?","?","M","R","BOSS"],"build_version":"2019-01-23","purchased_purges":2,"victory":false,"max_hp_per_floor":[75,80,80,80,80,80,80,80,80,80,80,80,80,80,80,80,80,80,80,80,80,80,80,80,80,80,80,80,80,80,80,80,80],"card_choices":[{"not_picked":["True Grit","Shockwave"],"picked":"Armaments","floor":1.0},{"not_picked":["Perfected Strike","Metallicize","Sentinel"],"picked":"SKIP","floor":5.0},{"not_picked":["Twin Strike","Demon Form"],"picked":"Sword Boomerang","floor":6.0},{"not_picked":["Anger","Pommel Strike"],"picked":"Uppercut","floor":7.0},{"not_picked":["Flex+1","Hemokinesis","Rupture"],"picked":"SKIP","floor":8.0},{"not_picked":["Body Slam","Whirlwind"],"picked":"Ghostly Armor+1","floor":11.0},{"not_picked":["Warcry+1","Fire Breathing","Iron Wave"],"picked":"SKIP","floor":14.0},{"not_picked":["Fiend Fire","Brutality"],"picked":"Limit Break+1","floor":16.0},{"not_picked":["Anger","Sword Boomerang"],"picked":"Shrug It Off+1","floor":18.0},{"not_picked":["Hemokinesis","Cleave"],"picked":"True Grit+1","floor":22.0},{"not_picked":["Iron Wave","Dual Wield+1"],"picked":"Sword Boomerang","floor":24.0},{"not_picked":["Combust","Sword Boomerang"],"picked":"Warcry+1","floor":29},{"not_picked":["Intimidate+1","Headbutt"],"picked":"Disarm+1","floor":31}],"player_experience":726819,"relics_obtained":[{"floor":6.0,"key":"Toxic Egg 2"},{"floor":7.0,"key":"Odd Mushroom"},{"floor":9.0,"key":"Vajra"},{"floor":14.0,"key":"MawBank"},{"floor":19.0,"key":"Enchiridion"},{"floor":24.0,"key":"Self Forming Clay"},{"floor":26,"key":"Singing Bowl"}],"event_choices":[{"damage_healed":0.0,"max_hp_gain":5.0,"max_hp_loss":0.0,"gold_gain":0.0,"event_name":"Big Fish","player_choice":"Donut","floor":2.0,"gold_loss":0.0,"damage_taken":0.0},{"damage_healed":0.0,"max_hp_gain":0.0,"max_hp_loss":0.0,"gold_gain":0.0,"event_name":"Living Wall","player_choice":"Grow","floor":3.0,"gold_loss":0.0,"damage_taken":0.0,"cards_upgraded":["Armaments"]},{"damage_healed":0.0,"max_hp_gain":0.0,"max_hp_loss":0.0,"gold_gain":0.0,"event_name":"Mushrooms","player_choice":"Fought Mushrooms","floor":7.0,"gold_loss":0.0,"damage_taken":0.0},{"damage_healed":0.0,"max_hp_gain":0.0,"max_hp_loss":0.0,"gold_gain":150.0,"event_name":"Liars Game","player_choice":"AGREE","floor":10.0,"gold_loss":0.0,"damage_taken":0.0,"cards_obtained":["Doubt"]},{"damage_healed":0.0,"max_hp_gain":0.0,"max_hp_loss":0.0,"gold_gain":0.0,"event_name":"Cursed Tome","player_choice":"Obtained Book","floor":19.0,"gold_loss":0.0,"damage_taken":21.0},{"cards_removed":["Armaments"],"damage_healed":0.0,"max_hp_gain":0.0,"max_hp_loss":0.0,"gold_gain":0.0,"event_name":"Beggar","player_choice":"Gave Gold","floor":20.0,"gold_loss":75.0,"damage_taken":0.0},{"damage_healed":0.0,"max_hp_gain":0.0,"max_hp_loss":0.0,"gold_gain":0.0,"event_name":"Colosseum","player_choice":"Fight","floor":21.0,"gold_loss":0.0,"damage_taken":0.0},{"damage_healed":0.0,"max_hp_gain":0.0,"max_hp_loss":0.0,"gold_gain":0.0,"event_name":"Colosseum","player_choice":"Fled From Nobs","floor":21.0,"gold_loss":0.0,"damage_taken":0.0},{"damage_healed":0,"gold_gain":0,"player_choice":"Paid Fearfully","damage_taken":0,"max_hp_gain":0,"max_hp_loss":0,"event_name":"Masked Bandits","floor":25,"gold_loss":227}],"is_beta":false,"boss_relics":[{"not_picked":["Astrolabe","Sozu"],"picked":"Fusion Hammer"}],"items_purged_floors":[4,13],"is_endless":false,"potions_floor_spawned":[6,7,11,21,22],"killed_by":"Automaton","ascension_level":18}