{"gold_per_floor":[110,130,8,27,47,47,47,122,148,168,168,24,24,38,38,136,136,150,168,267,267],"floor_reached":21,"playtime":828,"items_purged":["Strike_G"],"score":257,"play_id":"adcdb9e7-efe8-4f81-a0ef-021dd6b6f65a","local_time":"20190121205414","is_ascension_mode":true,"campfire_choices":[{"data":"Panacea","floor":6.0,"key":"SMITH"},{"floor":11.0,"key":"REST"},{"data":"Neutralize","floor":13.0,"key":"SMITH"},{"floor":15.0,"key":"REST"}],"neow_cost":"TEN_PERCENT_HP_LOSS","seed_source_timestamp":0,"circlet_count":0,"master_deck":["AscendersBane","Defend_G","Defend_G","Defend_G","Defend_G","Defend_G","Strike_G","Strike_G","Strike_G","Strike_G","Survivor","Neutralize+1","Riddle With Holes","Heel Hook","Panacea+1","Blade Dance","Dagger Spray","Masterful Stab","Well Laid Plans","Noxious Fumes","Bane","Adrenaline","Cloak And Dagger"],"special_seed":0,"relics":["Ring of the Serpent","StoneCalendar","Juzu Bracelet","Potion Belt"],"potions_floor_usage":[19],"damage_taken":[{"damage":1.0,"enemies":"Cultist","floor":1.0,"turns":3.0},{"damage":0.0,"enemies":"Small Slimes","floor":2.0,"turns":3.0},{"damage":4.0,"enemies":"Jaw Worm","floor":4.0,"turns":5.0},{"damage":5.0,"enemies":"3 Louse","floor":5.0,"turns":4.0},{"damage":0.0,"enemies":"Large Slime","floor":10.0,"turns":4.0},{"damage":31.0,"enemies":"Lots of Slimes","floor":14.0,"turns":4.0},{"damage":14.0,"enemies":"Slime Boss","floor":16.0,"turns":7.0},{"damage":22,"enemies":"Spheric Guardian","floor":18,"turns":4},{"damage":25,"enemies":"Shell Parasite","floor":19,"turns":5},{"damage":17,"enemies":"Masked Bandits","floor":21,"turns":2}],"seed_played":"-7348295728342770869","potions_obtained":[{"floor":1.0,"key":"SneckoOil"},{"floor":4.0,"key":"SteroidPotion"},{"floor":10.0,"key":"Block Potion"},{"floor":14.0,"key":"Swift Potion"}],"is_trial":false,"path_per_floor":["M","M","$","M","M","R","?","?","T","M","R","$","R","M","R","B","?","?"],"character_chosen":"THE_SILENT","items_purchased":["Panacea","Blade Dance","Noxious Fumes"],"campfire_rested":2,"item_purchase_floors":[3,3,12],"current_hp_per_floor":[62,62,62,58,53,53,41,30,30,30,48,48,48,17,35,21,53,31,6,6,0],"gold":267,"neow_bonus":"ONE_RARE_RELIC","is_prod":false,"is_daily":false,"chose_seed":false,"campfire_upgraded":2,"win_rate":0,"timestamp":1548122054,"path_taken":["M","M","$","M","M","R","?","?","T","M","R","$","R","M","R","BOSS","M","M","?","?"],"build_version":"2019-01-20","purchased_purges":1,"victory":false,"max_hp_per_floor":[63,63,63,63,63,63,63,63,63,63,63,63,63,63,63,63,63,63,63,63,63],"card_choices":[{"not_picked":["Underhanded Strike","Flying Knee"],"picked":"Riddle With Holes","floor":1.0},{"not_picked":["Acrobatics","Deadly Poison"],"picked":"Heel Hook","floor":2.0},{"not_picked":["Concentrate","Acrobatics"],"picked":"Dagger Spray","floor":4.0},{"not_picked":["Endless Agony","Quick Slash"],"picked":"Masterful Stab","floor":5.0},{"not_picked":["Slice","Bane"],"picked":"Well Laid Plans","floor":10.0},{"not_picked":["Flying Knee","Wraith Form v2"],"picked":"Bane","floor":14.0},{"not_picked":["Unload","A Thousand Cuts"],"picked":"Adrenaline","floor":16.0},{"not_picked":["Bane","Underhanded Strike","Quick Slash"],"picked":"SKIP","floor":18},{"not_picked":["Dagger Spray","Calculated Gamble+1"],"picked":"Cloak And Dagger","floor":19}],"player_experience":548136,"relics_obtained":[{"floor":9.0,"key":"Potion Belt"}],"event_choices":[{"damage_healed":0.0,"max_hp_gain":0.0,"max_hp_loss":0.0,"gold_gain":0.0,"event_name":"Scrap Ooze","player_choice":"Success","floor":7.0,"gold_loss":0.0,"damage_taken":12.0,"relics_obtained":["Juzu Bracelet"]},{"damage_healed":0.0,"max_hp_gain":0.0,"max_hp_loss":0.0,"gold_gain":75.0,"event_name":"World of Goop","player_choice":"Gather Gold","floor":8.0,"gold_loss":0.0,"damage_taken":11.0},{"damage_healed":0,"gold_gain":99,"player_choice":"Stole From Cult","damage_taken":0,"max_hp_gain":0,"max_hp_loss":0,"event_name":"Nest","floor":20,"gold_loss":0},{"damage_healed":0,"gold_gain":0,"player_choice":"Fought Bandits","damage_taken":0,"max_hp_gain":0,"max_hp_loss":0,"event_name":"Masked Bandits","floor":21,"gold_loss":0}],"is_beta":true,"boss_relics":[{"not_picked":["Velvet Choker","Runic Dome"],"picked":"Ring of the Serpent"}],"items_purged_floors":[12],"is_endless":false,"potions_floor_spawned":[1,4,10,14],"killed_by":"Masked Bandits","ascension_level":10}