{"gold_per_floor":[118,118,129,146,158,188,188,219,219,219,219,252,38,48,48,144,144],"floor_reached":17,"playtime":1600,"items_purged":["Defend_B"],"score":263,"play_id":"ddec827a-6a70-4db1-bcc7-cfb20b19c4f0","local_time":"20181030135425","is_ascension_mode":true,"campfire_choices":[{"data":"Zap","floor":7.0,"key":"SMITH"},{"floor":10.0,"key":"REST"},{"floor":15.0,"key":"REST"}],"neow_cost":"NONE","seed_source_timestamp":0,"circlet_count":0,"master_deck":["Strike_B","Strike_B","Defend_B","Defend_B","Defend_B","Zap+1","Dualcast+1","AscendersBane","Tempest","Compile Driver","Ball Lightning","Coolheaded","Glacier","Conserve Battery","Thunder Strike","Go for the Eyes","Creative AI","Tempest","Buffer"],"special_seed":0,"relics":["Cracked Core","Bottled Lightning","Orichalcum","Singing Bowl","Unceasing Top"],"potions_floor_usage":[],"damage_taken":[{"damage":3.0,"enemies":"Jaw Worm","floor":1.0,"turns":4.0},{"damage":0.0,"enemies":"2 Louse","floor":3.0,"turns":2.0},{"damage":1.0,"enemies":"Small Slimes","floor":4.0,"turns":3.0},{"damage":1.0,"enemies":"Red Slaver","floor":5.0,"turns":4.0},{"damage":7.0,"enemies":"3 Sentries","floor":6.0,"turns":10.0},{"damage":33.0,"enemies":"Gremlin Nob","floor":8.0,"turns":6.0},{"damage":11.0,"enemies":"3 Sentries","floor":12.0,"turns":6.0},{"damage":0.0,"enemies":"Exordium Wildlife","floor":14.0,"turns":4.0},{"damage":24.0,"enemies":"Hexaghost","floor":16.0,"turns":9.0}],"seed_played":"-3904112417841465256","potions_obtained":[{"floor":3.0,"key":"SkillPotion"},{"floor":6.0,"key":"Regen Potion"},{"floor":12.0,"key":"Strength Potion"}],"is_trial":false,"path_per_floor":["M","?","M","M","M","E","R","E","T","R","?","E","$","M","R","B"],"character_chosen":"DEFECT","items_purchased":["Creative AI"],"campfire_rested":2,"item_purchase_floors":[13],"current_hp_per_floor":[65,65,65,64,63,56,56,32,32,54,54,45,45,45,68,44,44],"gold":144,"neow_bonus":"TRANSFORM_CARD","is_prod":false,"is_daily":false,"chose_seed":false,"campfire_upgraded":1,"win_rate":0,"timestamp":1540922065,"path_taken":["M","?","M","M","M","E","R","E","T","R","?","E","$","?","R","BOSS"],"build_version":"2018-10-25v2","purchased_purges":1,"victory":false,"max_hp_per_floor":[75,75,75,75,75,75,75,75,75,75,75,77,77,77,77,77,77],"card_choices":[{"not_picked":["Beam Cell","Scrape"],"picked":"Compile Driver","floor":1.0},{"not_picked":["Stack","Ball Lightning"],"picked":"Coolheaded","floor":3.0},{"not_picked":["Conserve Battery","Turbo"],"picked":"Glacier","floor":4.0},{"not_picked":["Rip and Tear","Streamline"],"picked":"Conserve Battery","floor":5.0},{"not_picked":["Beam Cell","Barrage"],"picked":"Thunder Strike","floor":6.0},{"not_picked":["Coolheaded","Redo"],"picked":"Go for the Eyes","floor":8.0},{"not_picked":["Gash","Skim","Beam Cell"],"picked":"Singing Bowl","floor":12.0},{"not_picked":["Streamline","Amplify"],"picked":"Tempest","floor":14.0},{"not_picked":["Biased Cognition","Reboot"],"picked":"Buffer","floor":16.0}],"player_experience":664745,"relics_obtained":[{"floor":6.0,"key":"Bottled Lightning"},{"floor":8.0,"key":"Orichalcum"},{"floor":9.0,"key":"Singing Bowl"},{"floor":12.0,"key":"Unceasing Top"}],"event_choices":[{"damage_healed":0.0,"max_hp_gain":0.0,"max_hp_loss":0.0,"gold_gain":0.0,"cards_transformed":["Strike_B"],"event_name":"Living Wall","player_choice":"Change","floor":2.0,"gold_loss":0.0,"damage_taken":0.0,"cards_obtained":["Ball Lightning"]},{"damage_healed":0.0,"max_hp_gain":0.0,"max_hp_loss":0.0,"gold_gain":0.0,"event_name":"Upgrade Shrine","player_choice":"Upgraded","floor":11.0,"gold_loss":0.0,"damage_taken":0.0,"cards_upgraded":["Dualcast"]}],"is_beta":false,"boss_relics":[],"items_purged_floors":[13],"is_endless":false,"potions_floor_spawned":[3,6,12],"ascension_level":10}