{"gold_per_floor":[115,131,147,164,339,365,365,391,462,462,478,503,503,518,518,613,613,624,6,16,29,29,64,64,99,99,73,73,99,119,136,136,136],"floor_reached":33,"playtime":1952,"items_purged":["Doubt"],"score":470,"play_id":"cb6a5761-c910-449b-bb64-e412a8a5ba75","local_time":"20181015150327","is_ascension_mode":true,"campfire_choices":[{"floor":7,"key":"REST"},{"floor":10,"key":"REST"},{"floor":15,"key":"REST"},{"floor":24,"key":"REST"},{"floor":28,"key":"REST"},{"floor":32,"key":"REST"}],"neow_cost":"PERCENT_DAMAGE","seed_source_timestamp":343158348415967,"circlet_count":0,"master_deck":["Strike_R","Strike_R","Strike_R","Strike_R","Strike_R","Defend_R","Defend_R","Defend_R","Defend_R","Bash","Shockwave","Armaments","Sentinel","Spot Weakness","Thunderclap","Perfected Strike","Pommel Strike","True Grit","Twin Strike","Demon Form","Havoc+1","Shrug It Off","Feed","Uppercut","Decay","Perfected Strike+1","Perfected Strike","True Grit","Twin Strike+1","True Grit+1"],"relics":["Burning Blood","Vajra","Girya","Blue Candle","Happy Flower","Ancient Tea Set","Fusion Hammer","FossilizedHelix","Medical Kit","Ice Cream","Sundial","Nunchaku","Red Mask"],"potions_floor_usage":[6,8,12,16,33,33],"damage_taken":[{"damage":21,"enemies":"Small Slimes","floor":1,"turns":5},{"damage":12,"enemies":"Jaw Worm","floor":2,"turns":4},{"damage":7,"enemies":"Cultist","floor":3,"turns":4},{"damage":8,"enemies":"3 Louse","floor":4,"turns":6},{"damage":42,"enemies":"Lagavulin","floor":6,"turns":7},{"damage":19,"enemies":"3 Sentries","floor":8,"turns":7},{"damage":26,"enemies":"Exordium Thugs","floor":11,"turns":6},{"damage":19,"enemies":"Gremlin Nob","floor":12,"turns":4},{"damage":1,"enemies":"Large Slime","floor":14,"turns":4},{"damage":23,"enemies":"The Guardian","floor":16,"turns":8},{"damage":34,"enemies":"2 Thieves","floor":18,"turns":4},{"damage":0,"enemies":"Spheric Guardian","floor":20,"turns":3},{"damage":19,"enemies":"Snake Plant","floor":21,"turns":3},{"damage":32,"enemies":"Slavers","floor":23,"turns":5},{"damage":38,"enemies":"Book of Stabbing","floor":25,"turns":5},{"damage":16,"enemies":"Masked Bandits","floor":29,"turns":5},{"damage":14,"enemies":"Centurion and Healer","floor":30,"turns":4},{"damage":7,"enemies":"3 Cultists","floor":31,"turns":4},{"damage":69,"enemies":"Automaton","floor":33,"turns":6}],"seed_played":"6527375018073030569","potions_obtained":[{"floor":1,"key":"Fire Potion"},{"floor":3,"key":"Swift Potion"},{"floor":4,"key":"EssenceOfSteel"},{"floor":6,"key":"SpeedPotion"},{"floor":8,"key":"Fire Potion"},{"floor":12,"key":"Dexterity Potion"},{"floor":20,"key":"SteroidPotion"},{"floor":21,"key":"GamblersBrew"}],"is_trial":false,"path_per_floor":["M","M","M","M","?","E","R","E","T","R","M","E","?","M","R","B",null,"M","$","M","M","?","E","R","E","T","$","R","?","M","M","R"],"character_chosen":"IRONCLAD","items_purchased":["FossilizedHelix","Shrug It Off","Medical Kit","True Grit"],"campfire_rested":6,"item_purchase_floors":[19,19,19,27],"current_hp_per_floor":[52,46,45,43,43,7,35,22,22,50,30,17,17,22,50,33,80,52,52,58,45,45,22,51,19,19,19,48,38,30,32,62,0],"gold":136,"neow_bonus":"TWENTY_PERCENT_HP_BONUS","is_prod":false,"is_daily":false,"chose_seed":false,"campfire_upgraded":0,"win_rate":0,"timestamp":1539630207,"path_taken":["M","M","M","M","?","E","R","E","T","R","M","E","?","M","R","BOSS","M","$","M","M","?","E","R","E","T","$","R","?","M","M","R","BOSS"],"build_version":"2018-10-11","purchased_purges":1,"victory":false,"max_hp_per_floor":[96,96,96,96,96,96,96,96,96,96,96,96,96,96,96,96,96,96,96,96,96,96,99,99,99,99,99,99,99,99,102,102,102],"card_choices":[{"not_picked":["Headbutt","Entrench"],"picked":"Shockwave","floor":1},{"not_picked":["Warcry","Intimidate"],"picked":"Armaments","floor":2},{"not_picked":["Rupture","Flex"],"picked":"Sentinel","floor":3},{"not_picked":["Clothesline","Intimidate"],"picked":"Spot Weakness","floor":4},{"not_picked":["Shockwave","Twin Strike"],"picked":"Thunderclap","floor":6},{"not_picked":["Havoc","Hemokinesis"],"picked":"Perfected Strike","floor":8},{"not_picked":["Sword Boomerang","Rampage"],"picked":"Pommel Strike","floor":11},{"not_picked":["Second Wind","Flex"],"picked":"True Grit","floor":12},{"not_picked":["Armaments","Warcry"],"picked":"Twin Strike","floor":14},{"not_picked":["Barricade","Immolate"],"picked":"Demon Form","floor":16},{"not_picked":["Body Slam","Armaments"],"picked":"Havoc+1","floor":18},{"not_picked":["Havoc+1","Dropkick+1"],"picked":"Feed","floor":20},{"not_picked":["Carnage","Clothesline"],"picked":"Uppercut","floor":21},{"not_picked":["Warcry","True Grit"],"picked":"Perfected Strike+1","floor":23},{"not_picked":["Brutality","Fire Breathing"],"picked":"Perfected Strike","floor":25},{"not_picked":["Power Through","Cleave"],"picked":"Twin Strike+1","floor":29},{"not_picked":["Twin Strike","Spot Weakness"],"picked":"True Grit+1","floor":30},{"not_picked":["Clothesline","Thunderclap","Shockwave"],"picked":"SKIP","floor":31}],"player_experience":599222,"relics_obtained":[{"floor":6,"key":"Vajra"},{"floor":8,"key":"Girya"},{"floor":9,"key":"Blue Candle"},{"floor":12,"key":"Happy Flower"},{"floor":23,"key":"Ice Cream"},{"floor":25,"key":"Sundial"},{"floor":26,"key":"Nunchaku"},{"floor":29,"key":"Red Mask"}],"event_choices":[{"event_name":"Liars Game","player_choice":"agreed","floor":5,"damage_taken":0},{"event_name":"WeMeetAgain","player_choice":"Potion","floor":13,"damage_taken":0},{"event_name":"Forgotten Altar","player_choice":"Smashed Altar","floor":22,"damage_taken":0},{"event_name":"Masked Bandits","player_choice":"Fought Bandits","floor":29,"damage_taken":0}],"is_beta":false,"boss_relics":[{"not_picked":["White Beast Statue","Tiny House"],"picked":"Fusion Hammer"}],"items_purged_floors":[19],"is_endless":false,"potions_floor_spawned":[1,3,4,6,8,12,20,21,23,29],"killed_by":"Automaton","ascension_level":9}