{"gold_per_floor":[117,128,140,140,140,174,174,206,232,131,146,159,169,184,184,184],"floor_reached":16,"playtime":804,"items_purged":[],"score":137,"play_id":"6106700c-f319-4d7a-86db-8d00449d51a7","local_time":"20180917145119","is_ascension_mode":true,"campfire_choices":[{"floor":7,"key":"REST"},{"floor":15,"key":"REST"}],"neow_cost":"NONE","seed_source_timestamp":216068009579311,"circlet_count":0,"master_deck":["Strike_R","Strike_R","Strike_R","Defend_R+1","Defend_R","Defend_R","Defend_R","Bash","Heavy Blade","Fire Breathing+1","Inflame","Double Tap","Iron Wave","Battle Trance","Warcry","Fire Breathing","Flex","Anger","Flex"],"relics":["Empty Cage","Potion Belt","Art of War","Red Skull"],"potions_floor_usage":[8,12,14,14,16],"damage_taken":[{"damage":10,"enemies":"Small Slimes","floor":1,"turns":5},{"damage":0,"enemies":"2 Louse","floor":2,"turns":2},{"damage":3,"enemies":"Jaw Worm","floor":3,"turns":5},{"damage":20,"enemies":"Gremlin Nob","floor":6,"turns":4},{"damage":25,"enemies":"3 Sentries","floor":8,"turns":5},{"damage":0,"enemies":"Large Slime","floor":11,"turns":3},{"damage":6,"enemies":"Gremlin Gang","floor":12,"turns":4},{"damage":13,"enemies":"Lots of Slimes","floor":13,"turns":4},{"damage":11,"enemies":"Large Slime","floor":14,"turns":3},{"damage":34,"enemies":"The Guardian","floor":16,"turns":7}],"seed_played":"-8498225559583839602","potions_obtained":[{"floor":1,"key":"Dexterity Potion"},{"floor":5,"key":"Fire Potion"},{"floor":5,"key":"SkillPotion"},{"floor":6,"key":"Dexterity Potion"},{"floor":13,"key":"Regen Potion"},{"floor":14,"key":"Energy Potion"}],"is_trial":false,"path_per_floor":["M","M","M","?","?","E","R","E","T","$","M","M","M","M","R"],"character_chosen":"IRONCLAD","items_purchased":["Battle Trance","Warcry"],"campfire_rested":2,"item_purchase_floors":[10,10],"current_hp_per_floor":[70,70,67,51,51,31,55,30,30,30,30,24,11,9,33,0],"gold":184,"neow_bonus":"BOSS_RELIC","is_prod":false,"is_daily":false,"chose_seed":false,"campfire_upgraded":0,"win_rate":0,"timestamp":1537210279,"path_taken":["M","M","M","?","?","E","R","E","T","$","M","?","M","M","R","BOSS"],"build_version":"2018-09-06","purchased_purges":0,"victory":false,"max_hp_per_floor":[80,80,80,80,80,80,80,80,80,80,80,80,80,80,80,80],"card_choices":[{"not_picked":["Hemokinesis","Havoc"],"picked":"Heavy Blade","floor":1},{"not_picked":["Wild Strike","Body Slam"],"picked":"Fire Breathing","floor":2},{"not_picked":["Perfected Strike","Iron Wave"],"picked":"Inflame","floor":3},{"not_picked":["Cleave","Dropkick"],"picked":"Double Tap","floor":6},{"not_picked":["Armaments","Anger"],"picked":"Iron Wave","floor":8},{"not_picked":["Corruption","Clothesline"],"picked":"Fire Breathing","floor":11},{"not_picked":["Havoc","Bloodletting"],"picked":"Flex","floor":12},{"not_picked":["Havoc","Blood for Blood"],"picked":"Anger","floor":13},{"not_picked":["True Grit","Clash"],"picked":"Flex","floor":14}],"player_experience":402271,"relics_obtained":[{"floor":6,"key":"Potion Belt"},{"floor":8,"key":"Art of War"},{"floor":9,"key":"Red Skull"}],"event_choices":[{"event_name":"Shining Light","player_choice":"Entered Light","floor":4,"damage_taken":0},{"event_name":"The Lab","player_choice":"Got Potions","floor":5,"damage_taken":0}],"is_beta":false,"boss_relics":[],"items_purged_floors":[],"is_endless":false,"potions_floor_spawned":[1,6,13,14],"killed_by":"The Guardian","ascension_level":4}