{"gold_per_floor":[117,117,192,192,63,63,98,98,125,125,159,159,200,21,21,149,149,174,190,190,190,209,244,244,285,285,285,329,352,391,391,391,520,520,536,557,557,570,6,46,59,75,75,98,122,142,142,160,160,160],"floor_reached":51,"playtime":10142,"items_purged":["Injury","Strike_G"],"score":1364,"play_id":"7cfbcce5-dcb9-4107-8980-90c889f1e144","local_time":"20181103140906","is_ascension_mode":true,"campfire_choices":[{"floor":6.0,"key":"REST"},{"data":"Dagger Throw","floor":8.0,"key":"SMITH"},{"data":"Backflip","floor":10.0,"key":"SMITH"},{"data":"Backstab","floor":12.0,"key":"SMITH"},{"data":"Apotheosis","floor":15.0,"key":"SMITH"},{"floor":24,"key":"REST"},{"floor":27,"key":"REST"},{"floor":32,"key":"REST"},{"floor":47,"key":"REST"},{"floor":49,"key":"REST"}],"neow_cost":"NONE","seed_source_timestamp":0,"circlet_count":0,"master_deck":["AscendersBane","Defend_G","Defend_G","Defend_G+1","Defend_G","Defend_G","Strike_G","Strike_G","Strike_G","Strike_G+1","Survivor","Neutralize","Backflip+1","Dagger Throw+1","Dagger Spray","Backstab+1","Crippling Poison","Apotheosis+1","Tools of the Trade","Underhanded Strike","Well Laid Plans","RitualDagger","Prepared+1","Backflip","Terror","Noxious Fumes+1","Eviscerate+1","Quick Slash+1","Adrenaline+1","Prepared+1","PiercingWail+1","Secret Weapon","Acrobatics","A Thousand Cuts","Backflip+1","Calculated Gamble+1","Backflip","PiercingWail"],"special_seed":0,"relics":["Ring of the Snake","NeowsBlessing","Golden Idol","Blue Candle","Bag of Preparation","Centennial Puzzle","The Specimen","Fusion Hammer","Ancient Tea Set","Oddly Smooth Stone","Paper Crane","Regal Pillow","Calipers","CultistMask","Lizard Tail","Boot","Dodecahedron","Bottled Tornado"],"potions_floor_usage":[33,38,41,46,50,50],"damage_taken":[{"damage":0.0,"enemies":"2 Louse","floor":1.0,"turns":1.0},{"damage":0.0,"enemies":"Gremlin Nob","floor":7.0,"turns":1.0},{"damage":0.0,"enemies":"Lagavulin","floor":11.0,"turns":1.0},{"damage":4.0,"enemies":"3 Sentries","floor":13.0,"turns":8.0},{"damage":34.0,"enemies":"Hexaghost","floor":16.0,"turns":15.0},{"damage":0.0,"enemies":"Shell Parasite","floor":18.0,"turns":6.0},{"damage":0.0,"enemies":"Chosen","floor":19.0,"turns":5.0},{"damage":7.0,"enemies":"Snake Plant","floor":22.0,"turns":4.0},{"damage":5.0,"enemies":"Book of Stabbing","floor":23.0,"turns":6.0},{"damage":2,"enemies":"Gremlin Leader","floor":25,"turns":6},{"damage":0,"enemies":"Book of Stabbing","floor":28,"turns":5},{"damage":0,"enemies":"Chosen and Byrds","floor":29,"turns":4},{"damage":14,"enemies":"Slavers","floor":30,"turns":4},{"damage":32,"enemies":"Champ","floor":33,"turns":11},{"damage":18,"enemies":"Orb Walker","floor":35,"turns":3},{"damage":2,"enemies":"3 Shapes","floor":36,"turns":4},{"damage":2,"enemies":"Maw","floor":38,"turns":7},{"damage":0,"enemies":"Nemesis","floor":40,"turns":5},{"damage":8,"enemies":"Writhing Mass","floor":41,"turns":6},{"damage":13,"enemies":"4 Shapes","floor":42,"turns":4},{"damage":0,"enemies":"3 Darklings","floor":44,"turns":4},{"damage":3,"enemies":"Jaw Worm Horde","floor":45,"turns":3},{"damage":0,"enemies":"Writhing Mass","floor":46,"turns":3},{"damage":7,"enemies":"Maw","floor":48,"turns":5},{"damage":6,"enemies":"Awakened One","floor":50,"turns":14}],"seed_played":"-7028819328964469737","potions_obtained":[{"floor":1.0,"key":"Regen Potion"},{"floor":13.0,"key":"Fire Potion"},{"floor":19.0,"key":"Strength Potion"},{"floor":36,"key":"Regen Potion"},{"floor":41,"key":"FearPotion"},{"floor":48,"key":"EssenceOfSteel"}],"is_trial":false,"path_per_floor":["M","?","?","?","$","R","E","R","T","R","E","R","E","$","R","B",null,"M","M","?","?","M","E","R","E","T","R","E","M","E","?","R","B",null,"M","M","?","M","$","E","M","M","T","M","M","M","R","M","R","B",null],"character_chosen":"THE_SILENT","items_purchased":["Dagger Throw","Apotheosis","Secret Weapon","Boot","Acrobatics","GhostInAJar"],"campfire_rested":6,"item_purchase_floors":[5,14,39,39,39,39],"current_hp_per_floor":[63,49,38,38,38,59,59,59,59,59,59,59,69,69,69,35,61,61,61,55,55,48,43,64,62,62,70,70,70,56,56,70,38,62,44,42,42,52,52,52,44,31,31,31,28,28,64,57,70,64],"gold":160,"neow_bonus":"THREE_ENEMY_KILL","is_prod":false,"is_daily":false,"chose_seed":false,"campfire_upgraded":4,"win_rate":0,"timestamp":1541268546,"path_taken":["M","?","?","?","$","R","E","R","T","R","E","R","E","?","R","BOSS","M","M","?","?","M","E","R","E","T","R","E","M","E","?","R","BOSS","M","?","?","M","$","E","M","M","T","M","?","M","R","M","R","BOSS"],"build_version":"2018-11-01","purchased_purges":2,"victory":true,"max_hp_per_floor":[70,70,70,70,70,70,70,70,70,70,70,70,70,70,70,70,70,70,70,70,70,70,70,70,70,70,70,70,70,70,70,70,70,70,70,70,70,70,70,70,70,70,70,70,70,70,70,70,70,70],"card_choices":[{"not_picked":["Concentrate","Quick Slash"],"picked":"Backflip","floor":1.0},{"not_picked":["Blade Dance","Night Terror"],"picked":"Dagger Spray","floor":7.0},{"not_picked":["Dagger Spray","Quick Slash"],"picked":"Backstab","floor":11.0},{"not_picked":["Catalyst","Backflip"],"picked":"Crippling Poison","floor":13.0},{"not_picked":["Glass Knife","Doppelganger"],"picked":"Tools of the Trade","floor":16.0},{"not_picked":["Flechettes+1","Outmaneuver"],"picked":"Underhanded Strike","floor":18.0},{"not_picked":["Terror","Reflex"],"picked":"Well Laid Plans","floor":19.0},{"not_picked":["Bouncing Flask","Underhanded Strike"],"picked":"Prepared+1","floor":22.0},{"not_picked":["Flying Knee","Acrobatics"],"picked":"Backflip","floor":23.0},{"not_picked":["Tactician","Deflect"],"picked":"Terror","floor":25},{"not_picked":["Sucker Punch","Poisoned Stab"],"picked":"Noxious Fumes+1","floor":28},{"not_picked":["Bane+1","Phantasmal Killer"],"picked":"Eviscerate+1","floor":29},{"not_picked":["Masterful Stab+1","Bane+1"],"picked":"Quick Slash+1","floor":30},{"not_picked":["Bullet Time","Grand Finale"],"picked":"Adrenaline","floor":33},{"not_picked":["Slice","Finisher+1"],"picked":"Prepared+1","floor":35},{"not_picked":["Blade Dance+1","Finisher+1"],"picked":"PiercingWail+1","floor":36},{"not_picked":["Blade Dance","Bane","Dodge and Roll"],"picked":"SKIP","floor":38},{"not_picked":["Unload","Deadly Poison"],"picked":"A Thousand Cuts","floor":40},{"not_picked":["Crippling Poison","Bane","PiercingWail"],"picked":"SKIP","floor":41},{"not_picked":["Poisoned Stab","Bouncing Flask"],"picked":"Backflip+1","floor":42},{"not_picked":["Night Terror","Outmaneuver"],"picked":"Calculated Gamble+1","floor":44},{"not_picked":["Flechettes","Sucker Punch","Underhanded Strike"],"picked":"SKIP","floor":45},{"not_picked":["Prepared+1","Masterful Stab+1"],"picked":"Backflip","floor":46},{"not_picked":["Prepared","Dodge and Roll"],"picked":"PiercingWail","floor":48}],"player_experience":683627,"relics_obtained":[{"floor":7.0,"key":"Blue Candle"},{"floor":9.0,"key":"Bag of Preparation"},{"floor":11.0,"key":"Centennial Puzzle"},{"floor":13.0,"key":"The Specimen"},{"floor":23.0,"key":"Ancient Tea Set"},{"floor":25,"key":"Oddly Smooth Stone"},{"floor":26,"key":"Paper Crane"},{"floor":28,"key":"Regal Pillow"},{"floor":30,"key":"Calipers"},{"floor":40,"key":"Dodecahedron"},{"floor":43,"key":"Bottled Tornado"}],"event_choices":[{"damage_healed":0.0,"max_hp_gain":0.0,"max_hp_loss":0.0,"gold_gain":0.0,"event_name":"Shining Light","player_choice":"Entered Light","floor":2.0,"gold_loss":0.0,"damage_taken":14.0,"cards_upgraded":["Strike_G","Defend_G"]},{"damage_healed":0.0,"max_hp_gain":0.0,"max_hp_loss":0.0,"gold_gain":75.0,"event_name":"World of Goop","player_choice":"Gather Gold","floor":3.0,"gold_loss":0.0,"damage_taken":11.0},{"damage_healed":0.0,"max_hp_gain":0.0,"max_hp_loss":0.0,"gold_gain":0.0,"event_name":"Golden Idol","player_choice":"Take Wound","floor":4.0,"gold_loss":0.0,"damage_taken":0.0,"relics_obtained":["Golden Idol"],"cards_obtained":["Injury"]},{"damage_healed":0.0,"max_hp_gain":0.0,"max_hp_loss":0.0,"gold_gain":0.0,"event_name":"Nest","player_choice":"Joined the Cult","floor":20.0,"gold_loss":0.0,"damage_taken":6.0,"cards_obtained":["RitualDagger"]},{"damage_healed":0.0,"max_hp_gain":0.0,"max_hp_loss":0.0,"gold_gain":0.0,"event_name":"Vampires","player_choice":"Ignored","floor":21.0,"gold_loss":0.0,"damage_taken":0.0},{"damage_healed":0,"gold_gain":0,"player_choice":"Trade","damage_taken":0,"relics_obtained":["CultistMask"],"max_hp_gain":0,"max_hp_loss":0,"event_name":"FaceTrader","floor":31,"gold_loss":0},{"damage_healed":0,"gold_gain":0,"player_choice":"Upgraded","damage_taken":0,"max_hp_gain":0,"max_hp_loss":0,"event_name":"Upgrade Shrine","floor":37,"gold_loss":0,"cards_upgraded":["Adrenaline"]}],"is_beta":false,"boss_relics":[{"not_picked":["Snecko Eye","Runic Dome"],"picked":"Fusion Hammer"},{"not_picked":["Runic Pyramid","Ring of the Serpent"],"picked":"Lizard Tail"}],"items_purged_floors":[5,39],"is_endless":false,"potions_floor_spawned":[1,13,19,22,25,29,36,40,41,45,48],"ascension_level":11}