{"gold_per_floor":[112,125,138,155,38,38,71,71,97,97,125,138,156,174,174,279,279,289,324,40,40,58,88,88,108,108,108,108,127,37,57,57,152,152,165,177,190,10,27,27,58,280,280,300,300,317,317,348,348,348,348,348,144,178,178],"floor_reached":56,"playtime":6915,"items_purged":["Strike_B","Strike_B","Zap","Defend_B"],"score":1332,"play_id":"1573a019-5b32-4f36-aabc-a3c94c4a7752","local_time":"20190211182019","is_ascension_mode":true,"campfire_choices":[{"data":"Streamline","floor":6.0,"key":"SMITH"},{"data":"Barrage","floor":8.0,"key":"SMITH"},{"floor":10.0,"key":"REST"},{"floor":15.0,"key":"REST"},{"data":"Recycle","floor":24.0,"key":"SMITH"},{"floor":27.0,"key":"REST"},{"floor":32.0,"key":"REST"},{"data":"Defragment","floor":40.0,"key":"SMITH"},{"floor":47.0,"key":"RECALL"},{"data":"Echo Form","floor":49.0,"key":"SMITH"},{"data":"Capacitor","floor":52.0,"key":"SMITH"}],"neow_cost":"NONE","seed_source_timestamp":225230498414999,"circlet_count":0,"master_deck":["Defend_B","Defend_B","Defend_B","Glacier","Recycle+1","Barrage+1","Blizzard","Capacitor","Leap","Conserve Battery","Buffer","BootSequence","Ball Lightning","Core Surge","Coolheaded","White Noise+1","Self Repair","Barrage","Chaos+1","Coolheaded","Glacier","Chill+1","Capacitor+1","Echo Form+1","Sunder+1","Heatsinks+1","Machine Learning","Defragment+1","Cold Snap+1","Blizzard+1","Go for the Eyes","Seek","Coolheaded+1"],"special_seed":0,"relics":["Cracked Core","Pen Nib","Happy Flower","Centennial Puzzle","Empty Cage","Red Mask","Membership Card","CultistMask","Oddly Smooth Stone","Question Card","Velvet Choker","Bag of Preparation","Lantern","Emotion Chip","Bottled Lightning","Bottled Tornado"],"potions_floor_usage":[55,55],"damage_taken":[{"damage":6.0,"enemies":"Cultist","floor":1.0,"turns":4.0},{"damage":12.0,"enemies":"Small Slimes","floor":2.0,"turns":2.0},{"damage":1.0,"enemies":"Jaw Worm","floor":3.0,"turns":3.0},{"damage":8.0,"enemies":"Lots of Slimes","floor":4.0,"turns":5.0},{"damage":11.0,"enemies":"Lagavulin","floor":7.0,"turns":7.0},{"damage":36.0,"enemies":"3 Sentries","floor":11.0,"turns":8.0},{"damage":0.0,"enemies":"Looter","floor":12.0,"turns":4.0},{"damage":10.0,"enemies":"Gremlin Gang","floor":13.0,"turns":5.0},{"damage":0.0,"enemies":"3 Louse","floor":14.0,"turns":4.0},{"damage":19.0,"enemies":"Slime Boss","floor":16.0,"turns":9.0},{"damage":7.0,"enemies":"Shell Parasite","floor":18.0,"turns":6.0},{"damage":15.0,"enemies":"Masked Bandits","floor":19.0,"turns":5.0},{"damage":0.0,"enemies":"Chosen","floor":22.0,"turns":5.0},{"damage":33.0,"enemies":"Gremlin Leader","floor":23.0,"turns":6.0},{"damage":6.0,"enemies":"Shelled Parasite and Fungi","floor":25.0,"turns":5.0},{"damage":0.0,"enemies":"Snake Plant","floor":29.0,"turns":6.0},{"damage":13.0,"enemies":"Sentry and Sphere","floor":31.0,"turns":5.0},{"damage":3.0,"enemies":"Collector","floor":33.0,"turns":12.0},{"damage":0.0,"enemies":"Orb Walker","floor":35.0,"turns":5.0},{"damage":22.0,"enemies":"3 Darklings","floor":36.0,"turns":6.0},{"damage":1.0,"enemies":"Jaw Worm Horde","floor":37.0,"turns":5.0},{"damage":0.0,"enemies":"Sphere and 2 Shapes","floor":39.0,"turns":6.0},{"damage":20.0,"enemies":"Reptomancer","floor":41.0,"turns":8.0},{"damage":0.0,"enemies":"4 Shapes","floor":44.0,"turns":7.0},{"damage":4.0,"enemies":"Spire Growth","floor":46.0,"turns":6.0},{"damage":1.0,"enemies":"Nemesis","floor":48.0,"turns":11.0},{"damage":17.0,"enemies":"Donu and Deca","floor":50.0,"turns":9.0},{"damage":21.0,"enemies":"Shield and Spear","floor":54.0,"turns":8.0},{"damage":47,"enemies":"The Heart","floor":55,"turns":13}],"seed_played":"9017468755610873954","potions_obtained":[{"floor":7.0,"key":"PowerPotion"},{"floor":11.0,"key":"FocusPotion"},{"floor":14.0,"key":"Block Potion"},{"floor":18.0,"key":"AttackPotion"},{"floor":19.0,"key":"FocusPotion"},{"floor":29.0,"key":"SneckoOil"},{"floor":31.0,"key":"Ancient Potion"},{"floor":41.0,"key":"Dexterity Potion"},{"floor":46.0,"key":"FearPotion"},{"floor":54.0,"key":"Poison Potion"}],"is_trial":false,"path_per_floor":["M","M","M","M","$","R","E","R","T","R","E","M","M","M","R","B",null,"M","?","$","?","M","E","R","M","T","R","?","M","$","M","R","B",null,"M","M","M","$","M","R","E","?","T","M","?","M","R","E","R","B",null,"R","$","E","B",null],"character_chosen":"DEFECT","items_purchased":["Blizzard","Capacitor","Membership Card","Self Repair","Barrage","Capacitor","Defragment","Bag of Preparation","Bottled Lightning"],"campfire_rested":4,"item_purchase_floors":[5,5,20,20,20,30,38,38,53],"current_hp_per_floor":[69,57,56,48,48,48,37,37,37,59,23,23,13,13,35,16,75,68,53,53,53,53,20,20,14,14,36,36,43,43,37,59,63,75,75,53,52,52,59,59,53,53,53,67,67,70,70,75,75,72,75,75,75,54,14],"gold":178,"neow_bonus":"REMOVE_CARD","is_prod":false,"is_daily":false,"chose_seed":false,"campfire_upgraded":6,"win_rate":0,"timestamp":1549905619,"path_taken":["M","M","M","M","$","R","E","R","T","R","E","M","?","M","R","BOSS","M","?","$","?","?","E","R","M","T","R","?","?","$","M","R","BOSS","M","M","M","$","M","R","E","?","T","M","?","M","R","E","R","BOSS","R","$","E","BOSS"],"build_version":"2019-01-23","purchased_purges":4,"victory":true,"max_hp_per_floor":[75,75,75,75,75,75,75,75,75,75,75,75,75,75,75,75,75,75,75,75,75,75,75,75,75,75,75,75,75,75,75,75,75,75,75,75,75,75,75,75,75,75,75,75,75,75,75,75,75,75,75,75,75,75,75],"card_choices":[{"not_picked":["Steam","Tempest"],"picked":"Streamline","floor":1.0},{"not_picked":["Rebound","Ball Lightning"],"picked":"Glacier","floor":2.0},{"not_picked":["Hologram","Lockon"],"picked":"Recycle","floor":3.0},{"not_picked":["Chaos","Conserve Battery"],"picked":"Barrage","floor":4.0},{"not_picked":["Scrape","Sweeping Beam"],"picked":"Leap","floor":7.0},{"not_picked":["Sweeping Beam","Gash"],"picked":"Conserve Battery","floor":11.0},{"not_picked":["White Noise","Hello World"],"picked":"Buffer","floor":12.0},{"not_picked":["Static Discharge","Heatsinks"],"picked":"BootSequence","floor":13.0},{"not_picked":["Conserve Battery","Leap"],"picked":"Ball Lightning","floor":14.0},{"not_picked":["Seek","Hyperbeam"],"picked":"Core Surge","floor":16.0},{"not_picked":["Genetic Algorithm","Hello World"],"picked":"Coolheaded","floor":18.0},{"not_picked":["Turbo","Go for the Eyes"],"picked":"White Noise+1","floor":19.0},{"not_picked":["Conserve Battery","Compile Driver"],"picked":"Chaos+1","floor":22.0},{"not_picked":["All For One","Steam"],"picked":"Coolheaded","floor":23.0},{"not_picked":["Recycle","Barrage","Steam"],"picked":"SKIP","floor":25.0},{"not_picked":["Streamline","Steam","Melter"],"picked":"Chill+1","floor":29.0},{"not_picked":["Self Repair","Thunder Strike","Chill+1","Doom and Gloom"],"picked":"SKIP","floor":31.0},{"not_picked":["Core Surge","Machine Learning","Electrodynamics"],"picked":"Echo Form","floor":33.0},{"not_picked":["Beam Cell","Turbo","Force Field"],"picked":"Sunder+1","floor":35.0},{"not_picked":["Ball Lightning+1","Recycle","FTL"],"picked":"Heatsinks+1","floor":36.0},{"not_picked":["Hello World","Beam Cell+1","Conserve Battery"],"picked":"Machine Learning","floor":37.0},{"not_picked":["Gash","Heatsinks","Turbo+1"],"picked":"Cold Snap+1","floor":39.0},{"not_picked":["Compile Driver+1","Loop+1","Electrodynamics"],"picked":"Blizzard+1","floor":41.0},{"not_picked":["Aggregate","Darkness","Streamline","Rip and Tear+1"],"picked":"SKIP","floor":44.0},{"not_picked":["Leap","Beam Cell","Rebound"],"picked":"Seek","floor":46.0},{"not_picked":["Static Discharge+1","Meteor Strike","BootSequence"],"picked":"Coolheaded+1","floor":48.0},{"not_picked":["Capacitor","Seek","Coolheaded+1","Recycle+1"],"picked":"SKIP","floor":54.0}],"player_experience":341549,"relics_obtained":[{"floor":7.0,"key":"Pen Nib"},{"floor":9.0,"key":"Happy Flower"},{"floor":11.0,"key":"Centennial Puzzle"},{"floor":19.0,"key":"Red Mask"},{"floor":23.0,"key":"Oddly Smooth Stone"},{"floor":26.0,"key":"Question Card"},{"floor":41.0,"key":"Lantern"},{"floor":48.0,"key":"Emotion Chip"},{"floor":54.0,"key":"Bottled Tornado"}],"event_choices":[{"damage_healed":0.0,"max_hp_gain":0.0,"max_hp_loss":0.0,"gold_gain":0.0,"event_name":"Masked Bandits","player_choice":"Fought Bandits","floor":19.0,"gold_loss":0.0,"damage_taken":0.0},{"damage_healed":0.0,"max_hp_gain":0.0,"max_hp_loss":0.0,"gold_gain":0.0,"event_name":"FaceTrader","player_choice":"Trade","floor":21.0,"gold_loss":0.0,"damage_taken":0.0,"relics_obtained":["CultistMask"]},{"damage_healed":0.0,"max_hp_gain":0.0,"max_hp_loss":0.0,"gold_gain":0.0,"event_name":"Duplicator","player_choice":"Copied","floor":28.0,"gold_loss":0.0,"damage_taken":0.0,"cards_obtained":["Glacier"]},{"damage_healed":0.0,"max_hp_gain":0.0,"max_hp_loss":0.0,"gold_gain":222.0,"event_name":"Tomb of Lord Red Mask","player_choice":"Wore Mask","floor":42.0,"gold_loss":0.0,"damage_taken":0.0},{"damage_healed":0.0,"max_hp_gain":0.0,"max_hp_loss":0.0,"gold_gain":0.0,"cards_transformed":["Streamline"],"event_name":"Transmorgrifier","player_choice":"Transformed","floor":45.0,"gold_loss":0.0,"damage_taken":0.0,"cards_obtained":["Go for the Eyes"]}],"is_beta":false,"boss_relics":[{"not_picked":["Ectoplasm","Snecko Eye"],"picked":"Empty Cage"},{"not_picked":["Orrery","Black Star"],"picked":"Velvet Choker"}],"items_purged_floors":[20,30,38,53],"is_endless":false,"potions_floor_spawned":[7,11,14,16,18,19,22,29,31,35,41,46,54],"ascension_level":3}