{"gold_per_floor":[11,26,40,55,67,102,102,135,158,184,210,222,234,246,258,341,353,382,409,346,371,393,405,417],"floor_reached":24,"playtime":3440,"items_purged":[],"score":410,"play_id":"dea7696f-b571-4fab-a3bf-748cf1839797","local_time":"20190103234805","is_ascension_mode":true,"campfire_choices":[{"data":"Armaments","floor":7,"key":"SMITH"},{"floor":12,"key":"REST"},{"data":"Rupture","floor":15,"key":"SMITH"},{"floor":23,"key":"REST"}],"neow_cost":"NO_GOLD","seed_source_timestamp":296081198053228,"circlet_count":0,"master_deck":["AscendersBane","Strike_R","Strike_R","Defend_R","Defend_R","Defend_R","Defend_R","Bash","Armaments+1","Rupture+1","Shockwave","Headbutt","Inflame","Clothesline","Feed","Hemokinesis+1","Whirlwind","Seeing Red","Limit Break","Pommel Strike","Dropkick+1","Burning Pact","Uppercut"],"relics":["Burning Blood","Strawberry","Pen Nib","Centennial Puzzle","MawBank","Runic Cube"],"potions_floor_usage":[4,8,16,21],"damage_taken":[{"damage":2,"enemies":"Cultist","floor":1,"turns":5},{"damage":7,"enemies":"Small Slimes","floor":2,"turns":5},{"damage":7,"enemies":"Jaw Worm","floor":3,"turns":4},{"damage":3,"enemies":"2 Fungi Beasts","floor":4,"turns":5},{"damage":20,"enemies":"Exordium Thugs","floor":5,"turns":7},{"damage":20,"enemies":"Lagavulin","floor":6,"turns":7},{"damage":15,"enemies":"Gremlin Nob","floor":8,"turns":4},{"damage":39,"enemies":"3 Sentries","floor":10,"turns":8},{"damage":0,"enemies":"Large Slime","floor":11,"turns":4},{"damage":37,"enemies":"Slime Boss","floor":16,"turns":10},{"damage":26,"enemies":"2 Thieves","floor":18,"turns":3},{"damage":27,"enemies":"Spheric Guardian","floor":19,"turns":5},{"damage":27,"enemies":"Snake Plant","floor":21,"turns":4},{"damage":13,"enemies":"Shelled Parasite and Fungi","floor":22,"turns":4},{"damage":47,"enemies":"Chosen and Byrds","floor":24,"turns":6}],"seed_played":"8579793639178973510","potions_obtained":[{"floor":2,"key":"AttackPotion"},{"floor":4,"key":"Explosive Potion"},{"floor":10,"key":"Swift Potion"},{"floor":11,"key":"Ancient Potion"},{"floor":16,"key":"Regen Potion"}],"is_trial":false,"path_per_floor":["M","M","M","M","M","E","R","E","T","E","M","R","?","$","R","B",null,"M","M","?","M","M","R","M"],"character_chosen":"IRONCLAD","items_purchased":[],"campfire_rested":2,"item_purchase_floors":[],"current_hp_per_floor":[72,71,70,73,59,55,55,46,46,13,19,44,44,44,44,16,70,53,36,36,24,17,45,0],"gold":417,"neow_bonus":"TRANSFORM_TWO_CARDS","is_prod":false,"is_daily":false,"chose_seed":false,"campfire_upgraded":2,"win_rate":0,"timestamp":1546577285,"path_taken":["M","M","?","M","M","E","R","E","T","E","M","R","?","?","R","BOSS","M","M","?","M","M","R","M"],"build_version":"2019-01-03","purchased_purges":0,"victory":false,"max_hp_per_floor":[75,75,75,75,75,85,85,85,85,85,85,85,85,85,85,88,88,91,95,95,95,95,95,95],"card_choices":[{"not_picked":["Thunderclap","Infernal Blade"],"picked":"Shockwave","floor":1},{"not_picked":["Wild Strike","Anger"],"picked":"Headbutt","floor":2},{"not_picked":["Entrench","Iron Wave"],"picked":"Inflame","floor":3},{"not_picked":["Warcry","Shockwave"],"picked":"Clothesline","floor":4},{"not_picked":["Anger","Heavy Blade"],"picked":"Feed","floor":5},{"not_picked":["Flex","Wild Strike","Berserk"],"picked":"SKIP","floor":6},{"not_picked":["Clash","Corruption"],"picked":"Hemokinesis","floor":8},{"not_picked":["Infernal Blade","Headbutt"],"picked":"Whirlwind","floor":10},{"not_picked":["Evolve","Body Slam"],"picked":"Seeing Red","floor":11},{"not_picked":["Impervious","Fiend Fire"],"picked":"Limit Break","floor":16},{"not_picked":["Thunderclap","Headbutt+1"],"picked":"Pommel Strike","floor":18},{"not_picked":["Feel No Pain","Warcry"],"picked":"Dropkick+1","floor":19},{"not_picked":["Anger","Cleave+1"],"picked":"Burning Pact","floor":21},{"not_picked":["Wild Strike","Twin Strike"],"picked":"Uppercut","floor":22}],"player_experience":821621,"relics_obtained":[{"floor":6,"key":"Strawberry"},{"floor":8,"key":"Pen Nib"},{"floor":9,"key":"Centennial Puzzle"},{"floor":10,"key":"MawBank"}],"event_choices":[{"damage_healed":0,"gold_gain":0,"player_choice":"Upgraded","damage_taken":0,"max_hp_gain":0,"max_hp_loss":0,"event_name":"Upgrade Shrine","floor":13,"gold_loss":0,"cards_upgraded":["Hemokinesis"]},{"cards_removed":["Strike_R"],"damage_healed":0,"gold_gain":0,"player_choice":"Gave Gold","damage_taken":0,"max_hp_gain":0,"max_hp_loss":0,"event_name":"Beggar","floor":20,"gold_loss":75}],"is_beta":false,"boss_relics":[{"not_picked":["Tiny House","Astrolabe"],"picked":"Runic Cube"}],"items_purged_floors":[],"is_endless":false,"potions_floor_spawned":[2,4,10,11,16,19],"killed_by":"Chosen and Byrds","ascension_level":15}