{"gold_per_floor":[114,114,114,127,127,127,142,211,289,314,314,337,337,376,376,496,496,516,516,113,113,132,132,176,275,275,290,290,324,324,337,337,466,466,489,489,512,2,15,15,35,54,107,107,107,7,7,38,38,38],"floor_reached":51,"playtime":3285,"items_purged":["Defend_B","Writhe"],"score":853,"play_id":"a95f5d7b-ed95-43f1-aba6-de82f356326b","local_time":"20190113220700","is_ascension_mode":true,"campfire_choices":[{"data":"Dualcast","floor":6,"key":"SMITH"},{"data":"Loop","floor":11,"key":"SMITH"},{"data":"Go for the Eyes","floor":13,"key":"SMITH"},{"data":"Beam Cell","floor":15,"key":"SMITH"},{"data":"Echo Form","floor":23,"key":"SMITH"},{"data":"Conserve Battery","floor":28,"key":"SMITH"},{"data":"Hologram","floor":30,"key":"SMITH"},{"data":"Bite","floor":32,"key":"SMITH"},{"data":"Coolheaded","floor":40,"key":"SMITH"},{"data":"Seek","floor":45,"key":"SMITH"},{"data":"Coolheaded","floor":49,"key":"SMITH"}],"neow_cost":"NONE","seed_source_timestamp":62562622475612,"circlet_count":0,"master_deck":["Defend_B","Defend_B","Zap+1","Dualcast+1","Conserve Battery+1","Beam Cell+1","Loop+1","Go for the Eyes+1","Self Repair","Melter","Coolheaded+1","Echo Form+1","Hologram+1","Ball Lightning","Ball Lightning","Bite+1","Bite","Bite","Bite","Bite","Seek+1","Consume+1","Capacitor+1","Reinforced Body+1","Leap","Coolheaded+1","Sweeping Beam+1","Genetic Algorithm+1"],"relics":["FrozenCore","Golden Idol","Tiny Chest","Ornamental Fan","Cables","Orrery","Lantern","Pantograph","Enchiridion","Anchor","Bag of Preparation","Prayer Wheel","Thread and Needle","Oddly Smooth Stone","Toxic Egg 2"],"potions_floor_usage":[8,8,14,14,24,31,33,37,50,50],"damage_taken":[{"damage":3,"enemies":"2 Louse","floor":1,"turns":3},{"damage":8,"enemies":"Small Slimes","floor":4,"turns":3},{"damage":0,"enemies":"Cultist","floor":7,"turns":3},{"damage":22,"enemies":"Gremlin Nob","floor":8,"turns":4},{"damage":6,"enemies":"Exordium Thugs","floor":10,"turns":4},{"damage":2,"enemies":"2 Fungi Beasts","floor":12,"turns":3},{"damage":6,"enemies":"Lagavulin","floor":14,"turns":6},{"damage":34,"enemies":"Hexaghost","floor":16,"turns":11},{"damage":17,"enemies":"Shell Parasite","floor":18,"turns":4},{"damage":16,"enemies":"3 Byrds","floor":22,"turns":3},{"damage":26,"enemies":"Gremlin Leader","floor":24,"turns":7},{"damage":6,"enemies":"Snecko","floor":27,"turns":4},{"damage":16,"enemies":"Book of Stabbing","floor":29,"turns":5},{"damage":23,"enemies":"Centurion and Healer","floor":31,"turns":6},{"damage":36,"enemies":"Collector","floor":33,"turns":9},{"damage":8,"enemies":"Orb Walker","floor":35,"turns":5},{"damage":0,"enemies":"3 Shapes","floor":37,"turns":4},{"damage":16,"enemies":"Maw","floor":39,"turns":8},{"damage":17,"enemies":"Jaw Worm Horde","floor":41,"turns":7},{"damage":0,"enemies":"3 Darklings","floor":42,"turns":7},{"damage":0,"enemies":"Nemesis","floor":48,"turns":9},{"damage":8,"enemies":"Awakened One","floor":50,"turns":12}],"seed_played":"1850032063939443853","potions_obtained":[{"floor":0,"key":"AttackPotion"},{"floor":0,"key":"Block Potion"},{"floor":0,"key":"SkillPotion"},{"floor":1,"key":"Regen Potion"},{"floor":8,"key":"FocusPotion"},{"floor":10,"key":"Regen Potion"},{"floor":12,"key":"Regen Potion"},{"floor":18,"key":"FocusPotion"},{"floor":24,"key":"Explosive Potion"},{"floor":27,"key":"Dexterity Potion"},{"floor":31,"key":"FearPotion"},{"floor":35,"key":"FocusPotion"},{"floor":37,"key":"Explosive Potion"}],"is_trial":false,"path_per_floor":["M","?","?","M","?","R","M","E","T","M","R","M","R","E","R","B",null,"M","?","$","?","M","R","E","?","T","M","R","E","R","M","R","B",null,"M","?","M","$","M","R","M","M","T","?","R","$","?","E","R","B",null],"character_chosen":"DEFECT","items_purchased":["Lantern","Pantograph","Thread and Needle","Leap","Coolheaded","Fire Potion"],"campfire_rested":0,"item_purchase_floors":[20,20,38,38,38,38],"current_hp_per_floor":[72,54,59,51,51,51,51,29,29,23,23,28,28,69,69,35,80,63,56,56,40,40,40,35,35,35,37,37,27,27,40,40,35,56,56,56,56,56,55,55,39,41,41,55,55,55,55,56,56,56],"gold":38,"neow_bonus":"THREE_SMALL_POTIONS","is_prod":false,"is_daily":false,"chose_seed":false,"campfire_upgraded":11,"win_rate":0,"timestamp":1547446020,"path_taken":["M","?","?","M","?","R","?","E","T","M","R","M","R","E","R","BOSS","M","?","$","?","M","R","E","?","T","M","R","E","R","M","R","BOSS","M","?","M","$","?","R","M","?","T","?","R","$","?","E","R","BOSS"],"build_version":"2019-01-10","purchased_purges":2,"victory":true,"max_hp_per_floor":[75,75,80,80,80,80,80,80,80,80,80,80,80,80,80,80,80,80,56,56,56,56,56,56,56,56,56,56,56,56,56,56,56,56,56,56,56,56,56,56,56,56,56,56,56,56,56,56,56,56],"card_choices":[{"not_picked":["Hologram","Turbo"],"picked":"Conserve Battery","floor":1},{"not_picked":["Leap","Stack"],"picked":"Beam Cell","floor":4},{"not_picked":["Seek","Chill"],"picked":"Loop","floor":7},{"not_picked":["Gash","Steam"],"picked":"Go for the Eyes","floor":8},{"not_picked":["Recycle","Storm"],"picked":"Self Repair","floor":10},{"not_picked":["Force Field","Conserve Battery"],"picked":"Melter","floor":12},{"not_picked":["Gash","Beam Cell"],"picked":"Coolheaded","floor":14},{"not_picked":["All For One","Multi-Cast"],"picked":"Echo Form","floor":16},{"not_picked":["Coolheaded","Barrage"],"picked":"Hologram","floor":17},{"not_picked":["Redo","Consume"],"picked":"Ball Lightning","floor":17},{"not_picked":["Hologram","Turbo"],"picked":"Ball Lightning","floor":17},{"not_picked":["Streamline+1","Turbo","Tempest"],"picked":"SKIP","floor":18},{"not_picked":["Ball Lightning+1","Meteor Strike","Rebound"],"picked":"SKIP","floor":22},{"not_picked":["Undo","White Noise","Amplify"],"picked":"SKIP","floor":24},{"not_picked":["Heatsinks","Turbo","Redo"],"picked":"SKIP","floor":27},{"not_picked":["Hologram+1","Darkness","Steam"],"picked":"SKIP","floor":29},{"not_picked":["Aggregate+1","Rebound","Recycle"],"picked":"SKIP","floor":31},{"not_picked":["Barrage","Defragment","Double Energy+1"],"picked":"SKIP","floor":31},{"not_picked":["All For One","Multi-Cast"],"picked":"Seek","floor":33},{"not_picked":["Chaos+1","Compile Driver"],"picked":"Consume+1","floor":35},{"not_picked":["Streamline","Stack+1","Tempest+1"],"picked":"SKIP","floor":35},{"not_picked":["Steam","Coolheaded"],"picked":"Capacitor+1","floor":37},{"not_picked":["Skim+1","Rebound"],"picked":"Reinforced Body+1","floor":37},{"not_picked":["Steam+1","Ball Lightning+1"],"picked":"Sweeping Beam+1","floor":39},{"not_picked":["Stack","Steam","Force Field"],"picked":"SKIP","floor":39},{"not_picked":["Beam Cell+1","Rebound+1","Streamline+1"],"picked":"SKIP","floor":41},{"not_picked":["Conserve Battery","Melter+1","Sweeping Beam+1"],"picked":"SKIP","floor":41},{"not_picked":["Multi-Cast","Redo+1"],"picked":"Genetic Algorithm+1","floor":42},{"not_picked":["Fusion","Steam+1","Conserve Battery"],"picked":"SKIP","floor":42},{"not_picked":["Ball Lightning+1","Coolheaded+1","Reinforced Body+1"],"picked":"SKIP","floor":48}],"player_experience":172837,"relics_obtained":[{"floor":8,"key":"Tiny Chest"},{"floor":9,"key":"Ornamental Fan"},{"floor":14,"key":"Cables"},{"floor":21,"key":"Enchiridion"},{"floor":24,"key":"Anchor"},{"floor":26,"key":"Bag of Preparation"},{"floor":29,"key":"Prayer Wheel"},{"floor":43,"key":"Oddly Smooth Stone"},{"floor":48,"key":"Toxic Egg 2"}],"event_choices":[{"damage_healed":0,"gold_gain":0,"player_choice":"Take Damage","damage_taken":18,"relics_obtained":["Golden Idol"],"max_hp_gain":0,"max_hp_loss":0,"event_name":"Golden Idol","floor":2,"gold_loss":0},{"damage_healed":0,"gold_gain":0,"player_choice":"Donut","damage_taken":0,"max_hp_gain":5,"max_hp_loss":0,"event_name":"Big Fish","floor":3,"gold_loss":0},{"damage_healed":0,"gold_gain":0,"player_choice":"Upgraded","damage_taken":0,"max_hp_gain":0,"max_hp_loss":0,"event_name":"Upgrade Shrine","floor":5,"gold_loss":0,"cards_upgraded":["Zap"]},{"damage_healed":0,"gold_gain":0,"player_choice":"Became a vampire","damage_taken":0,"max_hp_gain":0,"max_hp_loss":24,"event_name":"Vampires","floor":19,"gold_loss":0,"cards_obtained":["Bite","Bite","Bite","Bite","Bite"]},{"damage_healed":0,"gold_gain":0,"player_choice":"Obtained Book","damage_taken":16,"max_hp_gain":0,"max_hp_loss":0,"event_name":"Cursed Tome","floor":21,"gold_loss":0},{"damage_healed":0,"gold_gain":99,"player_choice":"Stole From Cult","damage_taken":0,"max_hp_gain":0,"max_hp_loss":0,"event_name":"Nest","floor":25,"gold_loss":0},{"cards_removed":["Defend_B"],"damage_healed":0,"gold_gain":0,"player_choice":"Purged","damage_taken":0,"max_hp_gain":0,"max_hp_loss":0,"event_name":"Purifier","floor":36,"gold_loss":0},{"damage_healed":14,"gold_gain":0,"player_choice":"Writhe","damage_taken":0,"max_hp_gain":0,"max_hp_loss":0,"event_name":"Winding Halls","floor":44,"gold_loss":0,"cards_obtained":["Writhe"]},{"damage_healed":0,"gold_gain":0,"player_choice":"Memory 1","damage_taken":0,"max_hp_gain":0,"max_hp_loss":0,"event_name":"SensoryStone","floor":47,"gold_loss":0}],"is_beta":false,"boss_relics":[{"not_picked":["Philosopher\u0027s Stone","Runic Pyramid"],"picked":"Orrery"},{"not_picked":["Velvet Choker","Coffee Dripper"],"picked":"FrozenCore"}],"items_purged_floors":[38,46],"is_endless":false,"potions_floor_spawned":[1,8,10,12,18,24,27,31,35,37,39,48],"ascension_level":3}