{"gold_per_floor":[115,133,148,148,163,189,202,222,247,198,225,245,245,265,265,363,363,383,11,26,26,37,71,85,85,85,85,85,110,126,51,51,152,152,162,122,19,29,43,43,43,70,118,118,152,152,22,32,32,32,32,32,32,63,63],"floor_reached":55,"playtime":2998,"items_purged":[],"score":754,"play_id":"90c6a22d-64a0-467c-bf30-37e66ec8249c","local_time":"20190120191628","is_ascension_mode":false,"campfire_choices":[{"floor":13,"key":"REST"},{"data":"Zap","floor":15,"key":"SMITH"},{"data":"Sunder","floor":25,"key":"SMITH"},{"data":"Defragment","floor":27,"key":"SMITH"},{"floor":32,"key":"REST"},{"data":"Defragment","floor":41,"key":"SMITH"},{"floor":46,"key":"REST"},{"floor":49,"key":"RECALL"},{"data":"Amplify","floor":52,"key":"SMITH"}],"neow_cost":"NONE","seed_source_timestamp":257546641200759,"circlet_count":0,"master_deck":["Zap+1","Dualcast","Defragment+1","Go for the Eyes","Coolheaded","Sweeping Beam","Tempest","Sunder+1","Melter+1","Cold Snap","Electrodynamics","Leap","Darkness","Barrage","Aggregate","Amplify+1","Turbo","Chill","Stack","Coolheaded+1","Defragment+1","Capacitor","BootSequence","Glacier","Decay","Conserve Battery","Undo","Creative AI+1","Hologram+1","Conserve Battery","Capacitor","Reinforced Body+1","Stack+1","Heatsinks"],"relics":["Cracked Core","NeowsBlessing","Dodecahedron","Centennial Puzzle","Bottled Tornado","Pandora\u0027s Box","Nunchaku","Juzu Bracelet","Oddly Smooth Stone","Shovel","Velvet Choker","Pantograph","Boot","Strawberry","Symbiotic Virus","Letter Opener"],"potions_floor_usage":[22,29,30,39,42,45,50,54],"damage_taken":[{"damage":0,"enemies":"Small Slimes","floor":1,"turns":1},{"damage":0,"enemies":"2 Louse","floor":2,"turns":1},{"damage":0,"enemies":"Cultist","floor":3,"turns":1},{"damage":0,"enemies":"Large Slime","floor":5,"turns":5},{"damage":21,"enemies":"Gremlin Nob","floor":6,"turns":5},{"damage":6,"enemies":"Exordium Thugs","floor":7,"turns":4},{"damage":18,"enemies":"Exordium Wildlife","floor":8,"turns":4},{"damage":20,"enemies":"Lagavulin","floor":11,"turns":5},{"damage":0,"enemies":"Large Slime","floor":12,"turns":4},{"damage":5,"enemies":"Looter","floor":14,"turns":3},{"damage":20,"enemies":"The Guardian","floor":16,"turns":11},{"damage":0,"enemies":"3 Byrds","floor":18,"turns":3},{"damage":0,"enemies":"Spheric Guardian","floor":20,"turns":2},{"damage":1,"enemies":"Cultist and Chosen","floor":22,"turns":5},{"damage":22,"enemies":"Slavers","floor":23,"turns":2},{"damage":9,"enemies":"Centurion and Healer","floor":24,"turns":4},{"damage":13,"enemies":"Book of Stabbing","floor":29,"turns":8},{"damage":17,"enemies":"Snake Plant","floor":30,"turns":3},{"damage":31,"enemies":"Automaton","floor":33,"turns":11},{"damage":0,"enemies":"3 Shapes","floor":35,"turns":3},{"damage":0,"enemies":"Orb Walker","floor":38,"turns":3},{"damage":35,"enemies":"Jaw Worm Horde","floor":39,"turns":5},{"damage":14,"enemies":"Nemesis","floor":42,"turns":7},{"damage":19,"enemies":"Reptomancer","floor":45,"turns":5},{"damage":2,"enemies":"4 Shapes","floor":48,"turns":5},{"damage":19,"enemies":"Time Eater","floor":50,"turns":11},{"damage":45,"enemies":"Shield and Spear","floor":54,"turns":9},{"damage":85,"enemies":"The Heart","floor":55,"turns":3}],"seed_played":"-679662731168816773","potions_obtained":[{"floor":1,"key":"SmokeBomb"},{"floor":2,"key":"FocusPotion"},{"floor":6,"key":"Poison Potion"},{"floor":11,"key":"GamblersBrew"},{"floor":20,"key":"Energy Potion"},{"floor":24,"key":"PowerPotion"},{"floor":29,"key":"Explosive Potion"},{"floor":33,"key":"SteroidPotion"},{"floor":38,"key":"PowerPotion"},{"floor":39,"key":"Explosive Potion"},{"floor":42,"key":"PowerPotion"}],"is_trial":false,"path_per_floor":["M","M","M","?","M","E","M","M","T","?","E","M","R","M","R","B",null,"M","$","M","?","M","E","M","R","T","R","?","E","M","$","R","B",null,"M","?","$","M","M","T","R","E","T","?","E","R","$","M","R","B",null,"R","$","E","B"],"character_chosen":"DEFECT","items_purchased":["Defragment","Nunchaku","Undo","Conserve Battery","Fire Potion","Heatsinks","Weak Potion"],"campfire_rested":3,"item_purchase_floors":[19,19,31,37,37,47,47],"current_hp_per_floor":[75,75,75,75,75,54,48,30,30,30,10,10,32,27,27,7,75,75,75,75,75,74,52,43,43,43,43,43,30,13,13,35,4,75,75,75,75,75,40,40,40,26,33,33,14,38,38,36,36,42,82,82,82,37,0],"gold":63,"neow_bonus":"THREE_ENEMY_KILL","is_prod":false,"is_daily":false,"chose_seed":false,"campfire_upgraded":5,"win_rate":0,"timestamp":1548040588,"path_taken":["M","M","M","?","M","E","M","M","T","?","E","M","R","M","R","BOSS","M","$","M","?","M","E","M","R","T","R","?","E","M","$","R","BOSS","M","?","?","M","M","?","R","E","T","?","E","R","$","M","R","BOSS","R","$","E","BOSS"],"build_version":"2019-01-17v2","purchased_purges":0,"victory":false,"max_hp_per_floor":[75,75,75,75,75,75,75,75,75,75,75,75,75,75,75,75,75,75,75,75,75,75,75,75,75,75,75,75,75,75,75,75,75,75,75,75,75,75,75,75,75,75,82,82,82,82,82,82,82,82,82,82,82,82,82],"card_choices":[{"not_picked":["Double Energy","Rip and Tear"],"picked":"Defragment","floor":1},{"not_picked":["Beam Cell","Gash","Steam Power"],"picked":"SKIP","floor":2},{"not_picked":["Conserve Battery","Beam Cell"],"picked":"Go for the Eyes","floor":3},{"not_picked":["Heatsinks","Rip and Tear"],"picked":"Coolheaded","floor":5},{"not_picked":["Glacier","Gash"],"picked":"Sweeping Beam","floor":6},{"not_picked":["All For One","Force Field","Leap"],"picked":"SKIP","floor":7},{"not_picked":["Aggregate","Hologram"],"picked":"Tempest","floor":8},{"not_picked":["Darkness","Steam"],"picked":"Sunder","floor":11},{"not_picked":["Recycle","Scrape"],"picked":"Melter","floor":12},{"not_picked":["FTL","Gash"],"picked":"Cold Snap","floor":14},{"not_picked":["Creative AI","Biased Cognition"],"picked":"Electrodynamics","floor":16},{"not_picked":["Tempest","Cold Snap"],"picked":"Coolheaded+1","floor":18},{"not_picked":["Compile Driver","Reinforced Body"],"picked":"Capacitor","floor":20},{"not_picked":["Darkness","Barrage"],"picked":"BootSequence","floor":22},{"not_picked":["Beam Cell","Meteor Strike","Chill"],"picked":"SKIP","floor":23},{"not_picked":["Double Energy+1","Streamline"],"picked":"Glacier","floor":24},{"not_picked":["Cold Snap+1","Coolheaded","Steam"],"picked":"SKIP","floor":29},{"not_picked":["Beam Cell","Gash+1"],"picked":"Conserve Battery","floor":30},{"not_picked":["Reboot","Core Surge"],"picked":"Creative AI","floor":33},{"not_picked":["Steam","Beam Cell"],"picked":"Hologram+1","floor":35},{"not_picked":["Double Energy+1","Steam Power+1"],"picked":"Capacitor","floor":38},{"not_picked":["Sweeping Beam+1","Cold Snap+1","Steam+1"],"picked":"SKIP","floor":39},{"not_picked":["Stack","Streamline+1"],"picked":"Reinforced Body+1","floor":42},{"not_picked":["Auto Shields","Chaos"],"picked":"Stack+1","floor":45},{"not_picked":["Turbo+1","Redo","Sweeping Beam+1"],"picked":"SKIP","floor":48},{"not_picked":["White Noise","Sweeping Beam+1","Redo"],"picked":"SKIP","floor":54}],"player_experience":232681,"relics_obtained":[{"floor":6,"key":"Dodecahedron"},{"floor":9,"key":"Centennial Puzzle"},{"floor":11,"key":"Bottled Tornado"},{"floor":21,"key":"Juzu Bracelet"},{"floor":23,"key":"Oddly Smooth Stone"},{"floor":29,"key":"Shovel"},{"floor":40,"key":"Pantograph"},{"floor":42,"key":"Boot"},{"floor":43,"key":"Strawberry"},{"floor":45,"key":"Symbiotic Virus"},{"floor":54,"key":"Letter Opener"}],"event_choices":[{"damage_healed":0,"gold_gain":0,"player_choice":"Ignored","damage_taken":0,"max_hp_gain":0,"max_hp_loss":0,"event_name":"Golden Wing","floor":4,"gold_loss":0},{"damage_healed":0,"gold_gain":0,"player_choice":"Left Gold","damage_taken":0,"max_hp_gain":0,"max_hp_loss":0,"event_name":"World of Goop","floor":10,"gold_loss":49},{"damage_healed":0,"gold_gain":0,"player_choice":"Relic","damage_taken":0,"max_hp_gain":0,"max_hp_loss":0,"event_name":"Wheel of Change","floor":21,"gold_loss":0},{"damage_healed":0,"gold_gain":0,"player_choice":"Smashed Altar","damage_taken":0,"max_hp_gain":0,"max_hp_loss":0,"event_name":"Forgotten Altar","floor":28,"gold_loss":0,"cards_obtained":["Decay"]},{"damage_healed":0,"gold_gain":0,"player_choice":"Upgraded Two","damage_taken":0,"max_hp_gain":0,"max_hp_loss":0,"event_name":"Designer","floor":36,"gold_loss":40,"cards_upgraded":["Melter","Creative AI"]},{"damage_healed":0,"gold_gain":0,"player_choice":"Ignored","damage_taken":0,"max_hp_gain":0,"max_hp_loss":0,"event_name":"Mysterious Sphere","floor":44,"gold_loss":0}],"is_beta":false,"boss_relics":[{"not_picked":["Lizard Tail","White Beast Statue"],"picked":"Pandora\u0027s Box"},{"not_picked":["Calling Bell","Runic Dome"],"picked":"Velvet Choker"}],"items_purged_floors":[],"is_endless":false,"potions_floor_spawned":[1,2,6,11,20,24,29,33,38,39,42],"killed_by":"The Heart","ascension_level":0}