{"gold_per_floor":[111,261,186,186,261,293,293,293,293,325,344,344,66,66,66,141,141,154,154,171,171,571,571,583,583,583,583,616,616,636,646,646,719,719,729,779,779,779,406,406,406,406,406,441,441,459,459,111,111,111],"floor_reached":51,"playtime":1262,"items_purged":["Doubt","Strike_R+1","Strike_R+1"],"score":1437,"play_id":"77c85cc2-5e70-418f-8699-1d40c49cf407","local_time":"20190213001312","is_ascension_mode":true,"campfire_choices":[{"data":"Uppercut","floor":8.0,"key":"SMITH"},{"data":"Heavy Blade","floor":15.0,"key":"SMITH"},{"data":"Bash","floor":23.0,"key":"SMITH"},{"data":"Anger","floor":25.0,"key":"SMITH"},{"floor":27.0,"key":"REST"},{"floor":32.0,"key":"REST"},{"data":"Heavy Blade","floor":40.0,"key":"SMITH"},{"floor":42,"key":"REST"},{"data":"Sword Boomerang","floor":49,"key":"SMITH"}],"neow_cost":"NONE","seed_source_timestamp":25243383894900,"circlet_count":0,"master_deck":["AscendersBane","Strike_R+1","Strike_R+1","Strike_R+1","Defend_R+1","Defend_R+1","Defend_R+1","Bash+1","Uppercut+1","Anger+1","Heavy Blade+1","Offering+1","Battle Trance+1","Infernal Blade+1","Heavy Blade+1","True Grit+1","Reaper","Dark Shackles+1","Sword Boomerang","Sword Boomerang+1"],"special_seed":0,"relics":["Burning Blood","NeowsBlessing","Meat on the Bone","Ornamental Fan","Juzu Bracelet","Bronze Scales","Brimstone","Toxic Egg 2","Philosopher\u0027s Stone","Omamori","Old Coin","Question Card","Ice Cream","Bottled Flame","Cursed Key","Bottled Lightning","Kunai","Art of War","Pen Nib"],"potions_floor_usage":[50,50],"damage_taken":[{"damage":0.0,"enemies":"Jaw Worm","floor":1.0,"turns":1.0},{"damage":0.0,"enemies":"Gremlin Nob","floor":6.0,"turns":1.0},{"damage":0.0,"enemies":"3 Sentries","floor":10.0,"turns":2.0},{"damage":4.0,"enemies":"Small Slimes","floor":11.0,"turns":4.0},{"damage":19.0,"enemies":"Hexaghost","floor":16.0,"turns":5.0},{"damage":39.0,"enemies":"3 Byrds","floor":18.0,"turns":3.0},{"damage":11.0,"enemies":"Shell Parasite","floor":20.0,"turns":2.0},{"damage":35.0,"enemies":"Colosseum Slavers","floor":22.0,"turns":3.0},{"damage":7.0,"enemies":"Colosseum Nobs","floor":22.0,"turns":3.0},{"damage":0.0,"enemies":"Snake Plant","floor":24.0,"turns":2.0},{"damage":40.0,"enemies":"Slavers","floor":28.0,"turns":4.0},{"damage":9.0,"enemies":"Snecko","floor":30.0,"turns":2.0},{"damage":16.0,"enemies":"Centurion and Healer","floor":31.0,"turns":4.0},{"damage":31.0,"enemies":"Champ","floor":33.0,"turns":6.0},{"damage":12.0,"enemies":"3 Shapes","floor":35.0,"turns":3.0},{"damage":6,"enemies":"Reptomancer","floor":44,"turns":3},{"damage":14,"enemies":"3 Darklings","floor":46,"turns":3},{"damage":50,"enemies":"Donu and Deca","floor":50,"turns":5}],"seed_played":"-5226644487431006565","potions_obtained":[{"floor":1.0,"key":"Dexterity Potion"},{"floor":11.0,"key":"Block Potion"},{"floor":18.0,"key":"SpeedPotion"},{"floor":20.0,"key":"SpeedPotion"},{"floor":44,"key":"PowerPotion"},{"floor":46,"key":"Strength Potion"}],"is_trial":false,"path_per_floor":["M","?","$","?","?","E","T","R","T","E","M","?","$","?","R","B",null,"M","?","M","?","?","R","M","R","T","R","E","?","M","M","R","B",null,"M","?","?","?","$","R","?","R","T","E","?","M","?","$","R","B",null],"character_chosen":"IRONCLAD","items_purchased":["Brimstone","Heavy Blade","Bottled Lightning","Pen Nib","Sword Boomerang"],"campfire_rested":3,"item_purchase_floors":[13,13,39,48,48],"current_hp_per_floor":[74,74,74,51,40,46,46,46,46,52,54,54,54,36,36,35,65,44,44,51,51,45,45,51,51,51,73,51,51,48,50,72,47,68,62,55,55,55,55,55,55,75,75,75,75,75,71,71,71,57],"gold":111,"neow_bonus":"THREE_ENEMY_KILL","is_prod":false,"is_daily":false,"chose_seed":false,"campfire_upgraded":6,"win_rate":0,"timestamp":1550009592,"path_taken":["M","?","$","?","?","E","?","R","T","E","M","?","?","?","R","BOSS","M","?","M","?","?","R","M","R","T","R","E","?","M","M","R","BOSS","M","?","?","?","$","R","?","R","T","E","?","M","?","$","R","BOSS"],"build_version":"2019-01-23","purchased_purges":3,"victory":true,"max_hp_per_floor":[75,75,75,75,75,75,75,75,75,75,75,75,75,75,75,75,75,75,75,75,75,75,75,75,75,75,75,75,75,75,75,75,75,75,75,75,75,75,75,75,75,75,75,75,75,75,71,71,71,71],"card_choices":[{"not_picked":["Shrug It Off","Hemokinesis"],"picked":"Uppercut","floor":1.0},{"not_picked":["Thunderclap","Iron Wave","Warcry"],"picked":"SKIP","floor":6.0},{"not_picked":["Feel No Pain","Shrug It Off","Wild Strike"],"picked":"SKIP","floor":10.0},{"not_picked":["Shrug It Off","Uppercut","Rampage"],"picked":"SKIP","floor":11.0},{"not_picked":["Bludgeon","Exhume+1"],"picked":"Offering+1","floor":16.0},{"not_picked":["Headbutt","Wild Strike","Second Wind+1"],"picked":"SKIP","floor":18.0},{"not_picked":["Combust","Anger"],"picked":"Battle Trance+1","floor":20.0},{"not_picked":["Dropkick+1","Twin Strike","Sever Soul","Wild Strike"],"picked":"SKIP","floor":24.0},{"not_picked":["Infernal Blade+1","Spot Weakness+1","Body Slam+1","Disarm+1"],"picked":"SKIP","floor":28.0},{"not_picked":["Spot Weakness+1","Body Slam+1","Disarm+1"],"picked":"Infernal Blade+1","floor":28.0},{"not_picked":["Clash","Body Slam","Pommel Strike"],"picked":"True Grit+1","floor":30.0},{"not_picked":["Iron Wave","Clothesline","Warcry+1","Twin Strike"],"picked":"SKIP","floor":31.0},{"not_picked":["Fiend Fire","Offering+1","Bludgeon"],"picked":"Reaper","floor":33.0},{"not_picked":["Wild Strike","Headbutt+1","Metallicize","Heavy Blade"],"picked":"SKIP","floor":35.0},{"not_picked":["Mind Blast","Magnetism","Impatience+1"],"picked":"Dark Shackles+1","floor":37.0},{"not_picked":["Twin Strike","Anger","Headbutt"],"picked":"Sword Boomerang","floor":44},{"not_picked":["Thunderclap","Heavy Blade","Whirlwind","Rampage"],"picked":"SKIP","floor":46}],"player_experience":723251,"relics_obtained":[{"floor":6.0,"key":"Meat on the Bone"},{"floor":7.0,"key":"Ornamental Fan"},{"floor":9.0,"key":"Juzu Bracelet"},{"floor":10.0,"key":"Bronze Scales"},{"floor":22.0,"key":"Old Coin"},{"floor":22.0,"key":"Question Card"},{"floor":26.0,"key":"Ice Cream"},{"floor":28.0,"key":"Bottled Flame"},{"floor":43,"key":"Kunai"},{"floor":44,"key":"Art of War"}],"event_choices":[{"damage_healed":0.0,"max_hp_gain":0.0,"max_hp_loss":0.0,"gold_gain":150.0,"event_name":"Liars Game","player_choice":"AGREE","floor":2.0,"gold_loss":0.0,"damage_taken":0.0,"cards_obtained":["Doubt"]},{"damage_healed":0.0,"max_hp_gain":0.0,"max_hp_loss":0.0,"gold_gain":0.0,"event_name":"Shining Light","player_choice":"Entered Light","floor":4.0,"gold_loss":0.0,"damage_taken":23.0,"cards_upgraded":["Defend_R","Strike_R"]},{"damage_healed":0.0,"max_hp_gain":0.0,"max_hp_loss":0.0,"gold_gain":75.0,"event_name":"World of Goop","player_choice":"Gather Gold","floor":5.0,"gold_loss":0.0,"damage_taken":11.0},{"damage_healed":0.0,"max_hp_gain":0.0,"max_hp_loss":0.0,"gold_gain":0.0,"event_name":"Match and Keep!","player_choice":"1 cards matched","floor":12.0,"gold_loss":0.0,"damage_taken":0.0,"cards_obtained":["Anger"]},{"damage_healed":0.0,"max_hp_gain":0.0,"max_hp_loss":0.0,"gold_gain":0.0,"event_name":"Scrap Ooze","player_choice":"Success","floor":14.0,"gold_loss":0.0,"damage_taken":18.0,"relics_obtained":["Toxic Egg 2"]},{"damage_healed":0.0,"max_hp_gain":0.0,"max_hp_loss":0.0,"gold_gain":0.0,"event_name":"WeMeetAgain","player_choice":"Gave Potion","floor":19.0,"gold_loss":0.0,"damage_taken":0.0,"relics_obtained":["Omamori"]},{"damage_healed":0.0,"max_hp_gain":0.0,"max_hp_loss":0.0,"gold_gain":0.0,"event_name":"Back to Basics","player_choice":"Simplicity","floor":21.0,"gold_loss":0.0,"damage_taken":0.0,"cards_upgraded":["Strike_R","Strike_R","Strike_R","Strike_R","Defend_R","Defend_R","Defend_R"]},{"damage_healed":0.0,"max_hp_gain":0.0,"max_hp_loss":0.0,"gold_gain":0.0,"event_name":"Colosseum","player_choice":"Fight","floor":22.0,"gold_loss":0.0,"damage_taken":0.0},{"damage_healed":0.0,"max_hp_gain":0.0,"max_hp_loss":0.0,"gold_gain":0.0,"event_name":"Colosseum","player_choice":"Fought Nobs","floor":22.0,"gold_loss":0.0,"damage_taken":0.0},{"damage_healed":0.0,"max_hp_gain":0.0,"max_hp_loss":0.0,"gold_gain":0.0,"event_name":"The Library","player_choice":"Read","floor":29.0,"gold_loss":0.0,"damage_taken":0.0,"cards_obtained":["Heavy Blade"]},{"damage_healed":0.0,"max_hp_gain":0.0,"max_hp_loss":0.0,"gold_gain":50.0,"event_name":"FaceTrader","player_choice":"Touch","floor":36.0,"gold_loss":0.0,"damage_taken":7.0},{"damage_healed":0.0,"max_hp_gain":0.0,"max_hp_loss":0.0,"gold_gain":0.0,"event_name":"SensoryStone","player_choice":"Memory 1","floor":37.0,"gold_loss":0.0,"damage_taken":0.0},{"cards_removed":["Defend_R"],"damage_healed":0.0,"max_hp_gain":0.0,"max_hp_loss":0.0,"gold_gain":0.0,"event_name":"Falling","player_choice":"Removed Skill","floor":38.0,"gold_loss":0.0,"damage_taken":0.0},{"damage_healed":0,"gold_gain":0,"player_choice":"0 cards matched","damage_taken":0,"max_hp_gain":0,"max_hp_loss":0,"event_name":"Match and Keep!","floor":41,"gold_loss":0,"cards_obtained":[]},{"damage_healed":0,"gold_gain":0,"player_choice":"Ignored","damage_taken":0,"max_hp_gain":0,"max_hp_loss":0,"event_name":"Tomb of Lord Red Mask","floor":45,"gold_loss":0},{"damage_healed":0,"gold_gain":0,"player_choice":"Max HP","damage_taken":0,"max_hp_gain":0,"max_hp_loss":4,"event_name":"Winding Halls","floor":47,"gold_loss":0}],"is_beta":false,"boss_relics":[{"not_picked":["Ectoplasm","Fusion Hammer"],"picked":"Philosopher\u0027s Stone"},{"not_picked":["White Beast Statue","Eternal Feather"],"picked":"Cursed Key"}],"items_purged_floors":[3,39,48],"is_endless":false,"potions_floor_spawned":[1,11,18,20,22,22,33,44,46],"ascension_level":16}