{"gold_per_floor":[363,379,396,406,406,433,433,459,482,494,506,518,545,567,579,591],"floor_reached":16,"playtime":685,"items_purged":[],"score":112,"play_id":"0fd6c185-dd94-4f95-be9c-945fca9ac83b","local_time":"20181108201936","is_ascension_mode":false,"campfire_choices":[{"floor":7,"key":"REST"},{"floor":12,"key":"REST"},{"floor":15,"key":"REST"}],"neow_cost":"TEN_PERCENT_HP_LOSS","seed_source_timestamp":202199419030664,"circlet_count":0,"master_deck":["Strike_B","Strike_B","Strike_B","Strike_B","Defend_B","Defend_B+1","Defend_B+1","Defend_B","Zap+1","Dualcast","Chaos","Steam","Beam Cell+1","Fusion","Doom and Gloom","Aggregate","Sunder"],"relics":["Cracked Core","Dodecahedron","Lantern","MawBank","War Paint"],"potions_floor_usage":[8,8,14,16],"damage_taken":[{"damage":6,"enemies":"2 Louse","floor":1,"turns":2},{"damage":1,"enemies":"Jaw Worm","floor":2,"turns":3},{"damage":1,"enemies":"Cultist","floor":3,"turns":3},{"damage":0,"enemies":"Looter","floor":4,"turns":3},{"damage":33,"enemies":"Gremlin Nob","floor":6,"turns":4},{"damage":24,"enemies":"Lagavulin","floor":8,"turns":7},{"damage":0,"enemies":"Large Slime","floor":13,"turns":3},{"damage":12,"enemies":"Blue Slaver","floor":14,"turns":3},{"damage":38,"enemies":"Hexaghost","floor":16,"turns":9}],"seed_played":"-9053227177405751410","potions_obtained":[{"floor":2,"key":"Weak Potion"},{"floor":4,"key":"PowerPotion"},{"floor":6,"key":"EssenceOfSteel"},{"floor":14,"key":"GamblersBrew"}],"is_trial":false,"path_per_floor":["M","M","M","M","?","E","R","E","T","$","?","R","M","M","R","B"],"character_chosen":"DEFECT","items_purchased":[],"campfire_rested":3,"item_purchase_floors":[],"current_hp_per_floor":[62,61,60,60,46,13,33,9,9,9,9,29,29,17,37,0],"gold":591,"neow_bonus":"TWO_FIFTY_GOLD","is_prod":false,"is_daily":false,"chose_seed":false,"campfire_upgraded":0,"win_rate":0,"timestamp":1541726376,"path_taken":["M","M","M","M","?","E","R","E","T","$","?","R","?","M","R","BOSS"],"build_version":"2018-11-08","purchased_purges":0,"victory":false,"max_hp_per_floor":[68,68,68,68,68,68,68,68,68,68,68,68,68,68,68,68],"card_choices":[{"not_picked":["Compile Driver","Stack"],"picked":"Chaos","floor":1},{"not_picked":["Sweeping Beam","Skim"],"picked":"Steam","floor":2},{"not_picked":["Reinforced Body","Ball Lightning"],"picked":"Beam Cell","floor":3},{"not_picked":["Skim","Glacier"],"picked":"Beam Cell","floor":4},{"not_picked":["Compile Driver","Sweeping Beam"],"picked":"Fusion","floor":6},{"not_picked":["Reboot","Self Repair"],"picked":"Doom and Gloom","floor":8},{"not_picked":["Glacier","Beam Cell"],"picked":"Aggregate","floor":13},{"not_picked":["Hologram","Turbo"],"picked":"Sunder","floor":14}],"player_experience":42038,"relics_obtained":[{"floor":6,"key":"Dodecahedron"},{"floor":8,"key":"Lantern"},{"floor":9,"key":"MawBank"}],"event_choices":[{"damage_healed":0,"gold_gain":0,"player_choice":"Entered Light","damage_taken":14,"max_hp_gain":0,"max_hp_loss":0,"event_name":"Shining Light","floor":5,"gold_loss":0,"cards_upgraded":["Defend_B","Beam Cell"]},{"cards_removed":["Beam Cell"],"damage_healed":0,"gold_gain":0,"player_choice":"Gave Card","damage_taken":0,"relics_obtained":["War Paint"],"max_hp_gain":0,"max_hp_loss":0,"event_name":"WeMeetAgain","floor":11,"gold_loss":0}],"is_beta":false,"boss_relics":[],"items_purged_floors":[],"is_endless":false,"potions_floor_spawned":[2,4,6,14],"killed_by":"Hexaghost","ascension_level":0}