{"gold_per_floor":[119,134,134,150,162,162,53,53,99,99,119,145,145,370,370,467,467,483,568,618,635,652,652,671,706,706,706,219,219,350,29,29,126,126,137,234,248,298,6,6],"floor_reached":40,"playtime":4465,"items_purged":["Pain","Strike_B"],"score":766,"play_id":"24f083f3-2a3d-4948-8b5e-db29421affe3","local_time":"20181024150413","is_ascension_mode":true,"campfire_choices":[{"floor":6,"key":"REST"},{"data":"Echo Form","floor":8,"key":"SMITH"},{"data":"Glacier","floor":13,"key":"SMITH"},{"data":"Dualcast","floor":15,"key":"SMITH"},{"floor":23,"key":"REST"},{"data":"Zap","floor":27,"key":"SMITH"},{"data":"Coolheaded","floor":29,"key":"SMITH"},{"floor":32,"key":"DIG"}],"neow_cost":"CURSE","seed_source_timestamp":146732356643285,"circlet_count":0,"master_deck":["Strike_B","Strike_B","Strike_B","Defend_B","Defend_B","Defend_B","Defend_B","Zap+1","Dualcast+1","AscendersBane","Echo Form+1","Conserve Battery","Undo","Electrodynamics","Amplify","Conserve Battery","Glacier+1","Go for the Eyes","Conserve Battery","Doubt","Biased Cognition","Loop","Coolheaded+1","Reinforced Body","Hologram","Ball Lightning","Biased Cognition","Echo Form+1","Self Repair","Sunder","Buffer","BootSequence+1","Glacier","Madness","Madness"],"relics":["Cracked Core","Bag of Preparation","SsserpentHead","Juzu Bracelet","Velvet Choker","Red Mask","Nilry\u0027s Codex","Pen Nib","Dead Branch","DollysMirror","Blood Vial","Dodecahedron","Shovel","Anchor","Runic Dome","Emotion Chip","Membership Card","FossilizedHelix"],"potions_floor_usage":[1,25,33],"damage_taken":[{"damage":5,"enemies":"Jaw Worm","floor":1,"turns":3},{"damage":6,"enemies":"Cultist","floor":2,"turns":4},{"damage":5,"enemies":"Small Slimes","floor":4,"turns":4},{"damage":12,"enemies":"Red Slaver","floor":5,"turns":4},{"damage":0,"enemies":"Large Slime","floor":11,"turns":7},{"damage":10,"enemies":"3 Sentries","floor":12,"turns":6},{"damage":18,"enemies":"Slime Boss","floor":16,"turns":13},{"damage":7,"enemies":"Spheric Guardian","floor":18,"turns":6},{"damage":16,"enemies":"Masked Bandits","floor":19,"turns":4},{"damage":0,"enemies":"3 Byrds","floor":21,"turns":2},{"damage":0,"enemies":"Centurion and Healer","floor":22,"turns":6},{"damage":6,"enemies":"3 Cultists","floor":24,"turns":3},{"damage":0,"enemies":"Book of Stabbing","floor":25,"turns":8},{"damage":0,"enemies":"Automaton","floor":33,"turns":9},{"damage":0,"enemies":"3 Shapes","floor":35,"turns":3},{"damage":27,"enemies":"2 Orb Walkers","floor":36,"turns":5},{"damage":19,"enemies":"3 Darklings","floor":37,"turns":3},{"damage":38,"enemies":"Giant Head","floor":40,"turns":7}],"seed_played":"-2381371938381299146","potions_obtained":[{"floor":1,"key":"Fruit Juice"},{"floor":11,"key":"Ancient Potion"},{"floor":18,"key":"Regen Potion"},{"floor":25,"key":"Energy Potion"},{"floor":33,"key":"SteroidPotion"}],"is_trial":false,"path_per_floor":["M","M","?","M","M","R","$","R","T","?","M","E","R","?","R","B",null,"M","?","?","M","M","R","M","E","T","R","$","R","T","$","R","B",null,"M","?","M","?","$"],"character_chosen":"DEFECT","items_purchased":["Glacier","DollysMirror","Blood Vial","Self Repair","Shovel","Sunder","Membership Card","FossilizedHelix"],"campfire_rested":2,"item_purchase_floors":[7,28,28,28,31,31,39,39],"current_hp_per_floor":[68,62,62,57,45,69,69,69,69,69,69,59,59,59,59,41,70,63,47,31,31,31,55,49,64,64,64,64,64,64,64,64,80,80,80,60,43,33,33,0],"gold":6,"neow_bonus":"THREE_RARE_CARDS","is_prod":false,"is_daily":false,"chose_seed":false,"campfire_upgraded":5,"win_rate":0,"timestamp":1540407853,"path_taken":["M","M","?","?","M","R","$","R","T","?","M","E","R","?","R","BOSS","M","?","?","M","M","R","M","E","T","R","$","R","?","$","R","BOSS","M","?","M","?","?","E"],"build_version":"2018-10-18","purchased_purges":2,"victory":false,"max_hp_per_floor":[80,80,80,80,80,80,80,80,80,80,80,80,80,80,80,80,80,80,80,80,80,80,80,80,80,80,80,80,80,80,80,80,80,80,80,80,80,80,80,80],"card_choices":[{"not_picked":["Reboot","Multi-Cast"],"picked":"Echo Form","floor":0},{"not_picked":["Rebound","Go for the Eyes"],"picked":"Conserve Battery","floor":1},{"not_picked":["Streamline","Compile Driver"],"picked":"Undo","floor":2},{"not_picked":["Melter","Recycle"],"picked":"Amplify","floor":4},{"not_picked":["Ball Lightning","Compile Driver"],"picked":"Conserve Battery","floor":5},{"not_picked":["Fusion","BootSequence"],"picked":"Go for the Eyes","floor":11},{"not_picked":["Capacitor","Stack"],"picked":"Conserve Battery","floor":12},{"not_picked":["Rainbow","Amplify"],"picked":"Biased Cognition","floor":16},{"not_picked":["Scrape","Gash+1"],"picked":"Loop","floor":18},{"not_picked":["Barrage+1","Steam Power"],"picked":"Coolheaded","floor":19},{"not_picked":["Undo","Leap"],"picked":"Reinforced Body","floor":21},{"not_picked":["Streamline","Go for the Eyes"],"picked":"Hologram","floor":22},{"not_picked":["Stack","Steam"],"picked":"Ball Lightning","floor":24},{"not_picked":["Fusion","Self Repair"],"picked":"Biased Cognition","floor":25},{"not_picked":["Multi-Cast","Electrodynamics"],"picked":"Buffer","floor":33},{"not_picked":["Ball Lightning","Hologram+1"],"picked":"BootSequence+1","floor":35},{"not_picked":["Sweeping Beam","Redo+1"],"picked":"Glacier","floor":37}],"player_experience":660280,"relics_obtained":[{"floor":9,"key":"Bag of Preparation"},{"floor":12,"key":"Juzu Bracelet"},{"floor":19,"key":"Red Mask"},{"floor":20,"key":"Nilry\u0027s Codex"},{"floor":25,"key":"Pen Nib"},{"floor":26,"key":"Dead Branch"},{"floor":30,"key":"Dodecahedron"},{"floor":32,"key":"Anchor"},{"floor":36,"key":"Emotion Chip"}],"event_choices":[{"damage_healed":0,"gold_gain":0,"player_choice":"1 cards matched","damage_taken":0,"max_hp_gain":0,"max_hp_loss":0,"event_name":"Match and Keep!","floor":3,"gold_loss":0,"cards_obtained":["Electrodynamics"]},{"damage_healed":0,"gold_gain":0,"player_choice":"Trade","damage_taken":0,"relics_obtained":["SsserpentHead"],"max_hp_gain":0,"max_hp_loss":0,"event_name":"FaceTrader","floor":10,"gold_loss":0},{"damage_healed":0,"gold_gain":175,"player_choice":"AGREE","damage_taken":0,"max_hp_gain":0,"max_hp_loss":0,"event_name":"Liars Game","floor":14,"gold_loss":0,"cards_obtained":["Doubt"]},{"damage_healed":0,"gold_gain":0,"player_choice":"Fought Bandits","damage_taken":0,"max_hp_gain":0,"max_hp_loss":0,"event_name":"Masked Bandits","floor":19,"gold_loss":0},{"damage_healed":0,"gold_gain":0,"player_choice":"Obtained Book","damage_taken":16,"max_hp_gain":0,"max_hp_loss":0,"event_name":"Cursed Tome","floor":20,"gold_loss":0},{"damage_healed":0,"gold_gain":0,"player_choice":"Fight","damage_taken":0,"max_hp_gain":0,"max_hp_loss":0,"event_name":"Mysterious Sphere","floor":36,"gold_loss":0},{"damage_healed":0,"gold_gain":0,"player_choice":"Embrace Madness","damage_taken":10,"max_hp_gain":0,"max_hp_loss":0,"event_name":"Winding Halls","floor":38,"gold_loss":0,"cards_obtained":["Madness","Madness"]}],"is_beta":false,"boss_relics":[{"not_picked":["Sozu","Orrery"],"picked":"Velvet Choker"},{"not_picked":["White Beast Statue","Snecko Eye"],"picked":"Runic Dome"}],"items_purged_floors":[7,28],"is_endless":false,"potions_floor_spawned":[1,11,18,25,33],"killed_by":"Giant Head","ascension_level":10}