{"path_per_floor":["M","?","$","M","?","E","M","M","T","T","M","M","M","$","R","B",null,"M","M","M","M","?","R","M","M","T","E","M","?","M","$","R","B",null,"M","?","M","?","M","R","M","?","T","T","$","M","$","M","R","B"],"character_chosen":"THE_SILENT","items_purchased":[],"gold_per_floor":[110,110,35,51,51,79,91,111,111,111,125,142,161,61,61,157,157,173,184,203,222,222,222,241,253,253,285,302,302,317,192,192,289,289,302,302,319,319,334,334,352,352,352,352,202,216,41,59,59,59],"floor_reached":51,"campfire_rested":0,"playtime":7765,"current_hp_per_floor":[70,70,70,70,56,56,56,56,56,56,56,56,56,56,56,48,70,66,66,57,55,55,55,67,67,67,65,63,80,80,80,80,79,80,80,80,76,66,66,66,66,66,66,66,66,57,57,50,50,59],"items_purged":["Strike_G","Strike_G","Defend_G","Parasite","Defend_G"],"gold":59,"score":702,"play_id":"d3f02c11-8760-47d2-af10-0788498b3c6d","local_time":"20180427015944","is_prod":false,"is_daily":false,"chose_seed":false,"is_ascension_mode":false,"campfire_upgraded":5,"timestamp":1524787184,"path_taken":["M","?","$","M","?","E","M","?","T","?","?","M","M","?","R","BOSS","M","M","M","M","?","R","M","M","T","E","M","?","?","$","R","BOSS","M","?","M","?","M","R","M","?","T","?","$","M","?","?","R","BOSS"],"build_version":"2018-04-19","seed_source_timestamp":24972234840219,"purchased_purges":5,"victory":true,"master_deck":["Defend_G","Strike_G+1","Survivor","Neutralize+1","Dagger Throw","Acrobatics","Deflect","Footwork+1","Well Laid Plans+1","Backflip+1","Prepared+1","Tactician+1","Setup+1","Acrobatics+1","Malaise+1","Deadly Poison+1","Blur+1","Adrenaline+1","Noxious Fumes+1","Tactician+1","Deadly Poison+1","Madness+1","Madness+1","Footwork+1","Clumsy","Noxious Fumes"],"max_hp_per_floor":[70,70,70,70,70,70,70,70,70,70,70,70,70,70,70,70,70,70,70,70,70,70,70,70,70,70,70,70,80,80,80,80,80,80,80,80,80,80,80,80,80,80,80,80,77,77,77,77,77,77],"relics":["Ring of the Snake","NeowsBlessing","Letter Opener","Toxic Egg 2","Centennial Puzzle","Astrolabe","Pantograph","Shuriken","Cursed Key","Paper Crane","Meat on the Bone"],"card_choices":[{"not_picked":["Dodge and Roll","Caltrops"],"picked":"Dagger Throw","floor":4},{"not_picked":["Concentrate","Sucker Punch"],"picked":"Acrobatics","floor":6},{"not_picked":["Flying Knee","Infinite Blades"],"picked":"Deflect","floor":7},{"not_picked":["Dash","Eviscerate"],"picked":"Footwork","floor":8},{"not_picked":["Flying Knee","Acrobatics"],"picked":"Well Laid Plans","floor":11},{"not_picked":["Outmaneuver","Cloak And Dagger"],"picked":"Backflip","floor":12},{"not_picked":["Eviscerate","Malaise"],"picked":"Prepared","floor":13},{"not_picked":["Storm of Steel","Burst"],"picked":"Tactician","floor":16},{"not_picked":["Blur","Catalyst"],"picked":"Deadly Poison","floor":19},{"not_picked":["Bane","Deflect"],"picked":"Blur","floor":20},{"not_picked":["Grand Finale","Corpse Explosion"],"picked":"Adrenaline","floor":33},{"not_picked":["Bane","Infinite Blades"],"picked":"Noxious Fumes","floor":35},{"not_picked":["Bane","Prepared"],"picked":"Deadly Poison","floor":37},{"not_picked":["Backflip","PiercingWail"],"picked":"Noxious Fumes","floor":48}],"player_experience":85210,"potions_floor_usage":[16,24,33,37,50,50],"damage_taken":[{"damage":0,"enemies":"Small Slimes","floor":1,"turns":1},{"damage":0,"enemies":"2 Louse","floor":4,"turns":1},{"damage":0,"enemies":"Lagavulin","floor":6,"turns":1},{"damage":0,"enemies":"Cultist","floor":7,"turns":3},{"damage":0,"enemies":"Exordium Wildlife","floor":8,"turns":2},{"damage":0,"enemies":"Lots of Slimes","floor":11,"turns":4},{"damage":0,"enemies":"Blue Slaver","floor":12,"turns":4},{"damage":0,"enemies":"3 Louse","floor":13,"turns":3},{"damage":8,"enemies":"Hexaghost","floor":16,"turns":15},{"damage":4,"enemies":"Spheric Guardian","floor":18,"turns":4},{"damage":0,"enemies":"2 Thieves","floor":19,"turns":3},{"damage":9,"enemies":"Chosen and Byrds","floor":20,"turns":7},{"damage":2,"enemies":"Centurion and Healer","floor":21,"turns":4},{"damage":3,"enemies":"Slaver and Parasite","floor":24,"turns":6},{"damage":0,"enemies":"Snecko","floor":25,"turns":5},{"damage":2,"enemies":"Gremlin Leader","floor":27,"turns":7},{"damage":2,"enemies":"Centurion and Healer","floor":28,"turns":8},{"damage":0,"enemies":"3 Cultists","floor":30,"turns":6},{"damage":1,"enemies":"Automaton","floor":33,"turns":9},{"damage":0,"enemies":"3 Shapes","floor":35,"turns":3},{"damage":4,"enemies":"3 Darklings","floor":37,"turns":2},{"damage":0,"enemies":"4 Shapes","floor":39,"turns":4},{"damage":0,"enemies":"Maw","floor":41,"turns":7},{"damage":9,"enemies":"Sphere and 2 Shapes","floor":46,"turns":4},{"damage":7,"enemies":"4 Shapes","floor":48,"turns":4},{"damage":30,"enemies":"Awakened One","floor":50,"turns":12}],"event_choices":[{"event_name":"Living Wall","player_choice":"Change","floor":2,"damage_taken":0},{"event_name":"Shining Light","player_choice":"Entered Light","floor":5,"damage_taken":0},{"event_name":"Addict","player_choice":"Ignored","floor":22,"damage_taken":0},{"event_name":"Bonfire Elementals","player_choice":"RARE","floor":29,"damage_taken":0},{"event_name":"Duplicator","player_choice":"One dupe","floor":36,"damage_taken":0},{"event_name":"Winding Halls","player_choice":"Embrace Madness","floor":38,"damage_taken":0},{"event_name":"Match and Keep!","player_choice":"1 cards matched","floor":42,"damage_taken":0}],"boss_relics":[{"not_picked":["Philosopher\u0027s Stone","Black Star"],"picked":"Astrolabe"},{"not_picked":["Lizard Tail","Orrery"],"picked":"Cursed Key"}],"potions_floor_spawned":[1,11,12,13,16,18,20,27,28,33,35,41],"seed_played":"-4279348211121232904","ascension_level":0,"is_trial":false}