{"gold_per_floor":[115,129,129,56,66,66,79,79,79,109,124,155,66,84,84,158,158,170,180,191,204,204,204,230,248,248,248,258,106,138,168,168,239,239,253,1252,1252,1263,825,825,859,870,870,890,890],"floor_reached":45,"playtime":3616,"items_purged":["Strike_B","Normality"],"score":1019,"play_id":"789c5b35-7710-4069-a720-416e3c77992f","local_time":"20190201210305","is_ascension_mode":true,"campfire_choices":[{"data":"Streamline","floor":6,"key":"SMITH"},{"data":"Zap","floor":8,"key":"SMITH"},{"data":"Hyperbeam","floor":15,"key":"SMITH"},{"floor":23,"key":"REST"},{"floor":27,"key":"REST"},{"floor":32,"key":"REST"},{"data":"Defragment","floor":40,"key":"SMITH"}],"neow_cost":"NONE","seed_source_timestamp":1289650729600652,"circlet_count":0,"master_deck":["AscendersBane","Zap+1","Dualcast","Tempest","Cold Snap+1","Darkness","Streamline+1","Steam","Seek","Reinforced Body","Hyperbeam+1","Defragment+1","Coolheaded","Echo Form","Force Field+1","Skim","Rainbow","Amplify","Compile Driver+1","Chaos","Gash+1","Core Surge+1","Ball Lightning+1","Static Discharge","Normality","Heatsinks","Panache","Turbo+1","Hologram+1"],"relics":["Cracked Core","Mercury Hourglass","DataDisk","Ginger","Centennial Puzzle","Busted Crown","Torii","Molten Egg 2","Bottled Tornado","Red Mask","Pandora\u0027s Box","Whetstone"],"potions_floor_usage":[16,22,24,30,33,38,42,42],"damage_taken":[{"damage":2,"enemies":"Jaw Worm","floor":1,"turns":3},{"damage":7,"enemies":"2 Louse","floor":2,"turns":3},{"damage":0,"enemies":"Cultist","floor":5,"turns":3},{"damage":7,"enemies":"2 Fungi Beasts","floor":7,"turns":3},{"damage":12,"enemies":"3 Sentries","floor":10,"turns":5},{"damage":7,"enemies":"Blue Slaver","floor":11,"turns":2},{"damage":1,"enemies":"Gremlin Nob","floor":12,"turns":3},{"damage":0,"enemies":"Lots of Slimes","floor":14,"turns":1},{"damage":1,"enemies":"Hexaghost","floor":16,"turns":7},{"damage":3,"enemies":"Chosen","floor":18,"turns":4},{"damage":13,"enemies":"Shell Parasite","floor":19,"turns":5},{"damage":2,"enemies":"Snecko","floor":20,"turns":4},{"damage":5,"enemies":"Centurion and Healer","floor":21,"turns":6},{"damage":4,"enemies":"Colosseum Slavers","floor":22,"turns":3},{"damage":12,"enemies":"Gremlin Leader","floor":24,"turns":7},{"damage":22,"enemies":"Shelled Parasite and Fungi","floor":25,"turns":7},{"damage":16,"enemies":"Snake Plant","floor":28,"turns":3},{"damage":4,"enemies":"Book of Stabbing","floor":30,"turns":5},{"damage":12,"enemies":"Masked Bandits","floor":31,"turns":2},{"damage":8,"enemies":"Automaton","floor":33,"turns":10},{"damage":9,"enemies":"3 Shapes","floor":35,"turns":2},{"damage":0,"enemies":"Orb Walker","floor":38,"turns":3},{"damage":13,"enemies":"Nemesis","floor":41,"turns":9},{"damage":13,"enemies":"Jaw Worm Horde","floor":42,"turns":2},{"damage":22,"enemies":"4 Shapes","floor":44,"turns":6},{"damage":15,"enemies":"Spire Growth","floor":45,"turns":4}],"seed_played":"4262340961487947275","potions_obtained":[{"floor":5,"key":"PowerPotion"},{"floor":11,"key":"Ancient Potion"},{"floor":12,"key":"PowerPotion"},{"floor":20,"key":"Weak Potion"},{"floor":21,"key":"Dexterity Potion"},{"floor":24,"key":"Strength Potion"},{"floor":25,"key":"Weak Potion"},{"floor":31,"key":"Block Potion"},{"floor":35,"key":"Poison Potion"},{"floor":41,"key":"Regen Potion"},{"floor":44,"key":"SpeedPotion"}],"is_trial":false,"path_per_floor":["M","M","?","?","M","R","M","R","T","E","M","E","$","M","R","B",null,"M","M","M","M","?","R","E","M","T","R","M","$","E","?","R","B",null,"M","?","?","M","$","R","E","M","T","M","M"],"character_chosen":"DEFECT","items_purchased":["Defragment","Skim","Heatsinks","Swift Potion","Panache"],"campfire_rested":3,"item_purchase_floors":[13,29,39,39,39],"current_hp_per_floor":[62,55,55,55,55,55,48,48,48,36,29,28,28,28,28,27,60,57,44,42,37,33,54,42,20,20,41,25,25,21,9,30,22,59,50,50,50,50,50,50,37,29,29,7,0],"gold":890,"neow_bonus":"TRANSFORM_CARD","is_prod":false,"is_daily":false,"chose_seed":false,"campfire_upgraded":4,"win_rate":0,"timestamp":1549083785,"path_taken":["M","M","?","?","M","R","M","R","T","E","M","E","$","M","R","BOSS","M","?","M","M","?","R","E","M","T","R","M","$","E","?","R","BOSS","M","?","?","M","$","R","E","M","T","?","M"],"build_version":"2019-01-23","purchased_purges":2,"victory":false,"max_hp_per_floor":[71,71,71,71,71,71,71,71,71,71,71,71,71,71,71,71,71,71,71,71,71,71,71,71,71,71,71,71,71,71,71,71,71,71,71,71,71,71,71,71,71,71,71,71,71],"card_choices":[{"not_picked":["Coolheaded","FTL"],"picked":"Cold Snap","floor":1},{"not_picked":["Rebound","Gash"],"picked":"Darkness","floor":2},{"not_picked":["Sweeping Beam","Stack"],"picked":"Streamline","floor":5},{"not_picked":["Stack","White Noise"],"picked":"Steam","floor":7},{"not_picked":["Steam","Conserve Battery"],"picked":"Seek","floor":10},{"not_picked":["Rebound","Turbo"],"picked":"Reinforced Body","floor":11},{"not_picked":["Lockon","Skim"],"picked":"Hyperbeam","floor":12},{"not_picked":["Compile Driver","Ball Lightning"],"picked":"Coolheaded","floor":14},{"not_picked":["Reboot","Thunder Strike"],"picked":"Echo Form","floor":16},{"not_picked":["Redo"],"picked":"SKIP","floor":18},{"not_picked":["Heatsinks"],"picked":"SKIP","floor":19},{"not_picked":["Storm"],"picked":"SKIP","floor":20},{"not_picked":[],"picked":"Force Field+1","floor":21},{"not_picked":["Reinforced Body"],"picked":"SKIP","floor":24},{"not_picked":["Barrage"],"picked":"SKIP","floor":25},{"not_picked":["Sunder+1"],"picked":"SKIP","floor":28},{"not_picked":[],"picked":"Rainbow","floor":30},{"not_picked":[],"picked":"Amplify","floor":33},{"not_picked":["Gash+1"],"picked":"SKIP","floor":35},{"not_picked":["Doom and Gloom+1"],"picked":"SKIP","floor":38},{"not_picked":[],"picked":"Turbo+1","floor":41},{"not_picked":["Beam Cell+1"],"picked":"SKIP","floor":42},{"not_picked":[],"picked":"Hologram+1","floor":44}],"player_experience":771753,"relics_obtained":[{"floor":9,"key":"DataDisk"},{"floor":10,"key":"Ginger"},{"floor":12,"key":"Centennial Puzzle"},{"floor":24,"key":"Torii"},{"floor":26,"key":"Molten Egg 2"},{"floor":30,"key":"Bottled Tornado"},{"floor":31,"key":"Red Mask"},{"floor":41,"key":"Whetstone"}],"event_choices":[{"damage_healed":0,"gold_gain":0,"player_choice":"Ignored","damage_taken":0,"max_hp_gain":0,"max_hp_loss":0,"event_name":"Liars Game","floor":3,"gold_loss":0},{"damage_healed":0,"gold_gain":0,"player_choice":"Paid Gold","damage_taken":0,"relics_obtained":["Mercury Hourglass"],"max_hp_gain":0,"max_hp_loss":0,"event_name":"WeMeetAgain","floor":4,"gold_loss":73},{"damage_healed":0,"gold_gain":0,"player_choice":"Fight","damage_taken":0,"max_hp_gain":0,"max_hp_loss":0,"event_name":"Colosseum","floor":22,"gold_loss":0},{"damage_healed":0,"gold_gain":0,"player_choice":"Fled From Nobs","damage_taken":0,"max_hp_gain":0,"max_hp_loss":0,"event_name":"Colosseum","floor":22,"gold_loss":0},{"damage_healed":0,"gold_gain":0,"player_choice":"Fought Bandits","damage_taken":0,"max_hp_gain":0,"max_hp_loss":0,"event_name":"Masked Bandits","floor":31,"gold_loss":0},{"damage_healed":0,"gold_gain":999,"player_choice":"Gold","damage_taken":0,"max_hp_gain":0,"max_hp_loss":0,"event_name":"MindBloom","floor":36,"gold_loss":0,"cards_obtained":["Normality","Normality"]},{"damage_healed":0,"gold_gain":0,"player_choice":"Leave","damage_taken":0,"max_hp_gain":0,"max_hp_loss":0,"event_name":"FaceTrader","floor":37,"gold_loss":0}],"is_beta":false,"boss_relics":[{"not_picked":["Inserter","Ectoplasm"],"picked":"Busted Crown"},{"not_picked":["Sozu","Tiny House"],"picked":"Pandora\u0027s Box"}],"items_purged_floors":[29,39],"is_endless":false,"potions_floor_spawned":[5,11,12,20,21,24,25,31,35,41,44],"killed_by":"Spire Growth","ascension_level":20}