{"gold_per_floor":[219,144,144,319,86,113,129,404,404,418,418,433,452,484,484,579,579,592,592,612,111,130,156,156,31,31,60,73,73,87,119,119,219,219,233,244,17,35,135,162,162,192,192,210,230,275,295,325,325,325,325,325,19,51,51],"floor_reached":55,"playtime":6808,"items_purged":["Doubt","Regret","Strike_R","Parasite"],"score":893,"play_id":"c73370df-8a0d-4edb-9948-6b28edbdc67d","local_time":"20190212204920","is_ascension_mode":true,"campfire_choices":[{"data":"Flame Barrier","floor":11,"key":"SMITH"},{"data":"Double Tap","floor":15,"key":"SMITH"},{"data":"Whirlwind","floor":24,"key":"SMITH"},{"floor":32,"key":"REST"},{"data":"Berserk","floor":41,"key":"SMITH"},{"floor":49,"key":"RECALL"},{"data":"Battle Trance","floor":52,"key":"SMITH"}],"neow_cost":"NONE","seed_source_timestamp":335515936201097,"circlet_count":0,"master_deck":["Strike_R","Strike_R","Strike_R","Strike_R","Defend_R","Defend_R","Defend_R","Defend_R","Bash","Pommel Strike","Whirlwind+1","Double Tap+1","Flame Barrier+1","Iron Wave","Body Slam","Iron Wave","Clothesline","Feed","Whirlwind+1","Armaments","Shrug It Off","Berserk+1","Battle Trance+1","Warcry+1","Shrug It Off+1","Battle Trance+1","Impervious"],"relics":["Burning Blood","Nunchaku","Mercury Hourglass","Pen Nib","Busted Crown","MutagenicStrength","Orichalcum","Matryoshka","Ice Cream","Shuriken","PreservedInsect","Nilry\u0027s Codex","Art of War","Mark of Pain","Lantern","Charon\u0027s Ashes","Gambling Chip","Bag of Preparation","Anchor","Bottled Tornado","Magic Flower","Potion Belt","Champion Belt"],"potions_floor_usage":[16,45,45,47,50,50],"damage_taken":[{"damage":1,"enemies":"2 Louse","floor":1,"turns":3},{"damage":14,"enemies":"Gremlin Nob","floor":6,"turns":3},{"damage":0,"enemies":"Jaw Worm","floor":7,"turns":3},{"damage":9,"enemies":"Cultist","floor":10,"turns":3},{"damage":7,"enemies":"Blue Slaver","floor":12,"turns":2},{"damage":17,"enemies":"Exordium Thugs","floor":13,"turns":5},{"damage":12,"enemies":"3 Sentries","floor":14,"turns":3},{"damage":20,"enemies":"Slime Boss","floor":16,"turns":9},{"damage":11,"enemies":"2 Thieves","floor":18,"turns":3},{"damage":5,"enemies":"Chosen","floor":20,"turns":3},{"damage":15,"enemies":"Snake Plant","floor":22,"turns":2},{"damage":2,"enemies":"Slavers","floor":23,"turns":2},{"damage":11,"enemies":"Book of Stabbing","floor":27,"turns":4},{"damage":0,"enemies":"Sentry and Sphere","floor":28,"turns":3},{"damage":24,"enemies":"Cultist and Chosen","floor":30,"turns":5},{"damage":5,"enemies":"Slavers","floor":31,"turns":3},{"damage":51,"enemies":"Automaton","floor":33,"turns":7},{"damage":15,"enemies":"3 Shapes","floor":35,"turns":3},{"damage":3,"enemies":"Orb Walker","floor":36,"turns":3},{"damage":0,"enemies":"Sphere and 2 Shapes","floor":38,"turns":1},{"damage":0,"enemies":"Mind Bloom Boss Battle","floor":39,"turns":3},{"damage":39,"enemies":"Nemesis","floor":40,"turns":3},{"damage":0,"enemies":"Reptomancer","floor":42,"turns":1},{"damage":5,"enemies":"4 Shapes","floor":44,"turns":1},{"damage":12,"enemies":"Transient","floor":45,"turns":5},{"damage":0,"enemies":"2 Orb Walkers","floor":46,"turns":1},{"damage":0,"enemies":"Writhing Mass","floor":47,"turns":3},{"damage":55,"enemies":"Nemesis","floor":48,"turns":6},{"damage":45,"enemies":"Donu and Deca","floor":50,"turns":5},{"damage":0,"enemies":"Shield and Spear","floor":54,"turns":1},{"damage":92,"enemies":"The Heart","floor":55,"turns":6}],"seed_played":"-5318856372676762026","potions_obtained":[{"floor":7,"key":"Fire Potion"},{"floor":10,"key":"Dexterity Potion"},{"floor":12,"key":"Regen Potion"},{"floor":13,"key":"SteroidPotion"},{"floor":27,"key":"FearPotion"},{"floor":28,"key":"Regen Potion"},{"floor":45,"key":"Energy Potion"},{"floor":47,"key":"PowerPotion"}],"is_trial":false,"path_per_floor":["M","$","?","?","$","E","M","?","T","M","R","M","M","E","R","B",null,"M","?","M","$","M","E","R","$","T","E","M","?","M","E","R","B",null,"M","M","$","M","?","E","R","E","T","M","M","?","M","E","R","B",null,"R","$","E","B"],"character_chosen":"IRONCLAD","items_purchased":["Whirlwind","Double Tap","Orichalcum","Matryoshka","Battle Trance","Lantern","Impervious"],"campfire_rested":1,"item_purchase_floors":[2,5,21,21,37,37,53],"current_hp_per_floor":[80,80,80,80,80,72,78,78,78,75,75,74,63,57,57,43,80,78,78,79,79,70,74,74,74,74,69,75,59,44,48,74,29,89,83,86,86,92,92,59,59,65,65,66,74,80,89,43,43,29,92,92,89,92,0],"gold":51,"neow_bonus":"HUNDRED_GOLD","is_prod":false,"is_daily":false,"chose_seed":false,"campfire_upgraded":5,"win_rate":0,"timestamp":1550000960,"path_taken":["M","$","?","?","$","E","M","?","T","M","R","M","?","E","R","BOSS","M","?","M","$","M","E","R","?","T","E","M","?","M","E","R","BOSS","M","M","$","M","?","E","R","E","T","M","M","?","M","E","R","BOSS","R","$","E","BOSS"],"build_version":"2019-01-23","purchased_purges":4,"victory":false,"max_hp_per_floor":[80,80,80,80,80,80,80,80,80,80,80,80,80,80,80,80,80,83,83,83,83,83,83,83,83,83,83,83,83,86,89,89,89,89,92,92,92,92,92,92,92,92,92,92,92,92,92,92,92,92,92,92,89,92,92],"card_choices":[{"not_picked":["Havoc","Body Slam"],"picked":"Pommel Strike","floor":1},{"not_picked":["Combust","Bloodletting"],"picked":"Flame Barrier","floor":6},{"not_picked":["Sword Boomerang","Reckless Charge"],"picked":"Iron Wave","floor":7},{"not_picked":["Twin Strike","Power Through"],"picked":"Body Slam","floor":10},{"not_picked":["Havoc","Headbutt"],"picked":"Iron Wave","floor":12},{"not_picked":["Wild Strike","Sword Boomerang","Iron Wave"],"picked":"SKIP","floor":13},{"not_picked":["Clash","Dropkick"],"picked":"Clothesline","floor":14},{"not_picked":["Bludgeon","Exhume"],"picked":"Feed","floor":16},{"not_picked":[],"picked":"Whirlwind","floor":18},{"not_picked":["Perfected Strike+1"],"picked":"SKIP","floor":20},{"not_picked":["Heavy Blade"],"picked":"SKIP","floor":22},{"not_picked":["Perfected Strike"],"picked":"SKIP","floor":23},{"not_picked":[],"picked":"Armaments","floor":27},{"not_picked":[],"picked":"Shrug It Off","floor":28},{"not_picked":["Bloodletting"],"picked":"SKIP","floor":30},{"not_picked":["Cleave"],"picked":"SKIP","floor":31},{"not_picked":[],"picked":"Berserk","floor":33},{"not_picked":["Cleave"],"picked":"SKIP","floor":35},{"not_picked":["Armaments"],"picked":"SKIP","floor":36},{"not_picked":["Headbutt+1"],"picked":"SKIP","floor":38},{"not_picked":[],"picked":"Warcry+1","floor":40},{"not_picked":["Pommel Strike"],"picked":"SKIP","floor":42},{"not_picked":["Rampage"],"picked":"SKIP","floor":44},{"not_picked":[],"picked":"Shrug It Off+1","floor":45},{"not_picked":[],"picked":"Battle Trance+1","floor":47},{"not_picked":["Rampage"],"picked":"SKIP","floor":48},{"not_picked":["Perfected Strike+1"],"picked":"SKIP","floor":54}],"player_experience":262612,"relics_obtained":[{"floor":6,"key":"Nunchaku"},{"floor":9,"key":"Mercury Hourglass"},{"floor":14,"key":"Pen Nib"},{"floor":23,"key":"Ice Cream"},{"floor":26,"key":"Shuriken"},{"floor":27,"key":"PreservedInsect"},{"floor":29,"key":"Nilry\u0027s Codex"},{"floor":31,"key":"Art of War"},{"floor":39,"key":"Charon\u0027s Ashes"},{"floor":40,"key":"Gambling Chip"},{"floor":42,"key":"Bag of Preparation"},{"floor":43,"key":"Anchor"},{"floor":43,"key":"Bottled Tornado"},{"floor":46,"key":"Magic Flower"},{"floor":48,"key":"Potion Belt"},{"floor":54,"key":"Champion Belt"}],"event_choices":[{"damage_healed":0,"gold_gain":0,"player_choice":"Grow","damage_taken":0,"max_hp_gain":0,"max_hp_loss":0,"event_name":"Living Wall","floor":3,"gold_loss":0,"cards_upgraded":["Whirlwind"]},{"damage_healed":0,"gold_gain":175,"player_choice":"AGREE","damage_taken":0,"max_hp_gain":0,"max_hp_loss":0,"event_name":"Liars Game","floor":4,"gold_loss":0,"cards_obtained":["Doubt"]},{"damage_healed":0,"gold_gain":275,"player_choice":"Desecrate","damage_taken":0,"max_hp_gain":0,"max_hp_loss":0,"event_name":"Golden Shrine","floor":8,"gold_loss":0,"cards_obtained":["Regret"]},{"damage_healed":0,"gold_gain":0,"player_choice":"Inject Mutagens","damage_taken":0,"relics_obtained":["MutagenicStrength"],"max_hp_gain":0,"max_hp_loss":0,"event_name":"Drug Dealer","floor":19,"gold_loss":0},{"damage_healed":0,"gold_gain":0,"player_choice":"Obtained Book","damage_taken":16,"max_hp_gain":0,"max_hp_loss":0,"event_name":"Cursed Tome","floor":29,"gold_loss":0},{"damage_healed":0,"gold_gain":0,"player_choice":"Fight","damage_taken":0,"max_hp_gain":0,"max_hp_loss":0,"event_name":"MindBloom","floor":39,"gold_loss":0},{"damage_healed":0,"gold_gain":0,"player_choice":"Fight","damage_taken":0,"max_hp_gain":0,"max_hp_loss":0,"event_name":"Mysterious Sphere","floor":46,"gold_loss":0}],"is_beta":false,"boss_relics":[{"not_picked":["Snecko Eye","Cursed Key"],"picked":"Busted Crown"},{"not_picked":["Orrery","Pandora\u0027s Box"],"picked":"Mark of Pain"}],"items_purged_floors":[5,21,25,53],"is_endless":false,"potions_floor_spawned":[7,10,12,13,27,28,31,33,36,38,39,45,47],"killed_by":"The Heart","ascension_level":1}