{"gold_per_floor":[116,116,130,3,53,127,127,171,197,216,216,266,307,357,357,486,486,396,80,105,105],"floor_reached":21,"playtime":1179,"items_purged":["Clumsy"],"score":295,"play_id":"52304044-ad21-4300-9ef6-6773263ca1d6","local_time":"20181011155044","is_ascension_mode":true,"campfire_choices":[{"floor":7,"key":"REST"},{"floor":11,"key":"REST"},{"floor":15,"key":"REST"}],"neow_cost":"CURSE","seed_source_timestamp":1176781409584,"circlet_count":0,"master_deck":["Strike_B","Strike_B","Strike_B","Strike_B","Defend_B","Defend_B","Defend_B","Defend_B","Zap","Dualcast","Chill","Go for the Eyes","Coolheaded","Injury","Leap","Doom and Gloom","Storm","Auto Shields","Thunder Strike","Hologram+1","Self Repair+1"],"relics":["Cracked Core","SsserpentHead","Golden Idol","Tiny Chest","Art of War","Pen Nib","Bottled Flame","Ancient Tea Set","Pear","Cursed Key","Frozen Egg 2"],"potions_floor_usage":[8,8,16],"damage_taken":[{"damage":14,"enemies":"Jaw Worm","floor":1,"turns":4},{"damage":3,"enemies":"Cultist","floor":3,"turns":4},{"damage":37,"enemies":"Lagavulin","floor":6,"turns":9},{"damage":41,"enemies":"Gremlin Nob","floor":8,"turns":6},{"damage":0,"enemies":"Small Slimes","floor":10,"turns":4},{"damage":11,"enemies":"3 Sentries","floor":13,"turns":8},{"damage":56,"enemies":"Hexaghost","floor":16,"turns":15},{"damage":23,"enemies":"2 Thieves","floor":18,"turns":5},{"damage":22,"enemies":"Shell Parasite","floor":20,"turns":5},{"damage":43,"enemies":"Centurion and Healer","floor":21,"turns":10}],"seed_played":"4205803249694928807","potions_obtained":[{"floor":1,"key":"EssenceOfSteel"},{"floor":6,"key":"GamblersBrew"},{"floor":8,"key":"SkillPotion"}],"is_trial":false,"path_per_floor":["M","?","M","$","?","E","R","E","T","M","R","T","E","T","R","B",null,"M","$","M"],"character_chosen":"DEFECT","items_purchased":["Coolheaded","Frozen Egg 2","Self Repair+1"],"campfire_rested":3,"item_purchase_floors":[4,19,19],"current_hp_per_floor":[68,68,65,65,65,28,54,13,13,13,39,39,28,38,67,11,77,54,54,42,0],"gold":105,"neow_bonus":"TWENTY_PERCENT_HP_BONUS","is_prod":false,"is_daily":false,"chose_seed":false,"campfire_upgraded":0,"win_rate":0,"timestamp":1539287444,"path_taken":["M","?","M","$","?","E","R","E","T","M","R","?","E","?","R","BOSS","M","$","M","M"],"build_version":"2018-10-04v2","purchased_purges":1,"victory":false,"max_hp_per_floor":[89,89,89,89,89,89,89,89,89,89,89,89,89,99,99,99,99,99,99,99,99],"card_choices":[{"not_picked":["Steam Power","Skim"],"picked":"Chill","floor":1},{"not_picked":["Redo","Hologram"],"picked":"Go for the Eyes","floor":3},{"not_picked":["Sweeping Beam","Go for the Eyes"],"picked":"Leap","floor":6},{"not_picked":["Beam Cell","Steam"],"picked":"Doom and Gloom","floor":8},{"not_picked":["Coolheaded","Turbo"],"picked":"Storm","floor":10},{"not_picked":["BootSequence","White Noise"],"picked":"Auto Shields","floor":13},{"not_picked":["Biased Cognition","Multi-Cast"],"picked":"Thunder Strike","floor":16},{"not_picked":["Beam Cell","Chaos"],"picked":"Hologram+1","floor":18},{"not_picked":["Turbo","Static Discharge+1","Hologram"],"picked":"SKIP","floor":20}],"player_experience":585544,"relics_obtained":[{"floor":6,"key":"Tiny Chest"},{"floor":8,"key":"Art of War"},{"floor":9,"key":"Pen Nib"},{"floor":12,"key":"Bottled Flame"},{"floor":13,"key":"Ancient Tea Set"},{"floor":14,"key":"Pear"}],"event_choices":[{"event_name":"FaceTrader","player_choice":"Trade","floor":2,"damage_taken":0},{"event_name":"Golden Idol","player_choice":"Take Wound","floor":5,"damage_taken":0}],"is_beta":false,"boss_relics":[{"not_picked":["Coffee Dripper","Runic Pyramid"],"picked":"Cursed Key"}],"items_purged_floors":[4],"is_endless":false,"potions_floor_spawned":[1,6,8],"killed_by":"Centurion and Healer","ascension_level":8}