{"gold_per_floor":[366,366,124,85,85,85,102,102,128,58,58,73,73,86,86,184,184,194,194,31,31,31,31,31,31,31,30,129,129,142,157,157,157],"floor_reached":33,"playtime":978,"items_purged":[],"score":256,"play_id":"c7c35196-777c-4e48-810d-25824217c36e","local_time":"20190118164932","is_ascension_mode":false,"campfire_choices":[{"data":"Feed","floor":6.0,"key":"SMITH"},{"data":"Armaments","floor":8.0,"key":"SMITH"},{"data":"Rampage","floor":11.0,"key":"SMITH"},{"data":"Uppercut","floor":13.0,"key":"SMITH"},{"data":"Shrug It Off","floor":15.0,"key":"SMITH"},{"floor":23.0,"key":"REST"},{"floor":25.0,"key":"REST"},{"floor":29.0,"key":"REST"},{"floor":32.0,"key":"REST"}],"neow_cost":"TEN_PERCENT_HP_LOSS","seed_source_timestamp":749633572300570,"circlet_count":0,"master_deck":["Strike_R","Strike_R","Strike_R","Strike_R","Strike_R","Defend_R","Defend_R","Defend_R","Defend_R","Bash","Thunderclap","Armaments+1","Rampage+1","Clothesline","Feed+1","Shrug It Off+1","Uppercut+1","Clash","Demon Form","Rage+1","Metamorphosis","Body Slam+1","Warcry+1"],"special_seed":0,"relics":["Black Blood"],"potions_floor_usage":[33,33,33],"damage_taken":[{"damage":1.0,"enemies":"Jaw Worm","floor":1.0,"turns":3.0},{"damage":0.0,"enemies":"2 Louse","floor":7.0,"turns":2.0},{"damage":3.0,"enemies":"Small Slimes","floor":12.0,"turns":3.0},{"damage":8.0,"enemies":"Exordium Thugs","floor":14.0,"turns":5.0},{"damage":41.0,"enemies":"Hexaghost","floor":16.0,"turns":11.0},{"damage":43.0,"enemies":"3 Byrds","floor":18.0,"turns":7.0},{"damage":61.0,"enemies":"Colosseum Slavers","floor":24.0,"turns":7.0},{"damage":30.0,"enemies":"2 Thieves","floor":27.0,"turns":4.0},{"damage":25.0,"enemies":"3 Cultists","floor":30.0,"turns":6.0},{"damage":24.0,"enemies":"Snecko","floor":31.0,"turns":5.0},{"damage":55,"enemies":"Collector","floor":33,"turns":4}],"seed_played":"2161415768378885493","potions_obtained":[{"floor":7.0,"key":"Explosive Potion"},{"floor":12.0,"key":"EssenceOfSteel"}],"is_trial":false,"path_per_floor":["M","?","$","?","?","R","M","R","T","$","R","M","R","M","R","B",null,"M","?","$","?","?","R","?","R","T","M","?","R","M","M","R","B"],"character_chosen":"IRONCLAD","items_purchased":["Armaments","Rampage","Clothesline","PowerPotion","Dexterity Potion","Uppercut","Metamorphosis"],"campfire_rested":4,"item_purchase_floors":[3,3,3,3,3,10,20],"current_hp_per_floor":[72,72,72,72,72,72,76,76,76,76,76,80,80,82,82,47,84,55,55,55,38,38,65,14,41,41,21,21,48,37,23,52,0],"gold":157,"neow_bonus":"TWO_FIFTY_GOLD","is_prod":false,"is_daily":false,"chose_seed":false,"campfire_upgraded":5,"win_rate":0,"timestamp":1547848172,"path_taken":["M","?","$","?","?","R","?","R","T","$","R","M","R","M","R","BOSS","M","?","$","?","?","R","?","R","T","M","?","R","M","M","R","BOSS"],"build_version":"2019-01-17","purchased_purges":0,"victory":false,"max_hp_per_floor":[72,72,72,72,72,72,76,76,76,76,76,80,80,84,84,84,84,88,88,88,93,93,93,93,93,93,93,93,93,97,97,97,97],"card_choices":[{"not_picked":["Anger","Warcry"],"picked":"Thunderclap","floor":1.0},{"not_picked":["Pommel Strike","Whirlwind"],"picked":"Shrug It Off","floor":7.0},{"not_picked":["Wild Strike","Warcry","Evolve"],"picked":"SKIP","floor":12.0},{"not_picked":["Rampage","Searing Blow"],"picked":"Clash","floor":14.0},{"not_picked":["Juggernaut","Double Tap"],"picked":"Demon Form","floor":16.0},{"not_picked":["Pommel Strike","Sword Boomerang+1"],"picked":"Rage+1","floor":18.0},{"not_picked":["Shrug It Off","Inflame"],"picked":"Body Slam+1","floor":27.0},{"not_picked":["Feel No Pain","Evolve+1"],"picked":"Warcry+1","floor":30.0},{"not_picked":["Perfected Strike","Burning Pact","Flex"],"picked":"SKIP","floor":31.0}],"player_experience":546582,"relics_obtained":[],"event_choices":[{"damage_healed":0.0,"max_hp_gain":0.0,"max_hp_loss":0.0,"gold_gain":0.0,"event_name":"Scrap Ooze","player_choice":"Fled","floor":2.0,"gold_loss":0.0,"damage_taken":0.0},{"damage_healed":0.0,"max_hp_gain":0.0,"max_hp_loss":0.0,"gold_gain":0.0,"event_name":"World of Goop","player_choice":"Left Gold","floor":4.0,"gold_loss":39.0,"damage_taken":0.0},{"damage_healed":0.0,"max_hp_gain":0.0,"max_hp_loss":0.0,"gold_gain":0.0,"event_name":"Match and Keep!","player_choice":"1 cards matched","floor":5.0,"gold_loss":0.0,"damage_taken":0.0,"cards_obtained":["Feed"]},{"damage_healed":0.0,"max_hp_gain":0.0,"max_hp_loss":0.0,"gold_gain":0.0,"event_name":"Ghosts","player_choice":"Ignored","floor":19.0,"gold_loss":0.0,"damage_taken":0.0},{"damage_healed":0.0,"max_hp_gain":5.0,"max_hp_loss":0.0,"gold_gain":0.0,"event_name":"Forgotten Altar","player_choice":"Shed Blood","floor":21.0,"gold_loss":0.0,"damage_taken":22.0},{"damage_healed":0.0,"max_hp_gain":0.0,"max_hp_loss":0.0,"gold_gain":0.0,"event_name":"Colosseum","player_choice":"Fight","floor":24.0,"gold_loss":0.0,"damage_taken":0.0},{"damage_healed":0.0,"max_hp_gain":0.0,"max_hp_loss":0.0,"gold_gain":0.0,"event_name":"Colosseum","player_choice":"Fled From Nobs","floor":24.0,"gold_loss":0.0,"damage_taken":0.0},{"damage_healed":0.0,"max_hp_gain":0.0,"max_hp_loss":0.0,"gold_gain":99.0,"event_name":"Nest","player_choice":"Stole From Cult","floor":28.0,"gold_loss":0.0,"damage_taken":0.0}],"is_beta":true,"boss_relics":[{"not_picked":["Ectoplasm","Snecko Eye"],"picked":"Black Blood"}],"items_purged_floors":[],"is_endless":false,"potions_floor_spawned":[7,12,14,18,30],"killed_by":"Collector","ascension_level":0}