{"gold_per_floor":[110,19,19,33,33,33,44,44,95,95,114,131,131,131,131,228,228,245,245,264,264,0,0,0,0,0,12,12,28,28,47,47,47],"floor_reached":33,"playtime":964,"items_purged":[],"score":235,"play_id":"4d9097bf-4da4-4089-bc46-94855a61126c","local_time":"20190110211806","is_ascension_mode":false,"campfire_choices":[{"data":"Rupture","floor":6,"key":"SMITH"},{"data":"Combust","floor":8,"key":"SMITH"},{"data":"Perfected Strike","floor":10,"key":"SMITH"},{"data":"Perfected Strike","floor":13,"key":"SMITH"},{"data":"Twin Strike","floor":15,"key":"SMITH"},{"data":"Limit Break","floor":23,"key":"SMITH"},{"data":"Wild Strike","floor":28,"key":"SMITH"},{"floor":32,"key":"REST"}],"neow_cost":"NONE","seed_source_timestamp":74899079528782,"circlet_count":0,"master_deck":["Strike_R","Strike_R","Strike_R","Strike_R","Strike_R","Defend_R","Defend_R","Defend_R","Bash+1","Rupture+1","Combust+1","Shrug It Off+1","Perfected Strike+1","Wild Strike+1","Perfected Strike+1","Twin Strike+1","Headbutt+1","Limit Break+1","Shrug It Off+1","Battle Trance+1","Wild Strike"],"relics":["Burning Blood"],"potions_floor_usage":[31],"damage_taken":[{"damage":0,"enemies":"2 Louse","floor":1,"turns":3},{"damage":1,"enemies":"Small Slimes","floor":4,"turns":4},{"damage":0,"enemies":"Cultist","floor":7,"turns":2},{"damage":11,"enemies":"Looter","floor":11,"turns":3},{"damage":0,"enemies":"2 Fungi Beasts","floor":12,"turns":2},{"damage":57,"enemies":"Hexaghost","floor":16,"turns":7},{"damage":2,"enemies":"Chosen","floor":18,"turns":3},{"damage":15,"enemies":"Colosseum Slavers","floor":19,"turns":4},{"damage":25,"enemies":"Spheric Guardian","floor":20,"turns":4},{"damage":5,"enemies":"3 Cultists","floor":27,"turns":5},{"damage":13,"enemies":"Cultist and Chosen","floor":29,"turns":5},{"damage":9,"enemies":"Snake Plant","floor":31,"turns":3},{"damage":100,"enemies":"Automaton","floor":33,"turns":8}],"seed_played":"8162200511654165883","potions_obtained":[{"floor":1,"key":"SpeedPotion"},{"floor":11,"key":"Weak Potion"},{"floor":16,"key":"FairyPotion"},{"floor":18,"key":"Ancient Potion"}],"is_trial":false,"path_per_floor":["M","$","?","M","?","R","M","R","T","R","M","M","R","?","R","B",null,"M","?","M","?","?","R","$","?","T","M","R","M","T","M","R","B"],"character_chosen":"IRONCLAD","items_purchased":["Combust","Shrug It Off"],"campfire_rested":1,"item_purchase_floors":[2,2],"current_hp_per_floor":[88,88,88,88,70,70,76,76,76,76,71,77,77,77,77,26,88,88,79,60,60,60,60,60,60,60,61,61,54,54,51,77,0],"gold":47,"neow_bonus":"TEN_PERCENT_HP_BONUS","is_prod":false,"is_daily":false,"chose_seed":false,"campfire_upgraded":7,"win_rate":0,"timestamp":1547173086,"path_taken":["M","$","?","M","?","R","M","R","T","R","M","M","R","?","R","BOSS","M","?","M","?","?","R","$","?","T","?","R","M","?","M","R","BOSS"],"build_version":"2019-01-09","purchased_purges":0,"victory":false,"max_hp_per_floor":[88,88,88,88,88,88,88,88,88,88,88,88,88,88,88,88,88,88,88,88,88,88,88,88,88,88,88,88,88,88,88,88,88],"card_choices":[{"not_picked":["Power Through","Second Wind"],"picked":"Rupture","floor":1},{"not_picked":["Clash","Iron Wave"],"picked":"Perfected Strike","floor":4},{"not_picked":["Clothesline","True Grit"],"picked":"Wild Strike","floor":7},{"not_picked":["Power Through","Burning Pact"],"picked":"Perfected Strike","floor":11},{"not_picked":["Clothesline","Sentinel"],"picked":"Twin Strike","floor":12},{"not_picked":["Dark Embrace","Fiend Fire"],"picked":"Limit Break","floor":16},{"not_picked":["Iron Wave","Pommel Strike"],"picked":"Shrug It Off+1","floor":18},{"not_picked":["Feel No Pain","Body Slam","Pommel Strike+1"],"picked":"SKIP","floor":20},{"not_picked":["Clash","Sword Boomerang","Anger+1"],"picked":"SKIP","floor":27},{"not_picked":["Rampage","Flex"],"picked":"Battle Trance+1","floor":29},{"not_picked":["Pommel Strike","True Grit"],"picked":"Wild Strike","floor":31}],"player_experience":531876,"relics_obtained":[],"event_choices":[{"damage_healed":0,"gold_gain":0,"player_choice":"Ignored","damage_taken":0,"max_hp_gain":0,"max_hp_loss":0,"event_name":"Golden Idol","floor":3,"gold_loss":0},{"damage_healed":0,"gold_gain":0,"player_choice":"Entered Light","damage_taken":18,"max_hp_gain":0,"max_hp_loss":0,"event_name":"Shining Light","floor":5,"gold_loss":0,"cards_upgraded":["Shrug It Off","Bash"]},{"damage_healed":0,"gold_gain":0,"cards_transformed":["Defend_R"],"player_choice":"Transformed","damage_taken":0,"max_hp_gain":0,"max_hp_loss":0,"event_name":"Transmorgrifier","floor":14,"gold_loss":0,"cards_obtained":["Headbutt"]},{"damage_healed":0,"gold_gain":0,"player_choice":"Fight","damage_taken":0,"max_hp_gain":0,"max_hp_loss":0,"event_name":"Colosseum","floor":19,"gold_loss":0},{"damage_healed":0,"gold_gain":0,"player_choice":"Fled From Nobs","damage_taken":0,"max_hp_gain":0,"max_hp_loss":0,"event_name":"Colosseum","floor":19,"gold_loss":0},{"damage_healed":0,"gold_gain":0,"player_choice":"Ignored","damage_taken":0,"max_hp_gain":0,"max_hp_loss":0,"event_name":"The Mausoleum","floor":21,"gold_loss":0},{"damage_healed":0,"gold_gain":0,"player_choice":"Paid Fearfully","damage_taken":0,"max_hp_gain":0,"max_hp_loss":0,"event_name":"Masked Bandits","floor":22,"gold_loss":264},{"damage_healed":0,"gold_gain":0,"player_choice":"Forge","damage_taken":0,"max_hp_gain":0,"max_hp_loss":0,"event_name":"Accursed Blacksmith","floor":25,"gold_loss":0,"cards_upgraded":["Headbutt"]}],"is_beta":true,"boss_relics":[{"not_picked":[]}],"items_purged_floors":[],"is_endless":false,"potions_floor_spawned":[1,11,16,18,27],"killed_by":"Automaton","ascension_level":0}