{"gold_per_floor":[113,113,151,178,190,202,246,258,316,353,385,397,1,20,20,97,97,112,130,141,161,161,196,196,229,229,154,171,171,191,204,204,276,276,291,291,50,70,87,117,27,39,339,370,386,404,418,431,431,431],"floor_reached":51,"playtime":9125,"items_purged":["Strike_G"],"score":1308,"play_id":"9168cb92-9906-4ac8-9833-08e2fe73f2de","local_time":"20181220201553","is_ascension_mode":true,"campfire_choices":[{"data":"Footwork","floor":6.0,"key":"SMITH"},{"data":"Terror","floor":8.0,"key":"SMITH"},{"floor":12.0,"key":"REST"},{"floor":15.0,"key":"REST"},{"floor":24.0,"key":"REST"},{"data":"Apotheosis","floor":29.0,"key":"SMITH"},{"data":"Footwork","floor":32.0,"key":"SMITH"},{"floor":49,"key":"REST"}],"neow_cost":"NONE","seed_source_timestamp":0,"circlet_count":0,"master_deck":["AscendersBane","Defend_G","Defend_G","Defend_G","Survivor","Neutralize","Cloak And Dagger","Footwork+1","Terror+1","Backflip+1","Corpse Explosion","Footwork+1","Leg Sweep","Apotheosis+1","Dodge and Roll","Cloak And Dagger","Malaise","Dash","Deflect+1","Dodge and Roll","Leg Sweep","Glass Knife","PiercingWail","Dash+1","Quick Slash+1","Blur","Well Laid Plans","Adrenaline+1","Bouncing Flask+1","Terror+1","Bouncing Flask+1","Blur","Footwork","Accuracy","Cloak And Dagger+1","Acrobatics+1"],"special_seed":0,"relics":["Ring of the Snake","MawBank","Bottled Lightning","Dream Catcher","Smiling Mask","Membership Card","Ninja Scroll","Velvet Choker","Strawberry","Ginger","Art of War","Astrolabe","Peace Pipe","Ice Cream","Old Coin","Paper Crane"],"potions_floor_usage":[50,50],"damage_taken":[{"damage":0.0,"enemies":"Small Slimes","floor":1.0,"turns":5.0},{"damage":1.0,"enemies":"2 Louse","floor":3.0,"turns":3.0},{"damage":0.0,"enemies":"Cultist","floor":4.0,"turns":4.0},{"damage":17.0,"enemies":"Lagavulin","floor":7.0,"turns":11.0},{"damage":20.0,"enemies":"3 Sentries","floor":10.0,"turns":15.0},{"damage":4.0,"enemies":"2 Fungi Beasts","floor":11.0,"turns":3.0},{"damage":0.0,"enemies":"Large Slime","floor":14.0,"turns":9.0},{"damage":1.0,"enemies":"The Guardian","floor":16.0,"turns":10.0},{"damage":16.0,"enemies":"2 Thieves","floor":18.0,"turns":4.0},{"damage":2.0,"enemies":"Chosen","floor":19.0,"turns":7.0},{"damage":1.0,"enemies":"3 Cultists","floor":20.0,"turns":5.0},{"damage":4.0,"enemies":"Snake Plant","floor":21.0,"turns":7.0},{"damage":11.0,"enemies":"Slavers","floor":23.0,"turns":9.0},{"damage":4.0,"enemies":"Book of Stabbing","floor":25.0,"turns":9.0},{"damage":0.0,"enemies":"Cultist and Chosen","floor":28.0,"turns":8.0},{"damage":3.0,"enemies":"Centurion and Healer","floor":30.0,"turns":6.0},{"damage":0.0,"enemies":"Shelled Parasite and Fungi","floor":31.0,"turns":9.0},{"damage":8.0,"enemies":"Collector","floor":33.0,"turns":16.0},{"damage":0.0,"enemies":"Orb Walker","floor":35.0,"turns":4.0},{"damage":1.0,"enemies":"3 Darklings","floor":38.0,"turns":5.0},{"damage":1.0,"enemies":"4 Shapes","floor":39.0,"turns":9.0},{"damage":1.0,"enemies":"Nemesis","floor":40.0,"turns":11.0},{"damage":0,"enemies":"Sphere and 2 Shapes","floor":42,"turns":8},{"damage":12,"enemies":"Reptomancer","floor":44,"turns":10},{"damage":0,"enemies":"Spire Growth","floor":45,"turns":6},{"damage":0,"enemies":"3 Darklings","floor":46,"turns":6},{"damage":0,"enemies":"Transient","floor":47,"turns":5},{"damage":21,"enemies":"Jaw Worm Horde","floor":48,"turns":7},{"damage":13,"enemies":"Donu and Deca","floor":50,"turns":10}],"seed_played":"351206497057996792","potions_obtained":[{"floor":3.0,"key":"Explosive Potion"},{"floor":10.0,"key":"Block Potion"},{"floor":19.0,"key":"Block Potion"},{"floor":28.0,"key":"AttackPotion"}],"is_trial":false,"path_per_floor":["M","?","M","M","M","?","R","E","R","T","E","M","R","$","M","R","B","B",null,"M","M","M","M","M","?","E","R","E","T","?","M","R","M","M","R","B",null,"M","?","$","M","M","E","E","?","M","T","E","M","M","M","M","R","B",null],"character_chosen":"THE_SILENT","items_purchased":["Membership Card","Apotheosis","Ninja Scroll","Footwork","Peace Pipe"],"campfire_rested":4,"item_purchase_floors":[13,13,13,37,37],"current_hp_per_floor":[65,58,57,57,57,57,40,40,40,20,16,37,37,37,58,57,68,52,50,49,45,45,41,64,60,60,60,60,60,57,57,57,49,72,72,72,72,71,70,69,69,69,69,57,57,57,57,36,59,46],"gold":431,"neow_bonus":"TEN_PERCENT_HP_BONUS","is_prod":false,"is_daily":false,"chose_seed":false,"campfire_upgraded":4,"win_rate":0,"timestamp":1545354953,"path_taken":["M","?","M","M","?","R","E","R","T","E","M","R","$","M","R","BOSS","BOSS","M","M","?","M","?","E","R","E","T","?","M","R","M","M","R","BOSS","M","?","$","M","?","E","?","M","T","E","?","?","M","M","R","BOSS"],"build_version":"2018-12-20","purchased_purges":1,"victory":true,"max_hp_per_floor":[72,72,72,72,72,72,72,72,72,72,72,72,72,72,72,72,72,72,72,72,72,72,79,79,79,79,79,79,79,79,79,79,79,79,79,79,79,79,79,79,79,79,79,79,79,79,79,79,79,79],"card_choices":[{"not_picked":["Dodge and Roll","Dagger Throw"],"picked":"Cloak And Dagger","floor":1.0},{"not_picked":["Outmaneuver","Quick Slash","Eviscerate"],"picked":"SKIP","floor":3.0},{"not_picked":["Riddle With Holes","Dagger Throw"],"picked":"Footwork","floor":4.0},{"not_picked":["Bane","Finisher"],"picked":"Backflip","floor":7.0},{"not_picked":["Storm of Steel","Outmaneuver"],"picked":"Corpse Explosion","floor":10.0},{"not_picked":["Infinite Blades","Dodge and Roll"],"picked":"Footwork","floor":11.0},{"not_picked":["Cloak And Dagger","Dagger Spray"],"picked":"Leg Sweep","floor":12.0},{"not_picked":["Poisoned Stab","Blade Dance"],"picked":"Dodge and Roll","floor":14.0},{"not_picked":["Poisoned Stab","Outmaneuver"],"picked":"Cloak And Dagger","floor":15.0},{"not_picked":["Unload","Bullet Time"],"picked":"Malaise","floor":16.0},{"not_picked":["Slice+1","Dodge and Roll"],"picked":"Dash","floor":18.0},{"not_picked":["Dodge and Roll","Masterful Stab"],"picked":"Deflect+1","floor":19.0},{"not_picked":["Dagger Throw","Dagger Spray"],"picked":"Dodge and Roll","floor":20.0},{"not_picked":["Cloak And Dagger","Sucker Punch"],"picked":"Leg Sweep","floor":21.0},{"not_picked":["Terror","Dodge and Roll"],"picked":"Glass Knife","floor":23.0},{"not_picked":["Choke","Backflip"],"picked":"PiercingWail","floor":24.0},{"not_picked":["Concentrate","Dagger Throw"],"picked":"Dash+1","floor":25.0},{"not_picked":["Prepared","Outmaneuver"],"picked":"Quick Slash+1","floor":28.0},{"not_picked":["Underhanded Strike","Accuracy"],"picked":"Blur","floor":30.0},{"not_picked":["Underhanded Strike","PiercingWail"],"picked":"Well Laid Plans","floor":31.0},{"not_picked":["A Thousand Cuts","Doppelganger"],"picked":"Adrenaline","floor":33.0},{"not_picked":["Underhanded Strike","Bane"],"picked":"Blur","floor":35.0},{"not_picked":["Slice+1","Acrobatics"],"picked":"Accuracy","floor":38.0},{"not_picked":["Poisoned Stab","Well Laid Plans+1","Dodge and Roll"],"picked":"SKIP","floor":39.0},{"not_picked":["Eviscerate","Dodge and Roll","Dagger Spray"],"picked":"SKIP","floor":40},{"not_picked":["Deadly Poison+1","Endless Agony","Prepared+1"],"picked":"SKIP","floor":42},{"not_picked":["Dagger Throw+1","Phantasmal Killer","Quick Slash"],"picked":"SKIP","floor":44},{"not_picked":["Acrobatics","Noxious Fumes"],"picked":"Cloak And Dagger+1","floor":45},{"not_picked":["Dash","Deadly Poison+1"],"picked":"Acrobatics+1","floor":46},{"not_picked":["Calculated Gamble+1","Crippling Poison+1","Dagger Throw"],"picked":"SKIP","floor":47},{"not_picked":["Choke+1","Blade Dance","Sucker Punch"],"picked":"SKIP","floor":48}],"player_experience":800754,"relics_obtained":[{"floor":7.0,"key":"Bottled Lightning"},{"floor":9.0,"key":"Dream Catcher"},{"floor":10.0,"key":"Smiling Mask"},{"floor":23.0,"key":"Strawberry"},{"floor":25.0,"key":"Ginger"},{"floor":26.0,"key":"Art of War"},{"floor":40,"key":"Ice Cream"},{"floor":43,"key":"Old Coin"},{"floor":44,"key":"Paper Crane"}],"event_choices":[{"damage_healed":0.0,"max_hp_gain":0.0,"max_hp_loss":0.0,"gold_gain":0.0,"event_name":"Scrap Ooze","player_choice":"Success","floor":2.0,"gold_loss":0.0,"damage_taken":7.0,"relics_obtained":["MawBank"]},{"damage_healed":0.0,"max_hp_gain":0.0,"max_hp_loss":0.0,"gold_gain":0.0,"cards_transformed":["Strike_G"],"event_name":"Transmorgrifier","player_choice":"Transformed","floor":5.0,"gold_loss":0.0,"damage_taken":0.0,"cards_obtained":["Terror"]},{"damage_healed":0.0,"max_hp_gain":0.0,"max_hp_loss":0.0,"gold_gain":0.0,"event_name":"Vampires","player_choice":"Ignored","floor":22.0,"gold_loss":0.0,"damage_taken":0.0},{"cards_removed":["Strike_G"],"damage_healed":0.0,"max_hp_gain":0.0,"max_hp_loss":0.0,"gold_gain":0.0,"event_name":"Beggar","player_choice":"Gave Gold","floor":27.0,"gold_loss":75.0,"damage_taken":0.0},{"damage_healed":0.0,"max_hp_gain":0.0,"max_hp_loss":0.0,"gold_gain":0.0,"event_name":"Accursed Blacksmith","player_choice":"Forge","floor":36.0,"gold_loss":0.0,"damage_taken":0.0,"cards_upgraded":["Adrenaline"]},{"cards_removed":["Strike_G"],"damage_healed":0,"gold_gain":0,"player_choice":"Upgrade and Remove","damage_taken":0,"max_hp_gain":0,"max_hp_loss":0,"event_name":"Designer","floor":41,"gold_loss":90,"cards_upgraded":["Backflip"]}],"is_beta":false,"boss_relics":[{"not_picked":["HoveringKite","Lizard Tail"],"picked":"Velvet Choker"},{"not_picked":["Pandora\u0027s Box","Orrery"],"picked":"Astrolabe"}],"items_purged_floors":[37],"is_endless":false,"potions_floor_spawned":[3,10,14,19,20,28,30,35,42,44,45],"ascension_level":14}