{"gold_per_floor":[118,128,141,141,141,141,172,191,191,191,209,209,209,229,229,334,334,349,349,380,380,395,421,439,22,22,22],"floor_reached":27,"playtime":2380,"items_purged":["Strike_G"],"score":268,"play_id":"26e40770-1500-4209-92ba-c9351e61d6a7","local_time":"20180919133708","is_ascension_mode":true,"campfire_choices":[{"data":"Malaise","floor":6,"key":"SMITH"},{"data":"A Thousand Cuts","floor":10,"key":"SMITH"},{"floor":13,"key":"REST"},{"data":"Infinite Blades","floor":15,"key":"SMITH"}],"neow_cost":"CURSE","seed_source_timestamp":382873943420131,"circlet_count":0,"master_deck":["Defend_G","Defend_G","Defend_G","Defend_G","Strike_G","Strike_G","Strike_G","Strike_G","Survivor","Neutralize","Malaise+1","Cloak And Dagger","Cloak And Dagger","Deflect","Infinite Blades+1","A Thousand Cuts+1","Backflip","Sucker Punch","Glass Knife","Concentrate","J.A.X.","Poisoned Stab+1","Necronomicurse","Accuracy","Blade Dance+1","Blade Dance","Finisher","Swift Strike"],"relics":["Ring of the Snake","Regal Pillow","Bird Faced Urn","Sundial","Coffee Dripper","Red Mask","Necronomicon","Paper Crane","OrangePellets","Ornamental Fan"],"potions_floor_usage":[7,23,24,24],"damage_taken":[{"damage":3,"enemies":"Jaw Worm","floor":1,"turns":6},{"damage":3,"enemies":"Small Slimes","floor":2,"turns":4},{"damage":1,"enemies":"2 Louse","floor":3,"turns":3},{"damage":22,"enemies":"3 Sentries","floor":7,"turns":14},{"damage":1,"enemies":"Large Slime","floor":8,"turns":11},{"damage":5,"enemies":"Lots of Slimes","floor":11,"turns":2},{"damage":0,"enemies":"2 Fungi Beasts","floor":14,"turns":3},{"damage":13,"enemies":"Slime Boss","floor":16,"turns":8},{"damage":0,"enemies":"Chosen","floor":18,"turns":5},{"damage":24,"enemies":"Masked Bandits","floor":20,"turns":4},{"damage":13,"enemies":"2 Thieves","floor":22,"turns":3},{"damage":22,"enemies":"Gremlin Leader","floor":23,"turns":7},{"damage":7,"enemies":"Centurion and Healer","floor":24,"turns":8},{"damage":15,"enemies":"Sentry and Sphere","floor":27,"turns":3}],"seed_played":"-3488800538583459636","potions_obtained":[{"floor":1,"key":"GamblersBrew"},{"floor":3,"key":"Regen Potion"},{"floor":8,"key":"SneckoOil"},{"floor":20,"key":"GhostInAJar"},{"floor":24,"key":"Explosive Potion"}],"is_trial":false,"path_per_floor":["M","M","M","?","?","R","E","M","T","R","M","?","R","M","R","B",null,"M","?","?","?","M","E","M","$","T"],"character_chosen":"THE_SILENT","items_purchased":["Finisher","Swift Strike","OrangePellets"],"campfire_rested":1,"item_purchase_floors":[25,25,25],"current_hp_per_floor":[67,64,63,45,45,45,38,39,39,39,36,29,65,69,69,57,70,70,70,46,30,19,3,2,2,2,0],"gold":22,"neow_bonus":"THREE_RARE_CARDS","is_prod":false,"is_daily":false,"chose_seed":false,"campfire_upgraded":3,"win_rate":0,"timestamp":1537378628,"path_taken":["M","M","M","?","?","R","E","M","T","R","M","?","R","?","R","BOSS","M","?","?","?","M","E","M","$","T","M"],"build_version":"2018-09-06","purchased_purges":1,"victory":false,"max_hp_per_floor":[70,70,70,70,70,70,70,70,70,70,70,70,70,70,70,70,70,70,70,70,70,70,70,70,70,70,70],"card_choices":[{"not_picked":["Grand Finale","Night Terror"],"picked":"Malaise","floor":0},{"not_picked":["Dodge and Roll","Sucker Punch"],"picked":"Cloak And Dagger","floor":1},{"not_picked":["Deadly Poison","Heel Hook"],"picked":"Cloak And Dagger","floor":2},{"not_picked":["Slice","Deadly Poison"],"picked":"Deflect","floor":3},{"not_picked":["Blade Dance","Flechettes"],"picked":"Infinite Blades","floor":7},{"not_picked":["Finisher","Blade Dance"],"picked":"A Thousand Cuts","floor":8},{"not_picked":["Skewer","Bane"],"picked":"Backflip","floor":11},{"not_picked":["Expertise","Backstab"],"picked":"Sucker Punch","floor":14},{"not_picked":["Wraith Form v2","Venomology"],"picked":"Glass Knife","floor":16},{"not_picked":["Eviscerate","Bane"],"picked":"Concentrate","floor":18},{"not_picked":["Outmaneuver","Bane+1"],"picked":"Poisoned Stab+1","floor":20},{"not_picked":["Outmaneuver+1","Choke"],"picked":"Accuracy","floor":22},{"not_picked":["Setup","Terror"],"picked":"Blade Dance+1","floor":23},{"not_picked":["Finisher","Sucker Punch"],"picked":"Blade Dance","floor":24}],"player_experience":424904,"relics_obtained":[{"floor":7,"key":"Bird Faced Urn"},{"floor":9,"key":"Sundial"},{"floor":20,"key":"Red Mask"},{"floor":21,"key":"Necronomicon"},{"floor":23,"key":"Paper Crane"},{"floor":26,"key":"Ornamental Fan"}],"event_choices":[{"event_name":"Scrap Ooze","player_choice":"success","floor":4,"damage_taken":18},{"event_name":"Fountain of Cleansing","player_choice":"Removed Curse","floor":5,"damage_taken":0},{"event_name":"Golden Wing","player_choice":"Card Removal","floor":12,"damage_taken":0},{"event_name":"Drug Dealer","player_choice":"Got JAX","floor":19,"damage_taken":0},{"event_name":"Masked Bandits","player_choice":"Fought Bandits","floor":20,"damage_taken":0},{"event_name":"Cursed Tome","player_choice":"Obtained Book","floor":21,"damage_taken":0}],"is_beta":false,"boss_relics":[{"not_picked":["Astrolabe","White Beast Statue"],"picked":"Coffee Dripper"}],"items_purged_floors":[25],"is_endless":false,"potions_floor_spawned":[1,3,8,20,22,24],"killed_by":"Sentry and Sphere","ascension_level":3}