{"gold_per_floor":[118,43,55,69,84,84,118,118,118,133,168,168,178,207,207,207],"floor_reached":16,"playtime":854,"items_purged":[],"score":244,"play_id":"e0cac48f-2894-4741-836e-e4d55566868d","local_time":"20190206204357","is_ascension_mode":true,"campfire_choices":[{"data":"Zap","floor":6,"key":"SMITH"},{"floor":8,"key":"REST"},{"floor":15,"key":"DIG"}],"neow_cost":"NONE","seed_source_timestamp":1723271798377237,"circlet_count":0,"master_deck":["AscendersBane","Strike_B","Strike_B","Defend_B","Defend_B","Defend_B","Defend_B","Zap+1","Dualcast","Gash","Sweeping Beam","Ball Lightning","Sweeping Beam","Auto Shields","Ball Lightning","Hologram","Coolheaded","Stack","All For One"],"relics":["Cracked Core","Dream Catcher","Bottled Lightning","Shovel","Oddly Smooth Stone","Mercury Hourglass"],"potions_floor_usage":[7,14],"damage_taken":[{"damage":2,"enemies":"2 Louse","floor":1,"turns":2},{"damage":9,"enemies":"Small Slimes","floor":3,"turns":4},{"damage":0,"enemies":"Cultist","floor":4,"turns":3},{"damage":8,"enemies":"Blue Slaver","floor":5,"turns":3},{"damage":25,"enemies":"Gremlin Nob","floor":7,"turns":4},{"damage":0,"enemies":"2 Fungi Beasts","floor":10,"turns":2},{"damage":20,"enemies":"3 Sentries","floor":11,"turns":6},{"damage":8,"enemies":"3 Louse","floor":13,"turns":3},{"damage":6,"enemies":"Gremlin Nob","floor":14,"turns":3},{"damage":11,"enemies":"The Guardian","floor":16,"turns":5}],"seed_played":"3181170617708343956","potions_obtained":[{"floor":1,"key":"EssenceOfSteel"},{"floor":5,"key":"SpeedPotion"},{"floor":10,"key":"Poison Potion"},{"floor":11,"key":"Fire Potion"}],"is_trial":false,"path_per_floor":["M","?","M","M","M","R","E","R","T","M","E","?","M","E","R","B"],"character_chosen":"DEFECT","items_purchased":[],"campfire_rested":1,"item_purchase_floors":[],"current_hp_per_floor":[62,62,53,53,45,45,20,41,41,41,21,21,13,7,7,0],"gold":207,"neow_bonus":"RANDOM_COMMON_RELIC","is_prod":false,"is_daily":false,"chose_seed":false,"campfire_upgraded":1,"win_rate":0,"timestamp":1549514637,"path_taken":["M","?","M","M","M","R","E","R","T","M","E","?","?","E","R","BOSS"],"build_version":"2019-01-23","purchased_purges":0,"victory":false,"max_hp_per_floor":[71,71,71,71,71,71,71,71,71,71,71,71,71,71,71,71],"card_choices":[{"not_picked":["Leap","Hello World"],"picked":"Gash","floor":1},{"not_picked":["Beam Cell","Reprogram"],"picked":"Sweeping Beam","floor":3},{"not_picked":["Static Discharge","Sweeping Beam"],"picked":"Ball Lightning","floor":4},{"not_picked":["Redo","Recycle"],"picked":"Sweeping Beam","floor":5},{"not_picked":["Reprogram","Multi-Cast"],"picked":"Auto Shields","floor":7},{"not_picked":["Static Discharge","Rebound"],"picked":"Ball Lightning","floor":8},{"not_picked":["Sweeping Beam","Beam Cell"],"picked":"Hologram","floor":10},{"not_picked":["Steam","Meteor Strike"],"picked":"Coolheaded","floor":11},{"not_picked":["Barrage","Compile Driver"],"picked":"Stack","floor":13},{"not_picked":["Ball Lightning","Redo"],"picked":"All For One","floor":14}],"player_experience":821128,"relics_obtained":[{"floor":7,"key":"Bottled Lightning"},{"floor":11,"key":"Shovel"},{"floor":14,"key":"Oddly Smooth Stone"},{"floor":15,"key":"Mercury Hourglass"}],"event_choices":[{"cards_removed":["Strike_B"],"damage_healed":0,"gold_gain":0,"player_choice":"Card Removal","damage_taken":0,"max_hp_gain":0,"max_hp_loss":0,"event_name":"The Cleric","floor":2,"gold_loss":75},{"cards_removed":["Strike_B"],"damage_healed":0,"gold_gain":0,"player_choice":"Purged","damage_taken":0,"max_hp_gain":0,"max_hp_loss":0,"event_name":"Purifier","floor":12,"gold_loss":0}],"is_beta":false,"boss_relics":[],"items_purged_floors":[],"is_endless":false,"potions_floor_spawned":[1,5,10,11],"killed_by":"The Guardian","ascension_level":20}