{"gold_per_floor":[112,112,128,128,145,145,158,188,188,203,232,252,252,271,271,345,345,360,360,300,313,313,342,342,376,400,400,416,450,450,188,188,259,259,279,179,401,417,417,444,464,489,489,489,489,504,536,586,586,586,586,586,586,62,88,88],"floor_reached":56,"playtime":7478,"items_purged":["Strike_B","Strike_B","Strike_B","Parasite"],"score":2006,"play_id":"f8050ac5-f69b-4e8a-8412-5ae323b88f67","local_time":"20190201200153","is_ascension_mode":true,"campfire_choices":[{"floor":6,"key":"REST"},{"data":"Sunder","floor":13,"key":"SMITH"},{"data":"Barrage","floor":15,"key":"SMITH"},{"floor":24,"key":"REST"},{"data":"Buffer","floor":27,"key":"SMITH"},{"data":"Coolheaded","floor":30,"key":"SMITH"},{"floor":32,"key":"REST"},{"floor":45,"key":"RECALL"},{"data":"Hologram","floor":49,"key":"SMITH"},{"data":"Storm","floor":53,"key":"SMITH"}],"neow_cost":"NONE","seed_source_timestamp":1282130426849377,"circlet_count":0,"master_deck":["AscendersBane","Strike_B","Defend_B","Defend_B","Defend_B+1","Defend_B","Dualcast+1","Steam","Sweeping Beam","Sunder+1","White Noise","Tempest","Coolheaded+1","Barrage+1","Buffer+1","Defragment+1","Compile Driver","Glacier","Compile Driver","Echo Form","Consume+1","Hologram+1","Storm+1","Capacitor","Doom and Gloom","Barrage"],"relics":["FrozenCore","The Courier","Meat on the Bone","Thread and Needle","Sozu","Ornamental Fan","Lantern","Juzu Bracelet","Ancient Tea Set","Red Mask","Runic Capacitor","Turnip","Pear","Calipers","Emotion Chip","Happy Flower","DataDisk","Bag of Marbles"],"potions_floor_usage":[8,16,56],"damage_taken":[{"damage":9,"enemies":"2 Louse","floor":1,"turns":4},{"damage":7,"enemies":"Small Slimes","floor":3,"turns":3},{"damage":0,"enemies":"Cultist","floor":5,"turns":3},{"damage":0,"enemies":"Blue Slaver","floor":7,"turns":3},{"damage":8,"enemies":"Gremlin Nob","floor":8,"turns":3},{"damage":8,"enemies":"2 Fungi Beasts","floor":10,"turns":3},{"damage":14,"enemies":"3 Sentries","floor":11,"turns":5},{"damage":9,"enemies":"Large Slime","floor":12,"turns":5},{"damage":0,"enemies":"Blue Slaver","floor":14,"turns":3},{"damage":21,"enemies":"Slime Boss","floor":16,"turns":6},{"damage":19,"enemies":"3 Byrds","floor":18,"turns":4},{"damage":5,"enemies":"Shell Parasite","floor":21,"turns":6},{"damage":22,"enemies":"Slavers","floor":23,"turns":5},{"damage":22,"enemies":"Book of Stabbing","floor":25,"turns":6},{"damage":1,"enemies":"3 Cultists","floor":28,"turns":4},{"damage":12,"enemies":"Masked Bandits","floor":29,"turns":3},{"damage":2,"enemies":"Automaton","floor":33,"turns":12},{"damage":0,"enemies":"3 Shapes","floor":35,"turns":5},{"damage":0,"enemies":"Orb Walker","floor":38,"turns":6},{"damage":0,"enemies":"Nemesis","floor":40,"turns":8},{"damage":2,"enemies":"4 Shapes","floor":41,"turns":5},{"damage":1,"enemies":"Writhing Mass","floor":46,"turns":7},{"damage":41,"enemies":"Reptomancer","floor":47,"turns":16},{"damage":7,"enemies":"2 Orb Walkers","floor":48,"turns":9},{"damage":0,"enemies":"Time Eater","floor":50,"turns":36},{"damage":7,"enemies":"Awakened One","floor":51,"turns":23},{"damage":39,"enemies":"Shield and Spear","floor":55,"turns":9},{"damage":47,"enemies":"The Heart","floor":56,"turns":9}],"seed_played":"-5377983443234567117","potions_obtained":[{"floor":1,"key":"Fire Potion"},{"floor":10,"key":"Strength Potion"},{"floor":11,"key":"Block Potion"}],"is_trial":false,"path_per_floor":["M","?","M","?","M","R","M","E","T","M","E","M","R","M","R","B",null,"M","?","$","M","T","E","R","E","T","R","M","?","R","$","R","B",null,"M","$","?","M","?","E","M","T","T","?","R","M","E","?","R","B","B",null,"R","$","E","B"],"character_chosen":"DEFECT","items_purchased":["Runic Capacitor","Capacitor","Happy Flower","DataDisk","Doom and Gloom","Barrage"],"campfire_rested":3,"item_purchase_floors":[31,54,54,54,54,54],"current_hp_per_floor":[55,34,27,27,27,48,48,40,40,44,42,45,45,45,45,36,62,43,43,43,38,38,28,49,39,39,39,38,38,38,38,59,57,68,68,68,68,68,67,67,65,65,75,75,75,74,45,50,50,50,43,69,69,69,42,0],"gold":88,"neow_bonus":"UPGRADE_CARD","is_prod":false,"is_daily":false,"chose_seed":false,"campfire_upgraded":6,"win_rate":0,"timestamp":1549080113,"path_taken":["M","?","M","?","M","R","M","E","T","M","E","M","R","M","R","BOSS","M","?","?","M","?","E","R","E","T","R","M","?","R","$","R","BOSS","M","$","?","M","?","E","M","?","T","?","R","M","E","?","R","BOSS","BOSS","R","$","E","BOSS"],"build_version":"2019-01-23","purchased_purges":4,"victory":false,"max_hp_per_floor":[71,71,71,71,71,71,71,71,71,71,71,71,71,71,71,71,71,71,71,71,71,71,71,71,71,71,71,71,71,71,71,71,71,71,71,71,71,71,67,67,67,67,77,77,77,77,77,77,77,77,77,77,77,74,74,74],"card_choices":[{"not_picked":["Recycle","Leap"],"picked":"Steam","floor":1},{"not_picked":["Gash","Loop"],"picked":"Sweeping Beam","floor":3},{"not_picked":["Redo","Steam","Stack"],"picked":"SKIP","floor":5},{"not_picked":["Gash","Barrage"],"picked":"Sunder","floor":7},{"not_picked":["BootSequence","Scrape"],"picked":"White Noise","floor":8},{"not_picked":["Beam Cell","Aggregate","Barrage"],"picked":"SKIP","floor":10},{"not_picked":["Force Field","Steam"],"picked":"Tempest","floor":11},{"not_picked":["Conserve Battery","Barrage"],"picked":"Coolheaded","floor":12},{"not_picked":["Multi-Cast","Turbo"],"picked":"Barrage","floor":14},{"not_picked":["Reboot","Amplify"],"picked":"Buffer","floor":16},{"not_picked":["Sweeping Beam","Beam Cell"],"picked":"Defragment","floor":18},{"not_picked":["Streamline","Gash"],"picked":"Compile Driver","floor":21},{"not_picked":["Go for the Eyes","Steam"],"picked":"Glacier","floor":23},{"not_picked":["Scrape","Beam Cell","Gash"],"picked":"SKIP","floor":25},{"not_picked":["FTL","Gash+1"],"picked":"Compile Driver","floor":28},{"not_picked":["Reboot","Fission"],"picked":"Echo Form","floor":33},{"not_picked":["Gash","Leap"],"picked":"Consume+1","floor":35},{"not_picked":["Static Discharge","Doom and Gloom","Beam Cell"],"picked":"SKIP","floor":38},{"not_picked":["Beam Cell+1","Tempest","Gash"],"picked":"SKIP","floor":40},{"not_picked":["Self Repair","Beam Cell+1","Steam"],"picked":"SKIP","floor":41},{"not_picked":["Go for the Eyes","Stack","Streamline"],"picked":"SKIP","floor":46},{"not_picked":["Chill","Genetic Algorithm"],"picked":"Hologram","floor":47},{"not_picked":["Force Field","Conserve Battery"],"picked":"Storm","floor":48},{"not_picked":["Meteor Strike","Streamline+1","Melter"],"picked":"SKIP","floor":55}],"player_experience":764275,"relics_obtained":[{"floor":8,"key":"The Courier"},{"floor":9,"key":"Meat on the Bone"},{"floor":11,"key":"Thread and Needle"},{"floor":22,"key":"Ornamental Fan"},{"floor":23,"key":"Lantern"},{"floor":25,"key":"Juzu Bracelet"},{"floor":26,"key":"Ancient Tea Set"},{"floor":29,"key":"Red Mask"},{"floor":40,"key":"Turnip"},{"floor":43,"key":"Pear"},{"floor":47,"key":"Calipers"},{"floor":48,"key":"Emotion Chip"},{"floor":55,"key":"Bag of Marbles"}],"event_choices":[{"damage_healed":0,"gold_gain":0,"player_choice":"Entered Light","damage_taken":21,"max_hp_gain":0,"max_hp_loss":0,"event_name":"Shining Light","floor":2,"gold_loss":0,"cards_upgraded":["Dualcast","Defend_B"]},{"damage_healed":0,"gold_gain":0,"player_choice":"Ignored","damage_taken":0,"max_hp_gain":0,"max_hp_loss":0,"event_name":"Liars Game","floor":4,"gold_loss":0},{"damage_healed":0,"gold_gain":0,"player_choice":"Forge","damage_taken":0,"max_hp_gain":0,"max_hp_loss":0,"event_name":"Accursed Blacksmith","floor":19,"gold_loss":0,"cards_upgraded":["Defragment"]},{"damage_healed":0,"gold_gain":0,"player_choice":"Fought Bandits","damage_taken":0,"max_hp_gain":0,"max_hp_loss":0,"event_name":"Masked Bandits","floor":29,"gold_loss":0},{"damage_healed":0,"gold_gain":222,"player_choice":"Wore Mask","damage_taken":0,"max_hp_gain":0,"max_hp_loss":0,"event_name":"Tomb of Lord Red Mask","floor":37,"gold_loss":0},{"damage_healed":0,"gold_gain":0,"player_choice":"Max HP","damage_taken":0,"max_hp_gain":0,"max_hp_loss":4,"event_name":"Winding Halls","floor":39,"gold_loss":0},{"cards_removed":["Zap"],"damage_healed":0,"gold_gain":0,"player_choice":"Removed Skill","damage_taken":0,"max_hp_gain":0,"max_hp_loss":0,"event_name":"Falling","floor":44,"gold_loss":0},{"damage_healed":0,"gold_gain":0,"player_choice":"Fight","damage_taken":0,"max_hp_gain":0,"max_hp_loss":0,"event_name":"Mysterious Sphere","floor":48,"gold_loss":0}],"is_beta":false,"boss_relics":[{"not_picked":["Eternal Feather","Black Star"],"picked":"Sozu"},{"not_picked":["Snecko Eye","Tiny House"],"picked":"FrozenCore"}],"items_purged_floors":[20,31,36,54],"is_endless":false,"potions_floor_spawned":[1,10,11,14,18,23,33,35,38,40,41],"killed_by":"The Heart","ascension_level":20}