{"gold_per_floor":[111,111,123,143,155,155,185,185,185,212,191,217,217,217,217,217],"floor_reached":16,"playtime":486,"items_purged":[],"score":184,"play_id":"bc04b3ba-8773-4529-b72c-4975e72ef8cf","local_time":"20190203145729","is_ascension_mode":true,"campfire_choices":[{"data":"Sunder","floor":6,"key":"SMITH"},{"floor":8,"key":"REST"},{"floor":15,"key":"REST"}],"neow_cost":"NONE","seed_source_timestamp":1454234695523194,"circlet_count":0,"master_deck":["Strike_B","Strike_B","Strike_B","Strike_B","Defend_B+1","Defend_B","Defend_B","Defend_B+1","Zap+1","Dualcast","Sunder+1","Go for the Eyes+1","Compile Driver","Defragment","FTL"],"relics":["Cracked Core","NlothsMask","Mango","Pear","Ancient Tea Set"],"potions_floor_usage":[10,12],"damage_taken":[{"damage":16,"enemies":"2 Louse","floor":1,"turns":3},{"damage":0,"enemies":"Cultist","floor":3,"turns":3},{"damage":7,"enemies":"Jaw Worm","floor":4,"turns":2},{"damage":0,"enemies":"Large Slime","floor":5,"turns":4},{"damage":25,"enemies":"3 Sentries","floor":7,"turns":6},{"damage":29,"enemies":"Gremlin Nob","floor":10,"turns":4},{"damage":10,"enemies":"3 Sentries","floor":12,"turns":4},{"damage":40,"enemies":"Hexaghost","floor":16,"turns":9}],"seed_played":"-8744957000625303321","potions_obtained":[{"floor":1,"key":"Explosive Potion"},{"floor":5,"key":"Explosive Potion"},{"floor":7,"key":"GamblersBrew"},{"floor":10,"key":"SmokeBomb"}],"is_trial":false,"path_per_floor":["M","?","M","M","M","R","E","R","T","E","?","E","?","?","R","B"],"character_chosen":"DEFECT","items_purchased":[],"campfire_rested":2,"item_purchase_floors":[],"current_hp_per_floor":[52,52,52,45,45,45,34,60,60,41,41,31,31,11,40,0],"gold":217,"neow_bonus":"UPGRADE_CARD","is_prod":false,"is_daily":false,"chose_seed":false,"campfire_upgraded":1,"win_rate":0,"timestamp":1549234649,"path_taken":["M","?","M","?","M","R","E","R","T","E","?","E","?","?","R","BOSS"],"build_version":"2019-01-23","purchased_purges":0,"victory":false,"max_hp_per_floor":[75,75,75,75,75,75,89,89,89,99,99,99,99,99,99,99],"card_choices":[{"not_picked":["BootSequence","Steam"],"picked":"Sunder","floor":1},{"not_picked":["Barrage","Steam Power"],"picked":"Go for the Eyes","floor":3},{"not_picked":["Force Field","Stack"],"picked":"Compile Driver","floor":4},{"not_picked":["Steam","Gash","Machine Learning"],"picked":"SKIP","floor":5},{"not_picked":["Beam Cell","Biased Cognition"],"picked":"Defragment","floor":7},{"not_picked":["Hyperbeam","Chaos"],"picked":"FTL","floor":10},{"not_picked":["Recycle","Go for the Eyes","Turbo"],"picked":"SKIP","floor":12}],"player_experience":311418,"relics_obtained":[{"floor":7,"key":"Mango"},{"floor":10,"key":"Pear"},{"floor":12,"key":"Ancient Tea Set"}],"event_choices":[{"damage_healed":0,"gold_gain":0,"player_choice":"Trade","damage_taken":0,"relics_obtained":["NlothsMask"],"max_hp_gain":0,"max_hp_loss":0,"event_name":"FaceTrader","floor":2,"gold_loss":0},{"damage_healed":0,"gold_gain":0,"player_choice":"Left Gold","damage_taken":0,"max_hp_gain":0,"max_hp_loss":0,"event_name":"World of Goop","floor":11,"gold_loss":21},{"damage_healed":0,"gold_gain":0,"player_choice":"Grow","damage_taken":0,"max_hp_gain":0,"max_hp_loss":0,"event_name":"Living Wall","floor":13,"gold_loss":0,"cards_upgraded":["Go for the Eyes"]},{"damage_healed":0,"gold_gain":0,"player_choice":"Entered Light","damage_taken":20,"max_hp_gain":0,"max_hp_loss":0,"event_name":"Shining Light","floor":14,"gold_loss":0,"cards_upgraded":["Defend_B","Defend_B"]}],"is_beta":false,"boss_relics":[],"items_purged_floors":[],"is_endless":false,"potions_floor_spawned":[1,5,7,10],"killed_by":"Hexaghost","ascension_level":7}