{"gold_per_floor":[110,110,126,51,68,96,112,112,139,151,101,101,22,39,39,135,135,154,172,189,209,226,226,226],"floor_reached":24,"playtime":2989,"items_purged":["Strike_G"],"score":232,"play_id":"2ba97e47-8f77-4f66-b73a-47222aeff40e","local_time":"20190106090953","is_ascension_mode":true,"campfire_choices":[{"floor":8,"key":"REST"},{"data":"Footwork","floor":15,"key":"SMITH"},{"data":"Leg Sweep","floor":23,"key":"SMITH"}],"neow_cost":"NONE","seed_source_timestamp":457092411546771,"circlet_count":0,"master_deck":["Defend_G","Defend_G","Defend_G","Defend_G","Defend_G","Strike_G","Strike_G+1","Survivor","Neutralize+1","Flying Knee+1","Quick Slash","Deflect","Dramatic Entrance","Footwork+1","Leg Sweep+1","Unload","Bouncing Flask","Deadly Poison"],"relics":["Ring of the Snake","Whetstone","Omamori","Black Star"],"potions_floor_usage":[16,22,24],"damage_taken":[{"damage":0,"enemies":"Jaw Worm","floor":1,"turns":5},{"damage":5,"enemies":"2 Louse","floor":3,"turns":2},{"damage":0,"enemies":"Cultist","floor":5,"turns":4},{"damage":56,"enemies":"Gremlin Nob","floor":6,"turns":7},{"damage":0,"enemies":"Gremlin Gang","floor":7,"turns":7},{"damage":0,"enemies":"Looter","floor":10,"turns":3},{"damage":0,"enemies":"3 Louse","floor":14,"turns":3},{"damage":6,"enemies":"The Guardian","floor":16,"turns":13},{"damage":13,"enemies":"Spheric Guardian","floor":18,"turns":8},{"damage":1,"enemies":"Chosen","floor":19,"turns":6},{"damage":0,"enemies":"Shelled Parasite and Fungi","floor":20,"turns":10},{"damage":31,"enemies":"Sentry and Sphere","floor":21,"turns":7},{"damage":20,"enemies":"Centurion and Healer","floor":22,"turns":9},{"damage":31,"enemies":"Gremlin Leader","floor":24,"turns":5}],"seed_played":"-3854538617147799717","potions_obtained":[{"floor":6,"key":"PowerPotion"},{"floor":7,"key":"AttackPotion"},{"floor":10,"key":"LiquidBronze"},{"floor":16,"key":"Regen Potion"},{"floor":19,"key":"Dexterity Potion"}],"is_trial":false,"path_per_floor":["M","?","M","$","M","E","M","R","T","M","?","?","$","M","R","B",null,"M","M","M","M","M","R","E"],"character_chosen":"THE_SILENT","items_purchased":["Footwork"],"campfire_rested":1,"item_purchase_floors":[13],"current_hp_per_floor":[70,63,58,58,58,2,2,23,23,23,23,23,23,23,23,17,70,57,56,56,25,20,20,0],"gold":226,"neow_bonus":"UPGRADE_CARD","is_prod":false,"is_daily":false,"chose_seed":false,"campfire_upgraded":2,"win_rate":0,"timestamp":1546762193,"path_taken":["M","?","M","$","M","E","M","R","T","M","?","?","$","?","R","BOSS","M","?","M","M","M","R","E"],"build_version":"2019-01-03v4","purchased_purges":1,"victory":false,"max_hp_per_floor":[70,70,70,70,70,70,70,70,70,70,70,70,70,70,70,70,70,70,70,70,70,70,70,70],"card_choices":[{"not_picked":["Acrobatics","Setup"],"picked":"Flying Knee","floor":1},{"not_picked":["Endless Agony","Underhanded Strike","Dagger Throw"],"picked":"SKIP","floor":3},{"not_picked":["All Out Attack","Heel Hook","Caltrops"],"picked":"SKIP","floor":5},{"not_picked":["Acrobatics","Prepared"],"picked":"Quick Slash","floor":6},{"not_picked":["Skewer","Caltrops","Quick Slash"],"picked":"SKIP","floor":7},{"not_picked":["Reflex","Flying Knee"],"picked":"Deflect","floor":10},{"not_picked":["Backflip","A Thousand Cuts"],"picked":"Leg Sweep","floor":14},{"not_picked":["Envenom","Phantasmal Killer"],"picked":"Unload","floor":16},{"not_picked":["Skewer","Acrobatics"],"picked":"Bouncing Flask","floor":18},{"not_picked":["PiercingWail","Eviscerate+1","Endless Agony"],"picked":"SKIP","floor":19},{"not_picked":["Setup","PiercingWail+1"],"picked":"Deadly Poison","floor":20},{"not_picked":["Acrobatics","Dagger Spray","A Thousand Cuts"],"picked":"SKIP","floor":21},{"not_picked":["Accuracy","Poisoned Stab","Dagger Spray"],"picked":"SKIP","floor":22}],"player_experience":184857,"relics_obtained":[{"floor":6,"key":"Whetstone"},{"floor":9,"key":"Omamori"}],"event_choices":[{"cards_removed":["Strike_G"],"damage_healed":0,"gold_gain":0,"player_choice":"Card Removal","damage_taken":7,"max_hp_gain":0,"max_hp_loss":0,"event_name":"Golden Wing","floor":2,"gold_loss":0},{"cards_removed":["Strike_G"],"damage_healed":0,"gold_gain":0,"player_choice":"Card Removal","damage_taken":0,"max_hp_gain":0,"max_hp_loss":0,"event_name":"The Cleric","floor":11,"gold_loss":50},{"damage_healed":0,"gold_gain":0,"player_choice":"1 cards matched","damage_taken":0,"max_hp_gain":0,"max_hp_loss":0,"event_name":"Match and Keep!","floor":12,"gold_loss":0,"cards_obtained":["Dramatic Entrance"]}],"is_beta":false,"boss_relics":[{"not_picked":["HoveringKite","Busted Crown"],"picked":"Black Star"}],"items_purged_floors":[4],"is_endless":false,"potions_floor_spawned":[6,7,10,14,16,19,21],"killed_by":"Gremlin Leader","ascension_level":3}