{"gold_per_floor":[110,110,129,145,140,140,164,164,164,178,202,235,235,248,248,373,373,373,168,93,43,43,43,43,43,43,43,43,43,43,43,43,43],"floor_reached":33,"playtime":3150,"items_purged":["Regret"],"score":457,"play_id":"d223350d-f21e-4a37-9076-834207f5e33e","local_time":"20181009124759","is_ascension_mode":true,"campfire_choices":[{"floor":6,"key":"REST"},{"data":"Footwork","floor":8,"key":"SMITH"},{"floor":15,"key":"REST"},{"floor":28,"key":"REST"},{"floor":32,"key":"REST"}],"neow_cost":"CURSE","seed_source_timestamp":489287860397679,"circlet_count":0,"master_deck":["Defend_G","Defend_G","Defend_G","Defend_G","Defend_G","Survivor","Neutralize","Deadly Poison","Footwork+1","Flying Knee","Dagger Throw","Predator","Quick Slash","Dagger Throw","Prepared","Corpse Explosion","Dodge and Roll+1","Infinite Blades","Backflip","Bite+1","Bite","Bite","Bite","Bite+1","Sucker Punch","Backstab+1","Deadly Poison+1","Prepared+1","Deflect+1","Ghostly","Ghostly","Ghostly","Ghostly","Ghostly"],"relics":["Ring of the Snake","Ginger","Golden Idol","The Courier","Darkstone Periapt","Ectoplasm","Dream Catcher","Whetstone","The Specimen"],"potions_floor_usage":[5,16,18,33],"damage_taken":[{"damage":2,"enemies":"2 Louse","floor":1,"turns":4},{"damage":6,"enemies":"Jaw Worm","floor":3,"turns":4},{"damage":0,"enemies":"Cultist","floor":4,"turns":4},{"damage":26,"enemies":"Exordium Thugs","floor":5,"turns":6},{"damage":0,"enemies":"Large Slime","floor":7,"turns":5},{"damage":7,"enemies":"2 Fungi Beasts","floor":10,"turns":4},{"damage":3,"enemies":"Looter","floor":11,"turns":4},{"damage":31,"enemies":"3 Sentries","floor":12,"turns":8},{"damage":0,"enemies":"3 Louse","floor":14,"turns":3},{"damage":6,"enemies":"The Guardian","floor":16,"turns":12},{"damage":4,"enemies":"Chosen","floor":18,"turns":4},{"damage":26,"enemies":"Gremlin Leader","floor":23,"turns":7},{"damage":7,"enemies":"3 Byrds","floor":24,"turns":4},{"damage":4,"enemies":"Cultist and Chosen","floor":25,"turns":4},{"damage":42,"enemies":"Book of Stabbing","floor":27,"turns":7},{"damage":1,"enemies":"Centurion and Healer","floor":29,"turns":3},{"damage":32,"enemies":"Chosen and Byrds","floor":31,"turns":8},{"damage":38,"enemies":"Champ","floor":33,"turns":9}],"seed_played":"3617962586912397727","potions_obtained":[{"floor":1,"key":"SteroidPotion"},{"floor":3,"key":"Regen Potion"},{"floor":7,"key":"Fire Potion"},{"floor":10,"key":"PowerPotion"},{"floor":12,"key":"Explosive Potion"},{"floor":23,"key":"Energy Potion"},{"floor":31,"key":"FearPotion"}],"is_trial":false,"path_per_floor":["M","?","M","M","M","R","M","R","T","M","M","E","?","M","R","B",null,"M","$","?","?","?","E","M","M","T","E","R","M","?","M","R"],"character_chosen":"THE_SILENT","items_purchased":["FairyPotion","Infinite Blades","Backflip"],"campfire_rested":4,"item_purchase_floors":[19,19,19],"current_hp_per_floor":[61,44,38,38,27,48,48,48,48,41,38,7,7,7,28,22,58,54,54,54,54,49,37,38,44,44,15,29,36,24,9,16,0],"gold":43,"neow_bonus":"ONE_RARE_RELIC","is_prod":false,"is_daily":false,"chose_seed":false,"campfire_upgraded":1,"win_rate":0,"timestamp":1539103679,"path_taken":["M","?","?","M","M","R","M","R","T","?","M","E","?","M","R","BOSS","M","$","?","?","?","E","M","M","T","E","R","?","?","M","R","BOSS"],"build_version":"2018-10-04v2","purchased_purges":1,"victory":false,"max_hp_per_floor":[70,70,70,70,70,70,70,70,70,70,70,70,70,70,70,70,70,70,70,70,70,49,49,49,49,49,49,49,49,24,24,24,24],"card_choices":[{"not_picked":["PiercingWail","Expertise"],"picked":"Deadly Poison","floor":1},{"not_picked":["Backflip","Flechettes"],"picked":"Footwork","floor":3},{"not_picked":["Choke","Dodge and Roll"],"picked":"Flying Knee","floor":4},{"not_picked":["Escape Plan","Slice"],"picked":"Dagger Throw","floor":5},{"not_picked":["Underhanded Strike","Tactician"],"picked":"Predator","floor":7},{"not_picked":["Deadly Poison","Doppelganger"],"picked":"Quick Slash","floor":10},{"not_picked":["Slice","Deflect"],"picked":"Dagger Throw","floor":11},{"not_picked":["Calculated Gamble","Backstab"],"picked":"Prepared","floor":12},{"not_picked":["Dagger Spray","Accuracy","Finisher"],"picked":"SKIP","floor":14},{"not_picked":["Burst","Tools of the Trade"],"picked":"Corpse Explosion","floor":16},{"not_picked":["Acrobatics","Dagger Spray"],"picked":"Dodge and Roll+1","floor":18},{"not_picked":["Masterful Stab","Outmaneuver"],"picked":"Sucker Punch","floor":23},{"not_picked":["Choke+1","Dodge and Roll"],"picked":"Backstab+1","floor":24},{"not_picked":["All Out Attack","Poisoned Stab"],"picked":"Deadly Poison+1","floor":25},{"not_picked":["Wraith Form v2","Flying Knee+1"],"picked":"Prepared+1","floor":27},{"not_picked":["Dagger Throw","Blade Dance+1"],"picked":"Deflect+1","floor":28},{"not_picked":["Flying Knee","Acrobatics","Dagger Throw"],"picked":"SKIP","floor":29},{"not_picked":["Quick Slash","Bane","Dagger Throw"],"picked":"SKIP","floor":31}],"player_experience":572730,"relics_obtained":[{"floor":9,"key":"The Courier"},{"floor":12,"key":"Darkstone Periapt"},{"floor":23,"key":"Dream Catcher"},{"floor":26,"key":"Whetstone"},{"floor":27,"key":"The Specimen"}],"event_choices":[{"event_name":"Golden Idol","player_choice":"Take Damage","floor":2,"damage_taken":0},{"event_name":"Shining Light","player_choice":"Ignored","floor":13,"damage_taken":0},{"event_name":"Beggar","player_choice":"Gave Gold","floor":20,"damage_taken":0},{"event_name":"The Joust","player_choice":"Bet on Murderer","floor":21,"damage_taken":0},{"event_name":"Vampires","player_choice":"Became a vampire","floor":22,"damage_taken":0},{"event_name":"Ghosts","player_choice":"Became a Ghost","floor":30,"damage_taken":0}],"is_beta":false,"boss_relics":[{"not_picked":["Orrery","Runic Dome"],"picked":"Ectoplasm"}],"items_purged_floors":[19],"is_endless":false,"potions_floor_spawned":[1,3,7,10,12,23,27,31],"killed_by":"Champ","ascension_level":8}