{"gold_per_floor":[114,126,13,188,199,199,211,230,230,230,244,271,258,258,258,353,353,372,385,400,400,400,400],"floor_reached":23,"playtime":3350,"items_purged":["Parasite"],"score":230,"play_id":"3dff908a-e0c1-4159-a6e0-6a671cdd9347","local_time":"20180730012028","is_ascension_mode":true,"campfire_choices":[{"data":"Hello World","floor":6,"key":"SMITH"},{"data":"Strike_B","floor":10,"key":"SMITH"},{"floor":15,"key":"REST"}],"neow_cost":"CURSE","seed_source_timestamp":165673737649033,"circlet_count":0,"master_deck":["Strike_B+1","Strike_B","Strike_B","Strike_B","Defend_B","Defend_B","Defend_B","Defend_B","Zap","Dualcast","Cold Snap","Glacier","Hello World+1","Tempest","Heatsinks","Auto Shields","Machine Learning","Hologram","Rainbow","Hologram","Conserve Battery","Self Repair","Aggregate","White Noise+1","White Noise","Compile Driver","Defragment"],"relics":["Cracked Core","Mango","The Courier","Blood Vial","Orrery"],"potions_floor_usage":[16,23],"damage_taken":[{"damage":0,"enemies":"Cultist","floor":1,"turns":3},{"damage":0,"enemies":"2 Louse","floor":2,"turns":2},{"damage":0,"enemies":"Small Slimes","floor":5,"turns":4},{"damage":0,"enemies":"Looter","floor":7,"turns":3},{"damage":10,"enemies":"2 Fungi Beasts","floor":8,"turns":4},{"damage":12,"enemies":"Gremlin Gang","floor":11,"turns":5},{"damage":46,"enemies":"Gremlin Nob","floor":12,"turns":7},{"damage":0,"enemies":"Exordium Thugs","floor":13,"turns":4},{"damage":21,"enemies":"Hexaghost","floor":16,"turns":13},{"damage":34,"enemies":"3 Byrds","floor":18,"turns":6},{"damage":23,"enemies":"Shell Parasite","floor":19,"turns":8},{"damage":18,"enemies":"Centurion and Healer","floor":20,"turns":11},{"damage":21,"enemies":"Book of Stabbing","floor":23,"turns":3}],"seed_played":"4288559820106930874","potions_obtained":[{"floor":7,"key":"Explosive Potion"},{"floor":11,"key":"GamblersBrew"},{"floor":16,"key":"Energy Potion"},{"floor":18,"key":"AttackPotion"}],"is_trial":false,"path_per_floor":["M","M","$","?","M","R","M","M","T","R","M","E","M","?","R","B",null,"M","M","M","?","?"],"character_chosen":"DEFECT","items_purchased":["Hello World"],"campfire_rested":1,"item_purchase_floors":[3],"current_hp_per_floor":[89,89,86,86,86,86,86,76,76,76,64,18,20,13,38,19,86,59,45,36,36,19,0],"gold":400,"neow_bonus":"ONE_RARE_RELIC","is_prod":false,"is_daily":false,"chose_seed":false,"campfire_upgraded":2,"win_rate":0,"timestamp":1532928028,"path_taken":["M","M","$","?","M","R","M","M","T","R","M","E","M","?","R","BOSS","M","M","M","?","?","E"],"build_version":"2018-07-26","purchased_purges":1,"victory":false,"max_hp_per_floor":[89,89,86,86,86,86,86,86,86,86,86,86,86,86,86,86,86,86,86,86,86,91,91],"card_choices":[{"not_picked":["Rebound","Barrage"],"picked":"Cold Snap","floor":1},{"not_picked":["Chaos","Reinforced Body"],"picked":"Glacier","floor":2},{"not_picked":["Barrage","Hologram"],"picked":"Tempest","floor":5},{"not_picked":["Undo","Leap"],"picked":"Heatsinks","floor":7},{"not_picked":["Recycle","Sweeping Beam","Streamline"],"picked":"SKIP","floor":8},{"not_picked":["Consume","Go for the Eyes"],"picked":"Auto Shields","floor":11},{"not_picked":["Turbo","Leap"],"picked":"Machine Learning","floor":12},{"not_picked":["Barrage","Gash"],"picked":"Hologram","floor":13},{"not_picked":["Multi-Cast","Hyperbeam"],"picked":"Rainbow","floor":16},{"not_picked":["Beam Cell","Auto Shields"],"picked":"Hologram","floor":17},{"not_picked":["Cold Snap","Ball Lightning"],"picked":"Conserve Battery","floor":17},{"not_picked":["Recycle","Ball Lightning"],"picked":"Self Repair","floor":17},{"not_picked":["Skim","Redo"],"picked":"Aggregate","floor":17},{"not_picked":["Compile Driver","Gash+1"],"picked":"White Noise+1","floor":18},{"not_picked":["Go for the Eyes","Steam"],"picked":"White Noise","floor":19},{"not_picked":["Streamline","Melter"],"picked":"Compile Driver","floor":20}],"player_experience":202225,"relics_obtained":[{"floor":9,"key":"The Courier"},{"floor":12,"key":"Blood Vial"}],"event_choices":[{"event_name":"Liars Game","player_choice":"agreed","floor":4,"damage_taken":0},{"event_name":"Golden Wing","player_choice":"Card Removal","floor":14,"damage_taken":0},{"event_name":"The Library","player_choice":"Read","floor":21,"damage_taken":0},{"event_name":"Forgotten Altar","player_choice":"Shed Blood","floor":22,"damage_taken":0}],"is_beta":false,"boss_relics":[{"not_picked":["Busted Crown","Eternal Feather"],"picked":"Orrery"}],"items_purged_floors":[3],"is_endless":false,"potions_floor_spawned":[7,11,16,18],"killed_by":"Book of Stabbing","ascension_level":1}