{"gold_per_floor":[117,117,117,36,52,52,80,80,80,106,25,25,0,30,30,30],"floor_reached":16,"playtime":551,"items_purged":[],"score":182,"play_id":"37b1f336-42a3-4e1a-9ff5-2af1f02028d8","local_time":"20190126195607","is_ascension_mode":true,"campfire_choices":[{"floor":6,"key":"REST"},{"floor":15,"key":"REST"}],"neow_cost":"PERCENT_DAMAGE","seed_source_timestamp":671468996393769,"circlet_count":0,"master_deck":["AscendersBane","Strike_R","Strike_R","Strike_R","Strike_R","Defend_R","Defend_R","Defend_R","Bash","Feel No Pain+1","Disarm+1","Twin Strike","Corruption","Shockwave","Dropkick","Infernal Blade","Sentinel","Pummel"],"relics":["Burning Blood","Gremlin Horn","Bag of Preparation","Blue Candle","Bag of Marbles"],"potions_floor_usage":[16],"damage_taken":[{"damage":10,"enemies":"Jaw Worm","floor":1,"turns":4},{"damage":0,"enemies":"Small Slimes","floor":5,"turns":3},{"damage":28,"enemies":"3 Sentries","floor":7,"turns":12},{"damage":19,"enemies":"Gremlin Nob","floor":10,"turns":5},{"damage":15,"enemies":"Lagavulin","floor":14,"turns":5},{"damage":51,"enemies":"Hexaghost","floor":16,"turns":11}],"seed_played":"592511008134787929","potions_obtained":[{"floor":7,"key":"Regen Potion"}],"is_trial":false,"path_per_floor":["M","?","?","$","M","R","E","?","T","E","$","?","?","E","R","B"],"character_chosen":"IRONCLAD","items_purchased":["Corruption","Sentinel"],"campfire_rested":2,"item_purchase_floors":[4,11],"current_hp_per_floor":[47,47,31,31,37,61,39,39,39,26,26,26,26,17,41,0],"gold":30,"neow_bonus":"TRANSFORM_TWO_CARDS","is_prod":false,"is_daily":false,"chose_seed":false,"campfire_upgraded":0,"win_rate":0,"timestamp":1548550567,"path_taken":["M","?","?","$","M","R","E","?","T","E","$","?","?","E","R","BOSS"],"build_version":"2019-01-23","purchased_purges":0,"victory":false,"max_hp_per_floor":[80,80,80,80,80,80,80,80,80,80,80,80,80,80,80,80],"card_choices":[{"not_picked":["Pommel Strike","Headbutt"],"picked":"Twin Strike","floor":1},{"not_picked":["Twin Strike","Combust"],"picked":"Shockwave","floor":5},{"not_picked":["Blood for Blood","Pommel Strike"],"picked":"Dropkick","floor":7},{"not_picked":["Flex","Pommel Strike"],"picked":"Infernal Blade","floor":10},{"not_picked":["Iron Wave","Sword Boomerang"],"picked":"Pummel","floor":14}],"player_experience":561683,"relics_obtained":[{"floor":7,"key":"Gremlin Horn"},{"floor":9,"key":"Bag of Preparation"},{"floor":10,"key":"Blue Candle"},{"floor":14,"key":"Bag of Marbles"}],"event_choices":[{"damage_healed":0,"gold_gain":0,"player_choice":"Ignored","damage_taken":0,"max_hp_gain":0,"max_hp_loss":0,"event_name":"Golden Wing","floor":2,"gold_loss":0},{"damage_healed":0,"gold_gain":0,"player_choice":"Entered Light","damage_taken":16,"max_hp_gain":0,"max_hp_loss":0,"event_name":"Shining Light","floor":3,"gold_loss":0,"cards_upgraded":["Disarm","Feel No Pain"]},{"damage_healed":0,"gold_gain":0,"player_choice":"Ignored","damage_taken":0,"max_hp_gain":0,"max_hp_loss":0,"event_name":"Liars Game","floor":8,"gold_loss":0},{"damage_healed":0,"gold_gain":0,"player_choice":"Ignored","damage_taken":0,"max_hp_gain":0,"max_hp_loss":0,"event_name":"Golden Idol","floor":12,"gold_loss":0},{"damage_healed":0,"gold_gain":0,"player_choice":"Left Gold","damage_taken":0,"max_hp_gain":0,"max_hp_loss":0,"event_name":"World of Goop","floor":13,"gold_loss":25}],"is_beta":true,"boss_relics":[],"items_purged_floors":[],"is_endless":false,"potions_floor_spawned":[7],"killed_by":"Hexaghost","ascension_level":12}