{"gold_per_floor":[359,309,309,322,6,34,34,34,34,69,0,0,20,32,32,129,129,139,149,41,58,58,89,108,108,108,108,125,125,158,158,158,257,257,277,34,48,48,0,0,18,47,47,61,61],"floor_reached":45,"playtime":2829,"items_purged":["Writhe"],"score":772,"play_id":"27d6f679-b19f-49f9-a251-b9b64c0fad70","local_time":"20181011164509","is_ascension_mode":true,"campfire_choices":[{"floor":7,"key":"REST"},{"floor":12,"key":"REST"},{"floor":15,"key":"REST"},{"floor":27,"key":"REST"},{"floor":29,"key":"REST"},{"floor":32,"key":"REST"},{"data":"Echo Form","floor":40,"key":"SMITH"}],"neow_cost":"CURSE","seed_source_timestamp":2768402485143,"circlet_count":0,"master_deck":["Strike_B+1","Strike_B+1","Strike_B+1","Strike_B+1","Defend_B+1","Defend_B+1","Defend_B+1","Zap","Dualcast","Coolheaded","Redo","Tempest","White Noise","Self Repair","Heatsinks","White Noise","Cold Snap+1","Echo Form+1","Go for the Eyes+1","Buffer","Defragment","Rebound+1","Tempest+1","Conserve Battery+1","Leap","Capacitor+1","RitualDagger+1","White Noise","Biased Cognition+1","White Noise+1","Apotheosis","Conserve Battery","Sweeping Beam+1","Doom and Gloom+1","Thunder Strike+1","Ball Lightning+1"],"special_seed":0,"relics":["Cracked Core","Gremlin Horn","ClockworkSouvenir","Omamori","Pantograph","Mummified Hand","Molten Egg 2","Sozu","Potion Belt","Lantern","Matryoshka","Dream Catcher","Velvet Choker","Red Mask","Strawberry","Dodecahedron","Darkstone Periapt"],"potions_floor_usage":[14,45],"damage_taken":[{"damage":0,"enemies":"2 Louse","floor":1,"turns":2},{"damage":0,"enemies":"Cultist","floor":4,"turns":4},{"damage":42,"enemies":"3 Sentries","floor":6,"turns":9},{"damage":36,"enemies":"Lagavulin","floor":10,"turns":7},{"damage":14,"enemies":"Jaw Worm","floor":13,"turns":3},{"damage":15,"enemies":"3 Louse","floor":14,"turns":3},{"damage":37,"enemies":"Slime Boss","floor":16,"turns":9},{"damage":29,"enemies":"2 Thieves","floor":18,"turns":4},{"damage":3,"enemies":"Chosen","floor":19,"turns":4},{"damage":18,"enemies":"Snake Plant","floor":21,"turns":5},{"damage":29,"enemies":"Gremlin Leader","floor":23,"turns":6},{"damage":0,"enemies":"Sentry and Sphere","floor":24,"turns":3},{"damage":7,"enemies":"Centurion and Healer","floor":28,"turns":6},{"damage":32,"enemies":"Book of Stabbing","floor":30,"turns":4},{"damage":10,"enemies":"Collector","floor":33,"turns":6},{"damage":26,"enemies":"Orb Walker","floor":35,"turns":4},{"damage":0,"enemies":"3 Shapes","floor":37,"turns":3},{"damage":4,"enemies":"Transient","floor":41,"turns":5},{"damage":0,"enemies":"Giant Head","floor":42,"turns":8},{"damage":37,"enemies":"Reptomancer","floor":44,"turns":5},{"damage":45,"enemies":"Nemesis","floor":45,"turns":5}],"seed_played":"-3592333300148199554","potions_obtained":[{"floor":4,"key":"SpeedPotion"},{"floor":6,"key":"GamblersBrew"},{"floor":14,"key":"Weak Potion"}],"is_trial":false,"path_per_floor":["M","?","?","M","$","E","R","T","T","E","$","R","M","M","R","B",null,"M","M","$","M","?","E","M","?","T","R","M","R","E","?","R","B",null,"M","$","M","?","?","R","M","E","T","M"],"character_chosen":"DEFECT","items_purchased":["ClockworkSouvenir","Tempest","Heatsinks","Defragment","Rebound+1","Apotheosis","Conserve Battery"],"campfire_rested":6,"item_purchase_floors":[5,5,11,20,20,36,36],"current_hp_per_floor":[68,68,61,61,61,19,41,41,41,5,5,27,20,12,34,29,64,42,46,46,35,35,13,20,20,20,42,42,64,39,33,55,72,74,55,55,55,55,55,55,71,82,82,45,0],"gold":61,"neow_bonus":"TWO_FIFTY_GOLD","is_prod":false,"is_daily":false,"chose_seed":false,"campfire_upgraded":1,"win_rate":0,"timestamp":1539290709,"path_taken":["M","?","?","M","$","E","R","?","T","E","$","R","M","?","R","BOSS","M","?","$","M","?","E","M","?","T","R","M","R","E","?","R","BOSS","M","$","M","?","?","R","M","E","T","M","E"],"build_version":"2018-10-04v2","purchased_purges":1,"victory":false,"max_hp_per_floor":[75,75,75,75,75,75,75,75,75,75,75,75,75,75,75,75,75,75,75,75,75,75,75,75,75,75,75,75,75,75,75,75,75,75,75,75,75,75,75,75,75,82,82,82,82],"card_choices":[{"not_picked":["Undo","Compile Driver"],"picked":"Coolheaded","floor":1},{"not_picked":["Loop","Hologram"],"picked":"Redo","floor":4},{"not_picked":["Steam","Undo"],"picked":"White Noise","floor":6},{"not_picked":["Force Field","Ball Lightning"],"picked":"Self Repair","floor":10},{"not_picked":["Consume","Conserve Battery"],"picked":"White Noise","floor":13},{"not_picked":["BootSequence","Conserve Battery"],"picked":"Cold Snap+1","floor":14},{"not_picked":["Electrodynamics","All For One+1"],"picked":"Echo Form","floor":16},{"not_picked":["Coolheaded+1","Conserve Battery"],"picked":"Go for the Eyes+1","floor":18},{"not_picked":["Ball Lightning+1","Barrage+1"],"picked":"Buffer","floor":19},{"not_picked":["Gash+1","Hello World"],"picked":"Tempest+1","floor":21},{"not_picked":["Cold Snap+1","Reinforced Body+1"],"picked":"Conserve Battery+1","floor":23},{"not_picked":["Stack","Coolheaded","Hello World"],"picked":"SKIP","floor":24},{"not_picked":["BootSequence","Steam+1"],"picked":"Leap","floor":28},{"not_picked":["Coolheaded","Reboot"],"picked":"Capacitor+1","floor":30},{"not_picked":["Loop","Redo"],"picked":"White Noise","floor":32},{"not_picked":["Amplify","Electrodynamics"],"picked":"Biased Cognition","floor":33},{"not_picked":["Conserve Battery+1","Chaos+1"],"picked":"White Noise+1","floor":35},{"not_picked":["Steam","Coolheaded"],"picked":"Sweeping Beam+1","floor":37},{"not_picked":["Streamline+1","Genetic Algorithm+1"],"picked":"Doom and Gloom+1","floor":41},{"not_picked":["Stack+1","Force Field"],"picked":"Thunder Strike+1","floor":42},{"not_picked":["Steam+1","Leap"],"picked":"Ball Lightning+1","floor":44}],"player_experience":587114,"relics_obtained":[{"floor":6,"key":"Omamori"},{"floor":8,"key":"Pantograph"},{"floor":9,"key":"Mummified Hand"},{"floor":10,"key":"Molten Egg 2"},{"floor":23,"key":"Lantern"},{"floor":26,"key":"Matryoshka"},{"floor":30,"key":"Dream Catcher"},{"floor":42,"key":"Strawberry"},{"floor":43,"key":"Dodecahedron"},{"floor":43,"key":"Darkstone Periapt"}],"event_choices":[{"event_name":"The Cleric","player_choice":"Card Removal","floor":2,"damage_taken":0},{"event_name":"Scrap Ooze","player_choice":"success","floor":3,"damage_taken":7},{"event_name":"The Mausoleum","player_choice":"Yes","floor":22,"damage_taken":0},{"event_name":"Back to Basics","player_choice":"Simplicity","floor":25,"damage_taken":0},{"event_name":"Nest","player_choice":"Joined the Cult","floor":31,"damage_taken":0},{"event_name":"Upgrade Shrine","player_choice":"Upgraded","floor":38,"damage_taken":0},{"event_name":"Tomb of Lord Red Mask","player_choice":"Paid","floor":39,"damage_taken":0}],"is_beta":false,"boss_relics":[{"not_picked":["Lizard Tail","Snecko Eye"],"picked":"Sozu"},{"not_picked":["Eternal Feather","Philosopher\u0027s Stone"],"picked":"Velvet Choker"}],"items_purged_floors":[5],"is_endless":false,"potions_floor_spawned":[4,6,14,19,24,28,30,33,44],"killed_by":"Nemesis","ascension_level":8}