{"gold_per_floor":[114,126,126,142,158,184,196,196,247,281,281,300,300,24,24,98,98,116,116,38,36,51,51,51],"floor_reached":24,"playtime":1915,"items_purged":[],"score":416,"play_id":"4d6180e2-d557-4e0b-b72b-b45663ab68f3","local_time":"20190131214004","is_ascension_mode":true,"campfire_choices":[{"data":"Defragment","floor":8,"key":"SMITH"},{"data":"Zap","floor":11,"key":"SMITH"},{"floor":15,"key":"REST"},{"floor":23,"key":"REST"}],"neow_cost":"NONE","seed_source_timestamp":1207168588898522,"circlet_count":0,"master_deck":["AscendersBane","Strike_B","Strike_B","Defend_B","Defend_B","Defend_B","Defend_B","Zap+1","Dualcast","Defragment+1","Ball Lightning","Recycle","Reinforced Body","Creative AI","Self Repair","Gash+1","Compile Driver+1","Seek","Genetic Algorithm","Consume","FTL+1","Leap","Go for the Eyes+1","Compile Driver+1","Heatsinks"],"relics":["Cracked Core","Anchor","Darkstone Periapt","Dream Catcher","Molten Egg 2","Mummified Hand","Fusion Hammer"],"potions_floor_usage":[6,10,10,16,18,24],"damage_taken":[{"damage":1,"enemies":"Small Slimes","floor":1,"turns":4},{"damage":0,"enemies":"2 Louse","floor":2,"turns":2},{"damage":0,"enemies":"Jaw Worm","floor":4,"turns":3},{"damage":3,"enemies":"Exordium Wildlife","floor":5,"turns":3},{"damage":11,"enemies":"Lagavulin","floor":6,"turns":7},{"damage":12,"enemies":"Looter","floor":7,"turns":3},{"damage":8,"enemies":"Gremlin Nob","floor":10,"turns":5},{"damage":29,"enemies":"Exordium Thugs","floor":12,"turns":5},{"damage":33,"enemies":"Slime Boss","floor":16,"turns":5},{"damage":16,"enemies":"Spheric Guardian","floor":18,"turns":4},{"damage":11,"enemies":"2 Thieves","floor":21,"turns":5},{"damage":16,"enemies":"Centurion and Healer","floor":22,"turns":7},{"damage":63,"enemies":"Slavers","floor":24,"turns":5}],"seed_played":"-3974572971876474288","potions_obtained":[{"floor":4,"key":"Weak Potion"},{"floor":5,"key":"SpeedPotion"},{"floor":6,"key":"EssenceOfSteel"},{"floor":10,"key":"FocusPotion"},{"floor":12,"key":"Block Potion"},{"floor":18,"key":"FearPotion"}],"is_trial":false,"path_per_floor":["M","M","?","M","M","E","M","R","T","E","R","M","?","$","R","B",null,"M","?","$","M","M","R","E"],"character_chosen":"DEFECT","items_purchased":["Mummified Hand","Leap","Go for the Eyes+1"],"campfire_rested":2,"item_purchase_floors":[14,20,20],"current_hp_per_floor":[63,63,63,63,60,49,37,37,37,36,36,14,14,14,35,9,56,47,47,47,43,34,55,0],"gold":51,"neow_bonus":"RANDOM_COMMON_RELIC","is_prod":false,"is_daily":false,"chose_seed":false,"campfire_upgraded":2,"win_rate":0,"timestamp":1548999604,"path_taken":["M","M","?","M","M","E","M","R","T","E","R","M","?","$","R","BOSS","M","?","$","M","M","R","E"],"build_version":"2019-01-23","purchased_purges":0,"victory":false,"max_hp_per_floor":[71,71,71,71,71,71,71,71,71,71,71,71,71,71,71,71,71,71,71,71,71,71,71,71],"card_choices":[{"not_picked":["Redo","White Noise"],"picked":"Defragment","floor":1},{"not_picked":["Chaos","Consume"],"picked":"Ball Lightning","floor":2},{"not_picked":["Static Discharge","Melter"],"picked":"Recycle","floor":4},{"not_picked":["Chaos","Gash"],"picked":"Reinforced Body","floor":5},{"not_picked":["Tempest","Melter"],"picked":"Creative AI","floor":6},{"not_picked":["Beam Cell","White Noise"],"picked":"Self Repair","floor":7},{"not_picked":["Reinforced Body","Multi-Cast"],"picked":"Gash","floor":10},{"not_picked":["Hologram","Self Repair"],"picked":"Compile Driver+1","floor":12},{"not_picked":["Meteor Strike+1","Rainbow"],"picked":"Seek","floor":16},{"not_picked":["Streamline+1","Double Energy"],"picked":"Genetic Algorithm","floor":18},{"not_picked":["Gash+1","Cold Snap+1"],"picked":"Compile Driver+1","floor":21},{"not_picked":["Tempest","Consume","Double Energy"],"picked":"SKIP","floor":22},{"not_picked":["Tempest","Consume","Double Energy"],"picked":"SKIP","floor":22},{"not_picked":["Blizzard+1","Tempest"],"picked":"Heatsinks","floor":23}],"player_experience":753929,"relics_obtained":[{"floor":6,"key":"Darkstone Periapt"},{"floor":9,"key":"Dream Catcher"},{"floor":10,"key":"Molten Egg 2"}],"event_choices":[{"damage_healed":0,"gold_gain":0,"player_choice":"Ignored","damage_taken":0,"max_hp_gain":0,"max_hp_loss":0,"event_name":"Liars Game","floor":3,"gold_loss":0},{"damage_healed":0,"gold_gain":0,"player_choice":"Searched \u00270\u0027 times","damage_taken":0,"max_hp_gain":0,"max_hp_loss":0,"event_name":"Dead Adventurer","floor":13,"gold_loss":0},{"damage_healed":0,"gold_gain":0,"cards_transformed":["Strike_B","Strike_B"],"player_choice":"Became Test Subject","damage_taken":0,"max_hp_gain":0,"max_hp_loss":0,"event_name":"Drug Dealer","floor":19,"gold_loss":0,"cards_obtained":["Consume","FTL"]}],"is_beta":false,"boss_relics":[{"not_picked":["Tiny House","Calling Bell"],"picked":"Fusion Hammer"}],"items_purged_floors":[],"is_endless":false,"potions_floor_spawned":[4,5,6,10,12,18],"killed_by":"Slavers","ascension_level":20}