{"gold_per_floor":[11,25,36,50,65,94,107,124,150,150,150,150],"floor_reached":12,"playtime":981,"items_purged":[],"score":126,"play_id":"977413b4-23bb-41b6-ad9b-9b5f94e2bc9f","local_time":"20181019133428","is_ascension_mode":true,"campfire_choices":[],"neow_cost":"NO_GOLD","seed_source_timestamp":684384281593537,"circlet_count":0,"master_deck":["Strike_R","Strike_R","Defend_R","Defend_R","Defend_R","Defend_R","Bash","AscendersBane","Carnage","True Grit","Havoc","Body Slam","Juggernaut","Carnage","Seeing Red"],"relics":["Burning Blood","Happy Flower","Omamori","Blue Candle"],"potions_floor_usage":[5,6,6],"damage_taken":[{"damage":1,"enemies":"Cultist","floor":1,"turns":4},{"damage":9,"enemies":"Jaw Worm","floor":2,"turns":3},{"damage":0,"enemies":"Small Slimes","floor":3,"turns":3},{"damage":6,"enemies":"Exordium Wildlife","floor":4,"turns":5},{"damage":24,"enemies":"Large Slime","floor":5,"turns":10},{"damage":38,"enemies":"3 Sentries","floor":6,"turns":12},{"damage":24,"enemies":"Gremlin Gang","floor":7,"turns":10},{"damage":5,"enemies":"2 Fungi Beasts","floor":8,"turns":3},{"damage":17,"enemies":"3 Louse","floor":12,"turns":2}],"seed_played":"4337886837640100447","potions_obtained":[{"floor":1,"key":"Weak Potion"},{"floor":3,"key":"Explosive Potion"},{"floor":5,"key":"FearPotion"},{"floor":8,"key":"LiquidBronze"}],"is_trial":false,"path_per_floor":["M","M","M","M","M","E","M","M","T","?","T"],"character_chosen":"IRONCLAD","items_purchased":[],"campfire_rested":0,"item_purchase_floors":[],"current_hp_per_floor":[77,74,80,80,62,30,12,13,13,13,13,0],"gold":150,"neow_bonus":"REMOVE_TWO","is_prod":false,"is_daily":false,"chose_seed":false,"campfire_upgraded":0,"win_rate":0,"timestamp":1539970468,"path_taken":["M","M","?","M","?","E","M","M","T","?","?","M"],"build_version":"2018-10-18","purchased_purges":0,"victory":false,"max_hp_per_floor":[80,80,80,80,80,80,80,80,80,80,80,80],"card_choices":[{"not_picked":["Burning Pact","Sentinel"],"picked":"Carnage","floor":1},{"not_picked":["Entrench","Headbutt"],"picked":"True Grit","floor":2},{"not_picked":["Sword Boomerang","Wild Strike"],"picked":"Havoc","floor":3},{"not_picked":["Hemokinesis","True Grit","Combust"],"picked":"SKIP","floor":4},{"not_picked":["Thunderclap","Rage"],"picked":"Body Slam","floor":5},{"not_picked":["Entrench","Seeing Red"],"picked":"Juggernaut","floor":6},{"not_picked":["Blood for Blood","Anger"],"picked":"Carnage","floor":7},{"not_picked":["Corruption","Heavy Blade"],"picked":"Seeing Red","floor":8}],"player_experience":626298,"relics_obtained":[{"floor":6,"key":"Happy Flower"},{"floor":9,"key":"Omamori"},{"floor":11,"key":"Blue Candle"}],"event_choices":[{"cards_removed":["Strike_R"],"damage_healed":0,"gold_gain":0,"player_choice":"Purged","damage_taken":0,"max_hp_gain":0,"max_hp_loss":0,"event_name":"Purifier","floor":10,"gold_loss":0}],"is_beta":false,"boss_relics":[],"items_purged_floors":[],"is_endless":false,"potions_floor_spawned":[1,3,5,8],"killed_by":"3 Louse","ascension_level":10}