{"gold_per_floor":[117,130,143,210,227,227,238,263,345,345,345],"floor_reached":11,"playtime":633,"items_purged":[],"score":150,"play_id":"ca9cc4fe-eb60-44b9-b813-c19e91f70c26","local_time":"20190202202635","is_ascension_mode":true,"campfire_choices":[{"data":"Streamline","floor":6,"key":"SMITH"}],"neow_cost":"NONE","seed_source_timestamp":1376844562889198,"circlet_count":0,"master_deck":["AscendersBane","Strike_B","Strike_B","Strike_B","Strike_B","Defend_B","Defend_B","Defend_B","Defend_B","Zap+1","Dualcast","Steam","Streamline+1","Ball Lightning","Leap","Hologram"],"relics":["Cracked Core","Potion Belt"],"potions_floor_usage":[2,5,8],"damage_taken":[{"damage":0,"enemies":"Cultist","floor":1,"turns":3},{"damage":8,"enemies":"Small Slimes","floor":2,"turns":4},{"damage":11,"enemies":"2 Louse","floor":3,"turns":3},{"damage":2,"enemies":"Large Slime","floor":5,"turns":5},{"damage":19,"enemies":"Lots of Slimes","floor":7,"turns":4},{"damage":10,"enemies":"Lagavulin","floor":8,"turns":6},{"damage":32,"enemies":"The Mushroom Lair","floor":11,"turns":2}],"seed_played":"8648189545121493319","potions_obtained":[{"floor":1,"key":"Block Potion"},{"floor":3,"key":"Fire Potion"},{"floor":7,"key":"SpeedPotion"}],"is_trial":false,"path_per_floor":["M","M","M","?","M","R","M","E","T","?","?"],"character_chosen":"DEFECT","items_purchased":[],"campfire_rested":0,"item_purchase_floors":[],"current_hp_per_floor":[71,63,52,52,50,50,31,21,21,21,0],"gold":345,"neow_bonus":"TEN_PERCENT_HP_BONUS","is_prod":false,"is_daily":false,"chose_seed":false,"campfire_upgraded":1,"win_rate":0,"timestamp":1549167995,"path_taken":["M","M","?","?","M","R","M","E","T","?","?"],"build_version":"2019-01-23","purchased_purges":0,"victory":false,"max_hp_per_floor":[78,78,78,78,78,78,78,78,78,78,78],"card_choices":[{"not_picked":["Steam Power","Redo","Consume"],"picked":"SKIP","floor":1},{"not_picked":["Chaos","Fusion"],"picked":"Steam","floor":2},{"not_picked":["Rebound","Auto Shields"],"picked":"Streamline","floor":3},{"not_picked":["Force Field","Darkness"],"picked":"Ball Lightning","floor":5},{"not_picked":["Blizzard","Skim"],"picked":"Leap","floor":7},{"not_picked":["Turbo","Heatsinks"],"picked":"Hologram","floor":8}],"player_experience":806401,"relics_obtained":[{"floor":8,"key":"Potion Belt"}],"event_choices":[{"damage_healed":0,"gold_gain":67,"player_choice":"Gained Gold","damage_taken":0,"max_hp_gain":0,"max_hp_loss":0,"event_name":"Golden Wing","floor":4,"gold_loss":0},{"damage_healed":0,"gold_gain":0,"player_choice":"Grow","damage_taken":0,"max_hp_gain":0,"max_hp_loss":0,"event_name":"Living Wall","floor":10,"gold_loss":0,"cards_upgraded":["Zap"]},{"damage_healed":0,"gold_gain":0,"player_choice":"Fought Mushrooms","damage_taken":0,"max_hp_gain":0,"max_hp_loss":0,"event_name":"Mushrooms","floor":11,"gold_loss":0}],"is_beta":false,"boss_relics":[],"items_purged_floors":[],"is_endless":false,"potions_floor_spawned":[1,3,7],"killed_by":"The Mushroom Lair","ascension_level":20}