{"gold_per_floor":[115,115,130,205,205,215,215,231,231,256,274,292,52,80,80,80],"floor_reached":16,"playtime":1018,"items_purged":[],"score":153,"play_id":"d9b8f29f-7ea4-4413-9776-0c8dbb2ab489","local_time":"20190124155646","is_ascension_mode":true,"campfire_choices":[{"data":"Well Laid Plans","floor":7,"key":"SMITH"},{"floor":15,"key":"REST"}],"neow_cost":"NONE","seed_source_timestamp":483839790578201,"circlet_count":0,"master_deck":["AscendersBane","Defend_G","Defend_G","Defend_G","Defend_G","Defend_G","Strike_G","Strike_G","Strike_G","Strike_G","Strike_G","Survivor","Neutralize","Deep Breath","Well Laid Plans+1","Backflip","Sucker Punch","Escape Plan","Poisoned Stab","Footwork","PiercingWail"],"relics":["Ring of the Snake","Blue Candle","Pen Nib","PrismaticShard","Girya"],"potions_floor_usage":[16],"damage_taken":[{"damage":4,"enemies":"Small Slimes","floor":1,"turns":4},{"damage":0,"enemies":"2 Louse","floor":3,"turns":3},{"damage":7,"enemies":"Jaw Worm","floor":6,"turns":5},{"damage":10,"enemies":"Exordium Thugs","floor":8,"turns":7},{"damage":11,"enemies":"Large Slime","floor":11,"turns":10},{"damage":14,"enemies":"Lots of Slimes","floor":12,"turns":5},{"damage":9,"enemies":"3 Sentries","floor":14,"turns":14},{"damage":26,"enemies":"Hexaghost","floor":16,"turns":13}],"seed_played":"-4181858951005940310","potions_obtained":[{"floor":6,"key":"FearPotion"},{"floor":11,"key":"Poison Potion"}],"is_trial":false,"path_per_floor":["M","?","M","?","?","M","R","M","T","T","M","M","$","E","R","B"],"character_chosen":"THE_SILENT","items_purchased":["PrismaticShard","Footwork"],"campfire_rested":1,"item_purchase_floors":[13,13],"current_hp_per_floor":[59,64,64,53,53,46,46,36,36,36,25,11,11,2,24,0],"gold":80,"neow_bonus":"RANDOM_COLORLESS","is_prod":false,"is_daily":false,"chose_seed":false,"campfire_upgraded":1,"win_rate":0,"timestamp":1548363406,"path_taken":["M","?","M","?","?","M","R","M","T","?","M","M","?","E","R","BOSS"],"build_version":"2019-01-23","purchased_purges":0,"victory":false,"max_hp_per_floor":[70,75,75,75,75,75,75,75,75,75,75,75,75,75,75,75],"card_choices":[{"not_picked":["Deadly Poison","Prepared"],"picked":"Well Laid Plans","floor":1},{"not_picked":["Prepared","Accuracy"],"picked":"Backflip","floor":3},{"not_picked":["Slice","Bouncing Flask"],"picked":"Sucker Punch","floor":6},{"not_picked":["Endless Agony","Blade Dance"],"picked":"Escape Plan","floor":8},{"not_picked":["Bullet Time","Backstab"],"picked":"Poisoned Stab","floor":11},{"not_picked":["Finisher","Sucker Punch","Outmaneuver"],"picked":"SKIP","floor":12},{"not_picked":["Stack","Compile Driver"],"picked":"PiercingWail","floor":14}],"player_experience":559972,"relics_obtained":[{"floor":9,"key":"Blue Candle"},{"floor":10,"key":"Pen Nib"},{"floor":14,"key":"Girya"}],"event_choices":[{"damage_healed":0,"gold_gain":0,"player_choice":"Donut","damage_taken":0,"max_hp_gain":5,"max_hp_loss":0,"event_name":"Big Fish","floor":2,"gold_loss":0},{"damage_healed":0,"gold_gain":75,"player_choice":"Gather Gold","damage_taken":11,"max_hp_gain":0,"max_hp_loss":0,"event_name":"World of Goop","floor":4,"gold_loss":0},{"damage_healed":0,"gold_gain":0,"player_choice":"Ignored","damage_taken":0,"max_hp_gain":0,"max_hp_loss":0,"event_name":"Golden Idol","floor":5,"gold_loss":0}],"is_beta":true,"boss_relics":[],"items_purged_floors":[],"is_endless":false,"potions_floor_spawned":[6,11],"killed_by":"Hexaghost","ascension_level":10}