{"gold_per_floor":[111,131,184,18,29,58,75,92,162,162,162,172,188,203,203,277,277,290,290,3,18,18,18,18,45,45,71,90,90,104,104,104,179,179,198,218,318,335,23,56,91,103,103,103,130,130,161,177,177,177],"floor_reached":51,"playtime":8535,"items_purged":["Strike_B"],"score":1315,"play_id":"b99d17ec-4085-43bf-9e0a-916d515c18a0","local_time":"20190103224853","is_ascension_mode":true,"campfire_choices":[{"floor":11.0,"key":"REST"},{"floor":15.0,"key":"REST"},{"data":"Storm","floor":23.0,"key":"SMITH"},{"data":"Coolheaded","floor":29.0,"key":"SMITH"},{"floor":32.0,"key":"REST"},{"data":"Fission","floor":46,"key":"SMITH"},{"floor":49,"key":"DIG"}],"neow_cost":"NONE","seed_source_timestamp":0,"circlet_count":0,"master_deck":["AscendersBane","Strike_B","Strike_B+1","Strike_B+1","Defend_B","Defend_B","Defend_B","Defend_B","Zap+1","Dualcast","Capacitor","All For One","Defragment+1","Reprogram","Leap","Coolheaded+1","Storm+1","Self Repair","Heatsinks","Hologram","Conserve Battery","Electrodynamics","Compile Driver","Coolheaded+1","Thunder Strike","Compile Driver","FTL","Cold Snap","Defragment+1","Echo Form","Self Repair","Defragment","Self Repair+1","Heatsinks","Glacier","Fission+1","Barrage","Seek","Tempest","Conserve Battery","Amplify","Consume+1"],"special_seed":0,"relics":["Cracked Core","Smiling Mask","WingedGreaves","Mercury Hourglass","Velvet Choker","Calipers","Bird Faced Urn","Oddly Smooth Stone","Dodecahedron","Whetstone","Black Star","Torii","Ice Cream","Shovel","Ancient Tea Set","Gremlin Horn","Kunai","Pantograph","Anchor","Turnip","Blood Vial","Regal Pillow","Centennial Puzzle"],"potions_floor_usage":[],"damage_taken":[{"damage":1.0,"enemies":"Cultist","floor":1.0,"turns":3.0},{"damage":0.0,"enemies":"2 Louse","floor":2.0,"turns":2.0},{"damage":8.0,"enemies":"Small Slimes","floor":5.0,"turns":4.0},{"damage":20.0,"enemies":"Lagavulin","floor":6.0,"turns":8.0},{"damage":29.0,"enemies":"Exordium Wildlife","floor":7.0,"turns":9.0},{"damage":7.0,"enemies":"2 Fungi Beasts","floor":8.0,"turns":4.0},{"damage":13.0,"enemies":"Exordium Thugs","floor":12.0,"turns":4.0},{"damage":17.0,"enemies":"3 Louse","floor":13.0,"turns":3.0},{"damage":0.0,"enemies":"Exordium Wildlife","floor":14.0,"turns":3.0},{"damage":38.0,"enemies":"The Guardian","floor":16.0,"turns":12.0},{"damage":7.0,"enemies":"Shell Parasite","floor":18.0,"turns":6.0},{"damage":15.0,"enemies":"2 Thieves","floor":21.0,"turns":3.0},{"damage":22.0,"enemies":"Colosseum Slavers","floor":22.0,"turns":4.0},{"damage":31.0,"enemies":"Gremlin Leader","floor":25.0,"turns":6.0},{"damage":27.0,"enemies":"Slavers","floor":27.0,"turns":3.0},{"damage":8.0,"enemies":"Chosen and Byrds","floor":28.0,"turns":3.0},{"damage":19.0,"enemies":"Centurion and Healer","floor":30.0,"turns":4.0},{"damage":30.0,"enemies":"Champ","floor":33.0,"turns":10.0},{"damage":18.0,"enemies":"Orb Walker","floor":35.0,"turns":4.0},{"damage":25.0,"enemies":"3 Darklings","floor":36.0,"turns":4.0},{"damage":7.0,"enemies":"Mind Bloom Boss Battle","floor":37.0,"turns":7.0},{"damage":0.0,"enemies":"Sphere and 2 Shapes","floor":38.0,"turns":3.0},{"damage":60.0,"enemies":"Reptomancer","floor":40.0,"turns":6.0},{"damage":10.0,"enemies":"Giant Head","floor":41.0,"turns":9.0},{"damage":52.0,"enemies":"Transient","floor":42.0,"turns":5.0},{"damage":19,"enemies":"Reptomancer","floor":45,"turns":4},{"damage":28,"enemies":"Nemesis","floor":47,"turns":5},{"damage":0,"enemies":"4 Shapes","floor":48,"turns":2},{"damage":61,"enemies":"Donu and Deca","floor":50,"turns":5}],"seed_played":"-4164902764965350366","potions_obtained":[{"floor":2.0,"key":"Strength Potion"},{"floor":6.0,"key":"FairyPotion"},{"floor":13.0,"key":"FairyPotion"}],"is_trial":false,"path_per_floor":["M","M","T","$","M","E","M","M","T","?","R","M","M","M","R","B",null,"M","?","$","M","?","R","?","E","T","E","M","R","M","?","R","B",null,"M","M","?","M","$","E","E","M","T","?","E","R","E","M","R","B",null],"character_chosen":"DEFECT","items_purchased":["Defragment","Reprogram","Bird Faced Urn","Ice Cream"],"campfire_rested":3,"item_purchase_floors":[4,4,20,39],"current_hp_per_floor":[70,70,70,70,62,42,13,6,6,6,29,23,13,20,43,12,62,62,62,62,55,52,52,52,40,40,30,39,39,39,39,62,53,72,71,59,77,78,78,49,78,57,57,57,78,78,69,78,78,43],"gold":177,"neow_bonus":"TEN_PERCENT_HP_BONUS","is_prod":false,"is_daily":false,"chose_seed":false,"campfire_upgraded":3,"win_rate":0,"timestamp":1546573733,"path_taken":["M","M","?","$","M","E","M","?","T","?","R","M","M","?","R","BOSS","M","?","$","M","?","R","?","E","T","E","?","R","M","?","R","BOSS","M","M","?","M","$","E","E","M","T","?","E","R","E","M","R","BOSS"],"build_version":"2019-01-03","purchased_purges":1,"victory":true,"max_hp_per_floor":[78,78,78,78,78,78,78,78,78,78,78,78,78,78,78,78,78,78,78,78,78,78,78,78,78,78,78,78,78,78,78,78,78,78,78,78,78,78,78,78,78,78,78,78,78,78,78,78,78,78],"card_choices":[{"not_picked":["Rebound","Stack"],"picked":"Capacitor","floor":1.0},{"not_picked":["Leap","Conserve Battery"],"picked":"All For One","floor":2.0},{"not_picked":["Recycle","Streamline"],"picked":"Leap","floor":5.0},{"not_picked":["Gash","Melter"],"picked":"Coolheaded","floor":6.0},{"not_picked":["Steam Power","Gash"],"picked":"Storm","floor":7.0},{"not_picked":["Go for the Eyes","Force Field"],"picked":"Self Repair","floor":8.0},{"not_picked":["Doom and Gloom","Reprogram"],"picked":"Heatsinks","floor":12.0},{"not_picked":["Gash","Stack"],"picked":"Hologram","floor":13.0},{"not_picked":["Stack","Loop"],"picked":"Conserve Battery","floor":14.0},{"not_picked":["Thunder Strike","All For One"],"picked":"Electrodynamics","floor":16.0},{"not_picked":["Turbo","Reinforced Body"],"picked":"Compile Driver","floor":18.0},{"not_picked":["Turbo","Rebound"],"picked":"Coolheaded+1","floor":21.0},{"not_picked":["Rebound","Coolheaded"],"picked":"Thunder Strike","floor":25.0},{"not_picked":["Turbo","Skim"],"picked":"Compile Driver","floor":27.0},{"not_picked":["Compile Driver","Turbo"],"picked":"FTL","floor":28.0},{"not_picked":["Leap","Redo"],"picked":"Cold Snap","floor":30.0},{"not_picked":["Seek","Core Surge"],"picked":"Echo Form","floor":33.0},{"not_picked":["Melter","Rebound"],"picked":"Self Repair","floor":35.0},{"not_picked":["Gash","Fusion"],"picked":"Defragment","floor":36.0},{"not_picked":["Streamline+1","Stack"],"picked":"Self Repair+1","floor":37.0},{"not_picked":["Sweeping Beam","Defragment"],"picked":"Heatsinks","floor":38.0},{"not_picked":["Cold Snap","Sweeping Beam"],"picked":"Glacier","floor":40.0},{"not_picked":["Barrage+1","Rebound+1"],"picked":"Fission","floor":41.0},{"not_picked":["Compile Driver+1","Darkness"],"picked":"Barrage","floor":42.0},{"not_picked":["Rebound","Recycle"],"picked":"Conserve Battery","floor":45},{"not_picked":["Capacitor","Doom and Gloom+1"],"picked":"Amplify","floor":47},{"not_picked":["Beam Cell+1","Static Discharge"],"picked":"Consume+1","floor":48}],"player_experience":813086,"relics_obtained":[{"floor":3.0,"key":"Smiling Mask"},{"floor":6.0,"key":"WingedGreaves"},{"floor":9.0,"key":"Mercury Hourglass"},{"floor":25.0,"key":"Oddly Smooth Stone"},{"floor":26.0,"key":"Dodecahedron"},{"floor":27.0,"key":"Whetstone"},{"floor":37.0,"key":"Torii"},{"floor":40.0,"key":"Shovel"},{"floor":40.0,"key":"Ancient Tea Set"},{"floor":41.0,"key":"Gremlin Horn"},{"floor":41.0,"key":"Kunai"},{"floor":43.0,"key":"Pantograph"},{"floor":45,"key":"Anchor"},{"floor":45,"key":"Turnip"},{"floor":47,"key":"Blood Vial"},{"floor":47,"key":"Regal Pillow"},{"floor":49,"key":"Centennial Puzzle"}],"event_choices":[{"damage_healed":0.0,"max_hp_gain":0.0,"max_hp_loss":0.0,"gold_gain":0.0,"event_name":"Upgrade Shrine","player_choice":"Upgraded","floor":10.0,"gold_loss":0.0,"damage_taken":0.0,"cards_upgraded":["Zap"]},{"damage_healed":0.0,"max_hp_gain":0.0,"max_hp_loss":0.0,"gold_gain":0.0,"event_name":"The Mausoleum","player_choice":"Opened","floor":19.0,"gold_loss":0.0,"damage_taken":0.0,"relics_obtained":["Calipers"]},{"damage_healed":0.0,"max_hp_gain":0.0,"max_hp_loss":0.0,"gold_gain":0.0,"event_name":"Colosseum","player_choice":"Fight","floor":22.0,"gold_loss":0.0,"damage_taken":0.0},{"damage_healed":0.0,"max_hp_gain":0.0,"max_hp_loss":0.0,"gold_gain":0.0,"event_name":"Colosseum","player_choice":"Fled From Nobs","floor":22.0,"gold_loss":0.0,"damage_taken":0.0},{"damage_healed":0.0,"max_hp_gain":0.0,"max_hp_loss":0.0,"gold_gain":0.0,"event_name":"Upgrade Shrine","player_choice":"Upgraded","floor":24.0,"gold_loss":0.0,"damage_taken":0.0,"cards_upgraded":["Defragment"]},{"damage_healed":0.0,"max_hp_gain":0.0,"max_hp_loss":0.0,"gold_gain":0.0,"event_name":"Duplicator","player_choice":"Copied","floor":31.0,"gold_loss":0.0,"damage_taken":0.0,"cards_obtained":["Defragment"]},{"damage_healed":0.0,"max_hp_gain":0.0,"max_hp_loss":0.0,"gold_gain":0.0,"event_name":"MindBloom","player_choice":"Fight","floor":37.0,"gold_loss":0.0,"damage_taken":0.0},{"damage_healed":0,"gold_gain":0,"player_choice":"2 cards matched","damage_taken":0,"max_hp_gain":0,"max_hp_loss":0,"event_name":"Match and Keep!","floor":44,"gold_loss":0,"cards_obtained":["Seek","Tempest"]}],"is_beta":false,"boss_relics":[{"not_picked":["Philosopher\u0027s Stone","Inserter"],"picked":"Velvet Choker"},{"not_picked":["White Beast Statue","Busted Crown"],"picked":"Black Star"}],"items_purged_floors":[4],"is_endless":false,"potions_floor_spawned":[2,6,7,13,14,25,27,30,33,35,36,38,40],"ascension_level":14}