{"gold_per_floor":[210,227,251,267,17,46,111,111,167,201,279,279,291,303,303,407,407,423,423,31,31,49,83,83],"floor_reached":24,"playtime":909,"items_purged":["Strike_R+1"],"score":294,"play_id":"5a72dad7-717f-43c3-863c-7839160294cc","local_time":"20190122224239","is_ascension_mode":true,"campfire_choices":[{"data":"Bash","floor":8,"key":"SMITH"},{"data":"Armaments","floor":15,"key":"SMITH"}],"neow_cost":"NONE","seed_source_timestamp":444824518061667,"circlet_count":0,"master_deck":["Defend_R+1","Defend_R+1","Defend_R+1","Defend_R+1","Bash+1","Iron Wave","Inflame","Cleave","Headbutt","Sword Boomerang","Metallicize","Pommel Strike","Armaments+1","Juggernaut+1","Clothesline+1","True Grit","Bite","Bite","Bite","Bite","Bite"],"relics":["Burning Blood","Omamori","Mercury Hourglass","Ancient Tea Set","Smiling Mask","Tiny Chest","Oddly Smooth Stone","Frozen Egg 2","White Beast Statue","Dead Branch","Centennial Puzzle"],"potions_floor_usage":[10,23],"damage_taken":[{"damage":1,"enemies":"Cultist","floor":1,"turns":3},{"damage":7,"enemies":"Jaw Worm","floor":2,"turns":3},{"damage":1,"enemies":"2 Louse","floor":4,"turns":3},{"damage":30,"enemies":"Lagavulin","floor":6,"turns":7},{"damage":32,"enemies":"Lagavulin Event","floor":7,"turns":5},{"damage":8,"enemies":"Gremlin Nob","floor":10,"turns":3},{"damage":6,"enemies":"Exordium Thugs","floor":13,"turns":3},{"damage":6,"enemies":"3 Louse","floor":14,"turns":2},{"damage":60,"enemies":"Hexaghost","floor":16,"turns":10},{"damage":24,"enemies":"Chosen","floor":18,"turns":4},{"damage":13,"enemies":"2 Thieves","floor":22,"turns":5},{"damage":54,"enemies":"Gremlin Leader","floor":23,"turns":9},{"damage":14,"enemies":"Shelled Parasite and Fungi","floor":24,"turns":1}],"seed_played":"7914766827891448591","potions_obtained":[{"floor":4,"key":"Energy Potion"},{"floor":13,"key":"LiquidBronze"},{"floor":14,"key":"BloodPotion"},{"floor":18,"key":"SteroidPotion"},{"floor":23,"key":"Swift Potion"}],"is_trial":false,"path_per_floor":["M","M","T","M","$","E","?","R","T","E","T","?","M","M","R","B",null,"M","?","$","?","M","E","M"],"character_chosen":"IRONCLAD","items_purchased":["Mercury Hourglass","Dead Branch","True Grit"],"campfire_rested":0,"item_purchase_floors":[5,20,20],"current_hp_per_floor":[80,79,79,80,80,56,30,30,30,28,28,80,80,80,80,26,80,62,62,62,56,51,10,0],"gold":83,"neow_bonus":"HUNDRED_GOLD","is_prod":false,"is_daily":false,"chose_seed":false,"campfire_upgraded":2,"win_rate":0,"timestamp":1548225759,"path_taken":["M","M","?","M","$","E","?","R","T","E","?","?","?","M","R","BOSS","M","?","$","?","M","E","M"],"build_version":"2019-01-17v2","purchased_purges":1,"victory":false,"max_hp_per_floor":[80,80,80,80,80,80,80,80,80,80,80,80,80,80,80,80,80,80,80,80,56,56,56,56],"card_choices":[{"not_picked":["Thunderclap","Seeing Red"],"picked":"Iron Wave","floor":1},{"not_picked":["Ghostly Armor","Perfected Strike"],"picked":"Inflame","floor":2},{"not_picked":["Inflame","Warcry"],"picked":"Cleave","floor":4},{"not_picked":["Searing Blow","Battle Trance"],"picked":"Headbutt","floor":6},{"not_picked":["Inflame","Perfected Strike"],"picked":"Sword Boomerang","floor":7},{"not_picked":["Iron Wave","Reaper"],"picked":"Metallicize","floor":10},{"not_picked":["Clothesline","Combust+1"],"picked":"Pommel Strike","floor":13},{"not_picked":["Warcry","Clash"],"picked":"Armaments","floor":14},{"not_picked":["Barricade+1","Feed"],"picked":"Juggernaut+1","floor":16},{"not_picked":["Flex+1","Metallicize+1"],"picked":"Clothesline+1","floor":18},{"not_picked":["Havoc+1","Clothesline","Dropkick+1"],"picked":"SKIP","floor":22},{"not_picked":["Iron Wave","Twin Strike","Pommel Strike"],"picked":"SKIP","floor":23}],"player_experience":248837,"relics_obtained":[{"floor":3,"key":"Omamori"},{"floor":6,"key":"Ancient Tea Set"},{"floor":7,"key":"Smiling Mask"},{"floor":9,"key":"Tiny Chest"},{"floor":10,"key":"Oddly Smooth Stone"},{"floor":11,"key":"Frozen Egg 2"},{"floor":23,"key":"Centennial Puzzle"}],"event_choices":[{"damage_healed":0,"gold_gain":0,"player_choice":"Searched \u00272\u0027 times","damage_taken":0,"max_hp_gain":0,"max_hp_loss":0,"event_name":"Dead Adventurer","floor":7,"gold_loss":0},{"damage_healed":52,"gold_gain":0,"player_choice":"Full Heal","damage_taken":0,"max_hp_gain":0,"max_hp_loss":0,"event_name":"Wheel of Change","floor":12,"gold_loss":0},{"damage_healed":0,"gold_gain":0,"player_choice":"Simplicity","damage_taken":0,"max_hp_gain":0,"max_hp_loss":0,"event_name":"Back to Basics","floor":19,"gold_loss":0,"cards_upgraded":["Strike_R","Strike_R","Strike_R","Strike_R","Strike_R","Defend_R","Defend_R","Defend_R","Defend_R"]},{"damage_healed":0,"gold_gain":0,"player_choice":"Became a vampire","damage_taken":0,"max_hp_gain":0,"max_hp_loss":24,"event_name":"Vampires","floor":21,"gold_loss":0,"cards_obtained":["Bite","Bite","Bite","Bite","Bite"]}],"is_beta":false,"boss_relics":[{"not_picked":["Pandora\u0027s Box","Calling Bell"],"picked":"White Beast Statue"}],"items_purged_floors":[20],"is_endless":false,"potions_floor_spawned":[4,13,14,18,22,23],"killed_by":"Shelled Parasite and Fungi","ascension_level":4}