{"gold_per_floor":[116,130,140,140,140,50,81,81,81,81,106,142,142,166,166,166],"floor_reached":16,"playtime":1228,"items_purged":[],"score":190,"play_id":"8d102106-34f7-4821-bc40-b9e0ec31ed0e","local_time":"20190209224416","is_ascension_mode":true,"campfire_choices":[{"floor":8,"key":"REST"},{"floor":13,"key":"REST"},{"data":"Footwork","floor":15,"key":"SMITH"}],"neow_cost":"NONE","seed_source_timestamp":33027726622042,"circlet_count":0,"master_deck":["AscendersBane","Defend_G","Defend_G","Defend_G","Defend_G","Defend_G","Strike_G","Strike_G","Strike_G","Strike_G","Strike_G","Survivor","Neutralize","Backflip","Dash","Dagger Spray","Injury","Footwork+1","Prepared","Acrobatics","Underhanded Strike","Acrobatics"],"relics":["White Beast Statue","Golden Idol","Snake Skull","Happy Flower","Bottled Lightning","Odd Mushroom"],"potions_floor_usage":[2,7,7,16,16],"damage_taken":[{"damage":1,"enemies":"2 Louse","floor":1,"turns":3},{"damage":2,"enemies":"Jaw Worm","floor":2,"turns":4},{"damage":8,"enemies":"Small Slimes","floor":3,"turns":4},{"damage":17,"enemies":"3 Sentries","floor":7,"turns":11},{"damage":0,"enemies":"2 Fungi Beasts","floor":11,"turns":4},{"damage":10,"enemies":"The Mushroom Lair","floor":12,"turns":6},{"damage":3,"enemies":"Blue Slaver","floor":14,"turns":6},{"damage":68,"enemies":"Slime Boss","floor":16,"turns":11}],"seed_played":"-2154979474504219855","potions_obtained":[{"floor":1,"key":"Block Potion"},{"floor":2,"key":"Block Potion"},{"floor":3,"key":"SneckoOil"},{"floor":7,"key":"Block Potion"},{"floor":11,"key":"LiquidBronze"},{"floor":12,"key":"Explosive Potion"},{"floor":14,"key":"Regen Potion"}],"is_trial":false,"path_per_floor":["M","M","M","?","?","$","E","R","T","?","M","?","R","M","R","B"],"character_chosen":"THE_SILENT","items_purchased":["Footwork"],"campfire_rested":2,"item_purchase_floors":[6],"current_hp_per_floor":[58,56,48,48,43,43,26,45,45,45,45,35,54,51,51,0],"gold":166,"neow_bonus":"BOSS_RELIC","is_prod":false,"is_daily":false,"chose_seed":false,"campfire_upgraded":1,"win_rate":0,"timestamp":1549770256,"path_taken":["M","M","M","?","?","$","E","R","T","?","M","?","R","M","R","BOSS"],"build_version":"2019-01-23","purchased_purges":0,"victory":false,"max_hp_per_floor":[66,66,66,66,66,66,66,66,66,66,66,66,66,66,66,66],"card_choices":[{"not_picked":["Dodge and Roll","Acrobatics"],"picked":"Backflip","floor":1},{"not_picked":["Glass Knife","Dagger Spray"],"picked":"Dash","floor":2},{"not_picked":["Escape Plan","Expertise"],"picked":"Dagger Spray","floor":3},{"not_picked":["Underhanded Strike","Sucker Punch"],"picked":"Prepared","floor":7},{"not_picked":["Riddle With Holes","Dagger Throw"],"picked":"Acrobatics","floor":11},{"not_picked":["Dodge and Roll","Eviscerate"],"picked":"Underhanded Strike","floor":12},{"not_picked":["Night Terror","Slice"],"picked":"Acrobatics","floor":14}],"player_experience":1046832,"relics_obtained":[{"floor":7,"key":"Happy Flower"},{"floor":9,"key":"Bottled Lightning"},{"floor":12,"key":"Odd Mushroom"}],"event_choices":[{"damage_healed":0,"gold_gain":0,"player_choice":"Take Wound","damage_taken":0,"relics_obtained":["Golden Idol"],"max_hp_gain":0,"max_hp_loss":0,"event_name":"Golden Idol","floor":4,"gold_loss":0,"cards_obtained":["Injury"]},{"damage_healed":0,"gold_gain":0,"player_choice":"Success","damage_taken":5,"relics_obtained":["Snake Skull"],"max_hp_gain":0,"max_hp_loss":0,"event_name":"Scrap Ooze","floor":5,"gold_loss":0},{"damage_healed":0,"gold_gain":0,"player_choice":"Ignored","damage_taken":0,"max_hp_gain":0,"max_hp_loss":0,"event_name":"Shining Light","floor":10,"gold_loss":0},{"damage_healed":0,"gold_gain":0,"player_choice":"Fought Mushrooms","damage_taken":0,"max_hp_gain":0,"max_hp_loss":0,"event_name":"Mushrooms","floor":12,"gold_loss":0}],"is_beta":false,"boss_relics":[],"items_purged_floors":[],"is_endless":false,"potions_floor_spawned":[1,2,3,7,11,12,14],"killed_by":"Slime Boss","ascension_level":18}