{"gold_per_floor":[115,127,137,148,162,162,187,187,187,217,233,233,251,266,266,369,369,388,406,422,422,439,439,470,745,771,797,797,823,837,62,62,161,161,177,177,30,45,45,45,75,125,125,154,166,166,177,206,206,206],"floor_reached":51,"playtime":5031,"items_purged":["Regret"],"score":1274,"play_id":"7b89c33f-6e98-4c19-babc-aac2db580008","local_time":"20180928144526","is_ascension_mode":true,"campfire_choices":[{"data":"Flame Barrier","floor":6.0,"key":"SMITH"},{"data":"Perfected Strike","floor":8.0,"key":"SMITH"},{"data":"Inflame","floor":15.0,"key":"SMITH"},{"data":"Barricade","floor":23.0,"key":"SMITH"},{"data":"Armaments","floor":28.0,"key":"SMITH"},{"data":"Uppercut","floor":32.0,"key":"SMITH"},{"data":"Perfected Strike","floor":40.0,"key":"SMITH"},{"data":"Perfected Strike","floor":46.0,"key":"SMITH"},{"data":"Shockwave","floor":49.0,"key":"SMITH"}],"neow_cost":"PERCENT_DAMAGE","seed_source_timestamp":575275126810013,"circlet_count":0,"master_deck":["Strike_R+1","Strike_R+1","Strike_R+1","Strike_R+1","Strike_R+1","Defend_R+1","Defend_R+1","Defend_R+1","Flame Barrier+1","Pommel Strike","Shockwave+1","Reaper","Intimidate","Perfected Strike+1","Perfected Strike+1","Twin Strike","Shrug It Off","Twin Strike","Iron Wave","Clothesline","Inflame+1","Barricade+1","Spot Weakness+1","Pommel Strike","Armaments+1","Uppercut+1","Injury","Ghostly Armor+1","Pommel Strike","Perfected Strike+1","Limit Break+1","Bandage Up+1","Secret Weapon+1","Impervious+1","Battle Trance+1","Fire Breathing","Perfected Strike","Writhe","Warcry+1"],"special_seed":0,"relics":["Burning Blood","Ginger","Blue Candle","Prayer Wheel","Cursed Key","Toxic Egg 2","Orichalcum","Bag of Preparation","Pear","Dodecahedron","Busted Crown","Ancient Tea Set","Singing Bowl","Incense Burner","Paper Frog","Matryoshka","Self Forming Clay"],"potions_floor_usage":[50,50,50],"damage_taken":[{"damage":1.0,"enemies":"Cultist","floor":1.0,"turns":3.0},{"damage":0.0,"enemies":"Small Slimes","floor":2.0,"turns":3.0},{"damage":2.0,"enemies":"Jaw Worm","floor":3.0,"turns":4.0},{"damage":0.0,"enemies":"3 Louse","floor":4.0,"turns":4.0},{"damage":21.0,"enemies":"Blue Slaver","floor":5.0,"turns":5.0},{"damage":55.0,"enemies":"3 Sentries","floor":7.0,"turns":15.0},{"damage":24.0,"enemies":"Gremlin Nob","floor":10.0,"turns":4.0},{"damage":1.0,"enemies":"Red Slaver","floor":11.0,"turns":3.0},{"damage":0.0,"enemies":"Looter","floor":13.0,"turns":1.0},{"damage":0.0,"enemies":"Gremlin Gang","floor":14.0,"turns":5.0},{"damage":0.0,"enemies":"Slime Boss","floor":16.0,"turns":6.0},{"damage":12.0,"enemies":"Chosen","floor":18.0,"turns":3.0},{"damage":1.0,"enemies":"Shell Parasite","floor":19.0,"turns":2.0},{"damage":2.0,"enemies":"Chosen and Byrds","floor":20.0,"turns":3.0},{"damage":21.0,"enemies":"Snake Plant","floor":22.0,"turns":4.0},{"damage":14.0,"enemies":"Slavers","floor":24.0,"turns":3.0},{"damage":21.0,"enemies":"Book of Stabbing","floor":27.0,"turns":5.0},{"damage":11.0,"enemies":"Gremlin Leader","floor":29.0,"turns":7.0},{"damage":4.0,"enemies":"3 Cultists","floor":30.0,"turns":5.0},{"damage":23.0,"enemies":"Collector","floor":33.0,"turns":5.0},{"damage":12.0,"enemies":"3 Darklings","floor":35.0,"turns":7.0},{"damage":0.0,"enemies":"3 Shapes","floor":38.0,"turns":2.0},{"damage":1.0,"enemies":"Nemesis","floor":41.0,"turns":5.0},{"damage":20.0,"enemies":"Mysterious Sphere","floor":42.0,"turns":5.0},{"damage":9.0,"enemies":"2 Orb Walkers","floor":44.0,"turns":5.0},{"damage":1.0,"enemies":"3 Darklings","floor":45.0,"turns":5.0},{"damage":0.0,"enemies":"Transient","floor":47.0,"turns":5.0},{"damage":0.0,"enemies":"Giant Head","floor":48.0,"turns":6.0},{"damage":33,"enemies":"Donu and Deca","floor":50,"turns":6}],"seed_played":"6128177323380067435","potions_obtained":[{"floor":1.0,"key":"Energy Potion"},{"floor":2.0,"key":"EssenceOfSteel"},{"floor":4.0,"key":"Weak Potion"},{"floor":10.0,"key":"PowerPotion"},{"floor":11.0,"key":"Strength Potion"},{"floor":14.0,"key":"Energy Potion"},{"floor":18.0,"key":"SkillPotion"},{"floor":24.0,"key":"Strength Potion"},{"floor":29.0,"key":"SkillPotion"},{"floor":35.0,"key":"SkillPotion"},{"floor":44.0,"key":"Strength Potion"}],"is_trial":false,"path_per_floor":["M","M","M","M","M","R","E","R","T","E","M","?","M","M","R","B",null,"M","M","M","?","M","R","E","?","T","E","R","E","M","$","R","B",null,"M","?","$","M","?","R","E","?","T","E","M","R","M","E","R","B"],"character_chosen":"IRONCLAD","items_purchased":["Dodecahedron","Limit Break+1","Bandage Up+1","Secret Weapon+1","Ancient Tea Set"],"campfire_rested":0,"item_purchase_floors":[31,31,31,31,37],"current_hp_per_floor":[69,75,79,85,76,76,45,45,45,31,40,33,39,55,55,61,87,82,87,91,91,85,85,88,88,88,73,73,96,106,106,106,89,102,106,106,106,106,106,106,108,108,108,108,114,114,116,118,118,97],"gold":206,"neow_bonus":"TWENTY_PERCENT_HP_BONUS","is_prod":false,"is_daily":false,"chose_seed":false,"campfire_upgraded":9,"win_rate":0,"timestamp":1538160326,"path_taken":["M","M","?","M","?","R","E","R","T","E","M","?","M","M","R","BOSS","M","M","M","?","M","R","E","?","T","E","R","E","M","?","R","BOSS","M","?","$","M","?","R","E","?","T","E","M","R","?","E","R","BOSS"],"build_version":"2018-09-27","purchased_purges":1,"victory":true,"max_hp_per_floor":[96,96,96,96,96,96,96,96,96,96,96,96,96,96,96,96,96,96,96,96,96,96,96,96,96,96,96,96,106,106,106,106,106,106,106,106,106,106,106,106,108,108,108,110,114,114,116,118,118,118],"card_choices":[{"not_picked":["Shrug It Off","Thunderclap"],"picked":"Flame Barrier","floor":1.0},{"not_picked":["Cleave","Body Slam"],"picked":"Pommel Strike","floor":2.0},{"not_picked":["Reckless Charge","Blood for Blood"],"picked":"Shockwave","floor":3.0},{"not_picked":["Armaments","Wild Strike"],"picked":"Reaper","floor":4.0},{"not_picked":["Thunderclap","Cleave"],"picked":"Intimidate","floor":5.0},{"not_picked":["Infernal Blade","True Grit"],"picked":"Perfected Strike","floor":7.0},{"not_picked":["Battle Trance","Disarm"],"picked":"Perfected Strike","floor":10.0},{"not_picked":["Sentinel","Sword Boomerang"],"picked":"Twin Strike","floor":11.0},{"not_picked":["Intimidate","Warcry"],"picked":"Shrug It Off","floor":11.0},{"not_picked":["Headbutt","True Grit"],"picked":"Twin Strike","floor":13.0},{"not_picked":["Thunderclap","Intimidate"],"picked":"Iron Wave","floor":13.0},{"not_picked":["Searing Blow","Combust"],"picked":"Clothesline","floor":14.0},{"not_picked":["Clothesline","Warcry"],"picked":"Inflame","floor":14.0},{"not_picked":["Berserk","Fiend Fire"],"picked":"Barricade","floor":16.0},{"not_picked":["Heavy Blade","Evolve"],"picked":"Feel No Pain","floor":18.0},{"not_picked":["Warcry","Pummel","Cleave+1"],"picked":"SKIP","floor":18.0},{"not_picked":["Clash","Pommel Strike"],"picked":"Spot Weakness+1","floor":19.0},{"not_picked":["Twin Strike+1","Sword Boomerang+1"],"picked":"Pommel Strike","floor":19.0},{"not_picked":["Twin Strike","Spot Weakness"],"picked":"Armaments","floor":20.0},{"not_picked":["Offering","Cleave","Iron Wave"],"picked":"SKIP","floor":20.0},{"not_picked":["Infernal Blade","Cleave","Anger"],"picked":"SKIP","floor":22.0},{"not_picked":["Bloodletting","Flex","Clothesline"],"picked":"SKIP","floor":22.0},{"not_picked":["Thunderclap","Disarm"],"picked":"Uppercut","floor":24.0},{"not_picked":["Flex+1","Thunderclap+1"],"picked":"Ghostly Armor+1","floor":27.0},{"not_picked":["Thunderclap","Burning Pact+1"],"picked":"Pommel Strike","floor":29.0},{"not_picked":["Intimidate+1","Pummel"],"picked":"Perfected Strike","floor":30.0},{"not_picked":["Dual Wield+1","Evolve","Searing Blow+1"],"picked":"SKIP","floor":30.0},{"not_picked":["Offering+1","Dark Embrace"],"picked":"Impervious+1","floor":33.0},{"not_picked":[],"picked":"Battle Trance+1","floor":35.0},{"not_picked":["Thunderclap+1"],"picked":"SKIP","floor":35.0},{"not_picked":["Searing Blow"],"picked":"SKIP","floor":38.0},{"not_picked":["Iron Wave"],"picked":"SKIP","floor":38.0},{"not_picked":["Thunderclap+1"],"picked":"Singing Bowl","floor":41.0},{"not_picked":[],"picked":"Perfected Strike","floor":42.0},{"not_picked":["Feed"],"picked":"Singing Bowl","floor":44.0},{"not_picked":["Twin Strike"],"picked":"Singing Bowl","floor":45.0},{"not_picked":["Wild Strike"],"picked":"Singing Bowl","floor":45.0},{"not_picked":["Metallicize"],"picked":"Singing Bowl","floor":47.0},{"not_picked":[],"picked":"Warcry+1","floor":47.0},{"not_picked":["Havoc+1"],"picked":"Singing Bowl","floor":48.0}],"player_experience":506207,"relics_obtained":[{"floor":7.0,"key":"Ginger"},{"floor":9.0,"key":"Blue Candle"},{"floor":10.0,"key":"Prayer Wheel"},{"floor":24.0,"key":"Toxic Egg 2"},{"floor":26.0,"key":"Orichalcum"},{"floor":27.0,"key":"Bag of Preparation"},{"floor":29.0,"key":"Pear"},{"floor":41.0,"key":"Singing Bowl"},{"floor":42.0,"key":"Incense Burner"},{"floor":43.0,"key":"Paper Frog"},{"floor":44.0,"key":"Matryoshka"},{"floor":48.0,"key":"Self Forming Clay"}],"event_choices":[{"event_name":"Golden Wing","player_choice":"Card Removal","floor":12.0,"damage_taken":0.0},{"event_name":"Back to Basics","player_choice":"Simplicity","floor":21.0,"damage_taken":0.0},{"event_name":"Golden Shrine","player_choice":"Desecrate","floor":25.0,"damage_taken":0.0},{"event_name":"Falling","player_choice":"Removed Power","floor":36.0,"damage_taken":0.0},{"event_name":"Transmorgrifier","player_choice":"Transform","floor":39.0,"damage_taken":0.0},{"event_name":"Mysterious Sphere","player_choice":"Fight","floor":42.0,"damage_taken":0.0}],"is_beta":false,"boss_relics":[{"not_picked":["Orrery","Calling Bell"],"picked":"Cursed Key"},{"not_picked":["Velvet Choker","Eternal Feather"],"picked":"Busted Crown"}],"items_purged_floors":[31],"is_endless":false,"potions_floor_spawned":[1,2,4,10,11,14,18,19,24,29,35,44,45],"ascension_level":6}