{"gold_per_floor":[111,131,131,131,51,51,85,85,132,132,132,148,166,193,193,193],"floor_reached":16,"playtime":933,"items_purged":[],"score":205,"play_id":"ccb56d7f-3980-45a9-96b1-3dc5afbae858","local_time":"20190208103622","is_ascension_mode":true,"campfire_choices":[{"data":"Crippling Poison","floor":6,"key":"SMITH"},{"floor":8,"key":"REST"},{"floor":10,"key":"REST"},{"floor":15,"key":"REST"}],"neow_cost":"NONE","seed_source_timestamp":147582058541439,"circlet_count":0,"master_deck":["AscendersBane","Defend_G","Defend_G","Defend_G","Defend_G","Defend_G","Strike_G","Strike_G","Strike_G","Strike_G","Strike_G","Survivor","Neutralize+1","Deep Breath","PiercingWail","Bouncing Flask","Crippling Poison+1","Skewer","Dagger Spray","Acrobatics","Heel Hook"],"relics":["Ring of the Snake","Gremlin Horn","Boot","Toxic Egg 2"],"potions_floor_usage":[7,14,16],"damage_taken":[{"damage":5,"enemies":"Cultist","floor":1,"turns":5},{"damage":0,"enemies":"2 Louse","floor":2,"turns":5},{"damage":44,"enemies":"3 Sentries","floor":7,"turns":12},{"damage":1,"enemies":"Jaw Worm","floor":12,"turns":3},{"damage":0,"enemies":"3 Louse","floor":13,"turns":2},{"damage":27,"enemies":"Gremlin Nob","floor":14,"turns":4},{"damage":53,"enemies":"Slime Boss","floor":16,"turns":5}],"seed_played":"-2125684097961150206","potions_obtained":[{"floor":1,"key":"Weak Potion"},{"floor":12,"key":"Swift Potion"},{"floor":14,"key":"SkillPotion"}],"is_trial":false,"path_per_floor":["M","M","?","?","$","R","E","R","T","R","?","M","M","E","R","B"],"character_chosen":"THE_SILENT","items_purchased":["Crippling Poison"],"campfire_rested":3,"item_purchase_floors":[5],"current_hp_per_floor":[54,54,54,54,54,54,10,29,29,48,48,47,47,20,39,0],"gold":193,"neow_bonus":"RANDOM_COLORLESS","is_prod":false,"is_daily":false,"chose_seed":false,"campfire_upgraded":1,"win_rate":0,"timestamp":1549640182,"path_taken":["M","M","?","?","?","R","E","R","T","R","?","M","M","E","R","BOSS"],"build_version":"2019-01-23","purchased_purges":0,"victory":false,"max_hp_per_floor":[66,66,66,66,66,66,66,66,66,66,66,66,66,66,66,66],"card_choices":[{"not_picked":["Quick Slash","Blade Dance"],"picked":"PiercingWail","floor":1},{"not_picked":["Sucker Punch","Dagger Throw"],"picked":"Bouncing Flask","floor":2},{"not_picked":["Poisoned Stab","Quick Slash"],"picked":"Skewer","floor":7},{"not_picked":["Crippling Poison","Deadly Poison"],"picked":"Dagger Spray","floor":12},{"not_picked":["Riddle With Holes","Poisoned Stab"],"picked":"Acrobatics","floor":13},{"not_picked":["Predator","Blade Dance"],"picked":"Heel Hook","floor":14}],"player_experience":1038875,"relics_obtained":[{"floor":7,"key":"Gremlin Horn"},{"floor":9,"key":"Boot"},{"floor":14,"key":"Toxic Egg 2"}],"event_choices":[{"damage_healed":0,"gold_gain":0,"player_choice":"Grow","damage_taken":0,"max_hp_gain":0,"max_hp_loss":0,"event_name":"Living Wall","floor":3,"gold_loss":0,"cards_upgraded":["Neutralize"]},{"damage_healed":0,"gold_gain":0,"player_choice":"Ignored","damage_taken":0,"max_hp_gain":0,"max_hp_loss":0,"event_name":"Golden Idol","floor":4,"gold_loss":0},{"damage_healed":0,"gold_gain":0,"player_choice":"Ignored","damage_taken":0,"max_hp_gain":0,"max_hp_loss":0,"event_name":"Liars Game","floor":11,"gold_loss":0}],"is_beta":false,"boss_relics":[],"items_purged_floors":[],"is_endless":false,"potions_floor_spawned":[1,12,14],"killed_by":"Slime Boss","ascension_level":18}