{"gold_per_floor":[363,383,8,18,18,50,50,69,69,85,111,131,150,50,50,50],"floor_reached":16,"playtime":1291,"items_purged":["Pain","Strike_R"],"score":146,"play_id":"fb74632c-e557-48dc-b74f-5a264adabffd","local_time":"20181004222318","is_ascension_mode":true,"campfire_choices":[{"floor":7,"key":"REST"},{"floor":15,"key":"REST"}],"neow_cost":"CURSE","seed_source_timestamp":93674499200446,"circlet_count":0,"master_deck":["Strike_R","Strike_R","Strike_R","Strike_R","Defend_R","Defend_R","Defend_R","Defend_R","Bash","Shrug It Off","Thunderclap","Rampage","Battle Trance","Thunderclap","Armaments"],"relics":["Burning Blood","Ice Cream","Bag of Preparation","Paper Frog","StoneCalendar"],"potions_floor_usage":[11,12],"damage_taken":[{"damage":16,"enemies":"Jaw Worm","floor":1,"turns":5},{"damage":14,"enemies":"Small Slimes","floor":2,"turns":4},{"damage":6,"enemies":"Cultist","floor":4,"turns":4},{"damage":34,"enemies":"Gremlin Nob","floor":6,"turns":5},{"damage":13,"enemies":"3 Louse","floor":8,"turns":5},{"damage":14,"enemies":"Exordium Wildlife","floor":10,"turns":5},{"damage":27,"enemies":"3 Sentries","floor":11,"turns":9},{"damage":0,"enemies":"Red Slaver","floor":12,"turns":3},{"damage":18,"enemies":"Looter","floor":13,"turns":4},{"damage":53,"enemies":"Hexaghost","floor":16,"turns":11}],"seed_played":"3724287151488730549","potions_obtained":[{"floor":1,"key":"EssenceOfSteel"},{"floor":8,"key":"Regen Potion"},{"floor":13,"key":"FearPotion"}],"is_trial":false,"path_per_floor":["M","M","$","M","?","E","R","M","T","M","?","M","M","$","R"],"character_chosen":"IRONCLAD","items_purchased":["Ice Cream"],"campfire_rested":2,"item_purchase_floors":[3],"current_hp_per_floor":[62,54,54,54,54,26,50,43,43,35,29,35,23,23,47,0],"gold":50,"neow_bonus":"TWO_FIFTY_GOLD","is_prod":false,"is_daily":false,"chose_seed":false,"campfire_upgraded":0,"win_rate":0,"timestamp":1538706198,"path_taken":["M","M","$","M","?","E","R","M","T","M","?","M","M","?","R","BOSS"],"build_version":"2018-10-04","purchased_purges":2,"victory":false,"max_hp_per_floor":[80,80,80,80,80,80,80,80,80,80,80,80,80,80,80,80],"card_choices":[{"not_picked":["Twin Strike","Sword Boomerang"],"picked":"Shrug It Off","floor":1},{"not_picked":["Dropkick","Wild Strike","Havoc"],"picked":"SKIP","floor":2},{"not_picked":["Cleave","Warcry"],"picked":"Thunderclap","floor":4},{"not_picked":["Flex","Power Through"],"picked":"Rampage","floor":6},{"not_picked":["Anger","Burning Pact"],"picked":"Battle Trance","floor":8},{"not_picked":["Second Wind","Fire Breathing","Corruption"],"picked":"SKIP","floor":10},{"not_picked":["Flex","Rampage"],"picked":"Thunderclap","floor":11},{"not_picked":["Blood for Blood","Entrench","Wild Strike"],"picked":"SKIP","floor":12},{"not_picked":["Sever Soul","Dark Embrace"],"picked":"Armaments","floor":13}],"player_experience":560798,"relics_obtained":[{"floor":6,"key":"Bag of Preparation"},{"floor":9,"key":"Paper Frog"},{"floor":11,"key":"StoneCalendar"}],"event_choices":[{"event_name":"The Cleric","player_choice":"Leave","floor":5,"damage_taken":0},{"event_name":"Dead Adventurer","player_choice":"Searched \u00273\u0027 times","floor":11,"damage_taken":0}],"is_beta":false,"boss_relics":[],"items_purged_floors":[3,14],"is_endless":false,"potions_floor_spawned":[1,8,13],"killed_by":"Hexaghost","ascension_level":8}