{"gold_per_floor":[116,46,62,62,78,78,93,93,93,93,105,131,149,164,164,265,265,285,210,230,240,240,240,260,260,260,260,273,319,330,342,342,442,442,454,473,373,428,303,316,334,334,334,184,184,9,25,42,42,42],"floor_reached":51,"playtime":6753,"items_purged":["Strike_G","Strike_G","Defend_G","Defend_G","Writhe"],"score":630,"play_id":"a2f19326-6b24-4c60-9c01-f43e2349ecbc","local_time":"20180920013944","is_ascension_mode":false,"campfire_choices":[{"data":"Neutralize","floor":6.0,"key":"SMITH"},{"data":"Accuracy","floor":8.0,"key":"SMITH"},{"data":"Cloak And Dagger","floor":10.0,"key":"SMITH"},{"data":"Survivor","floor":15.0,"key":"SMITH"},{"data":"Envenom","floor":23.0,"key":"SMITH"},{"data":"Noxious Fumes","floor":25.0,"key":"SMITH"},{"floor":27.0,"key":"REST"},{"data":"Infinite Blades","floor":32.0,"key":"SMITH"},{"data":"Cloak And Dagger","floor":42,"key":"SMITH"},{"data":"Prepared","floor":49,"key":"SMITH"}],"neow_cost":"NONE","seed_source_timestamp":0,"circlet_count":0,"master_deck":["Defend_G","Defend_G","Defend_G","Survivor+1","Neutralize+1","Accuracy+1","Noxious Fumes+1","Dagger Throw","Cloak And Dagger+1","Blade Dance","Storm of Steel","Cloak And Dagger","Cloak And Dagger+1","Envenom+1","Infinite Blades+1","Flying Knee","Well Laid Plans","Prepared+1","Backflip","Bullet Time","After Image+1","Reflex+1","Backstab+1","Cloak And Dagger+1"],"special_seed":0,"relics":["Ring of the Snake","Matryoshka","Tough Bandages","White Beast Statue","Ninja Scroll","Regal Pillow","Lantern","Juzu Bracelet","Astrolabe","Tingsha","Oddly Smooth Stone"],"potions_floor_usage":[38,47,50,50],"damage_taken":[{"damage":0.0,"enemies":"Small Slimes","floor":1.0,"turns":5.0},{"damage":0.0,"enemies":"Jaw Worm","floor":3.0,"turns":4.0},{"damage":0.0,"enemies":"Cultist","floor":5.0,"turns":4.0},{"damage":1.0,"enemies":"Red Slaver","floor":7.0,"turns":4.0},{"damage":25.0,"enemies":"Gremlin Gang","floor":11.0,"turns":4.0},{"damage":12.0,"enemies":"Gremlin Nob","floor":12.0,"turns":5.0},{"damage":0.0,"enemies":"Exordium Thugs","floor":13.0,"turns":3.0},{"damage":0.0,"enemies":"Red Slaver","floor":14.0,"turns":3.0},{"damage":19.0,"enemies":"Hexaghost","floor":16.0,"turns":10.0},{"damage":15.0,"enemies":"Shell Parasite","floor":18.0,"turns":6.0},{"damage":12.0,"enemies":"Spheric Guardian","floor":20.0,"turns":4.0},{"damage":9.0,"enemies":"Centurion and Healer","floor":21.0,"turns":6.0},{"damage":21.0,"enemies":"Snake Plant","floor":24.0,"turns":5.0},{"damage":23.0,"enemies":"Sentry and Sphere","floor":28.0,"turns":5.0},{"damage":11.0,"enemies":"Chosen and Byrds","floor":30.0,"turns":5.0},{"damage":2.0,"enemies":"Centurion and Healer","floor":31.0,"turns":7.0},{"damage":18.0,"enemies":"Champ","floor":33.0,"turns":10.0},{"damage":4.0,"enemies":"Orb Walker","floor":35.0,"turns":5.0},{"damage":0.0,"enemies":"3 Shapes","floor":36.0,"turns":6.0},{"damage":18,"enemies":"Mysterious Sphere","floor":38,"turns":5},{"damage":6,"enemies":"Reptomancer","floor":40,"turns":6},{"damage":1,"enemies":"Maw","floor":41,"turns":7},{"damage":11,"enemies":"Sphere and 2 Shapes","floor":47,"turns":5},{"damage":0,"enemies":"Reptomancer","floor":48,"turns":5},{"damage":28,"enemies":"Donu and Deca","floor":50,"turns":10}],"seed_played":"2698507856818666036","potions_obtained":[{"floor":3.0,"key":"Ancient Potion"},{"floor":5.0,"key":"SteroidPotion"},{"floor":11.0,"key":"SmokeBomb"},{"floor":14.0,"key":"Fire Potion"},{"floor":18.0,"key":"LiquidBronze"},{"floor":20.0,"key":"SkillPotion"},{"floor":21.0,"key":"Poison Potion"},{"floor":24.0,"key":"SpeedPotion"},{"floor":28.0,"key":"AttackPotion"},{"floor":30.0,"key":"Block Potion"},{"floor":31.0,"key":"SteroidPotion"},{"floor":33.0,"key":"PowerPotion"},{"floor":35.0,"key":"SteroidPotion"},{"floor":36.0,"key":"PowerPotion"},{"floor":38,"key":"Energy Potion"},{"floor":40,"key":"FearPotion"},{"floor":41,"key":"Regen Potion"},{"floor":47,"key":"Block Potion"},{"floor":48,"key":"FairyPotion"}],"is_trial":false,"path_per_floor":["M","$","M","?","M","R","M","R","T","R","M","E","M","M","R","B",null,"M","$","M","M","?","R","M","R","T","R","M","T","M","M","R","B",null,"M","M","$","?","$","M","M","R","T","$","?","$","M","M","R","B"],"character_chosen":"THE_SILENT","items_purchased":["Noxious Fumes"],"campfire_rested":1,"item_purchase_floors":[2],"current_hp_per_floor":[70,70,70,75,75,75,74,74,74,74,49,37,37,37,37,18,75,60,60,48,39,39,39,18,18,18,55,32,32,21,19,19,1,75,71,71,71,53,53,47,46,46,46,46,65,65,54,54,54,41],"gold":42,"neow_bonus":"TRANSFORM_CARD","is_prod":false,"is_daily":false,"chose_seed":false,"campfire_upgraded":9,"win_rate":0,"timestamp":1537400384,"path_taken":["M","$","M","?","M","R","M","R","T","R","M","E","M","M","R","BOSS","M","$","M","M","?","R","?","R","T","R","M","?","M","M","R","BOSS","M","M","$","?","?","M","M","R","T","$","?","$","M","M","R","BOSS"],"build_version":"2018-09-06","purchased_purges":5,"victory":true,"max_hp_per_floor":[70,70,70,75,75,75,75,75,75,75,75,75,75,75,75,75,75,75,75,75,75,75,75,75,75,75,75,75,75,75,75,75,75,75,75,75,75,75,75,75,75,75,75,75,75,75,75,75,75,75],"card_choices":[{"not_picked":["Prepared","PiercingWail"],"picked":"Accuracy","floor":1.0},{"not_picked":["Prepared","Underhanded Strike"],"picked":"Dagger Throw","floor":3.0},{"not_picked":["Dagger Spray","Underhanded Strike"],"picked":"Cloak And Dagger","floor":5.0},{"not_picked":["Noxious Fumes","Predator"],"picked":"Blade Dance","floor":7.0},{"not_picked":["Bane","Backflip"],"picked":"Storm of Steel","floor":11.0},{"not_picked":["Blade Dance","Glass Knife"],"picked":"Cloak And Dagger","floor":12.0},{"not_picked":["Setup","Sucker Punch"],"picked":"Cloak And Dagger","floor":13.0},{"not_picked":["Distraction","Blade Dance","Deflect"],"picked":"SKIP","floor":14.0},{"not_picked":["Night Terror","Phantasmal Killer"],"picked":"Envenom","floor":16.0},{"not_picked":["Predator","Poisoned Stab"],"picked":"Infinite Blades","floor":18.0},{"not_picked":["Slice","Endless Agony+1"],"picked":"Flying Knee","floor":20.0},{"not_picked":["Flying Knee","Cloak And Dagger","Glass Knife"],"picked":"SKIP","floor":21.0},{"not_picked":["Riddle With Holes","Backstab","Dash"],"picked":"SKIP","floor":24.0},{"not_picked":["Infinite Blades","Dagger Spray"],"picked":"Well Laid Plans","floor":28.0},{"not_picked":["Backstab+1","Crippling Poison+1"],"picked":"Prepared","floor":30.0},{"not_picked":["Sucker Punch","Slice"],"picked":"Backflip","floor":31.0},{"not_picked":["Doppelganger","Envenom"],"picked":"Bullet Time","floor":33.0},{"not_picked":["Expertise+1","Blade Dance+1","Backstab"],"picked":"SKIP","floor":35.0},{"not_picked":["Underhanded Strike+1","Expertise+1","Blade Dance+1"],"picked":"SKIP","floor":36.0},{"not_picked":["Deadly Poison","Choke","Catalyst+1"],"picked":"SKIP","floor":40},{"not_picked":["Dagger Spray","Poisoned Stab+1"],"picked":"Cloak And Dagger+1","floor":41},{"not_picked":["Dagger Throw","Reflex+1","Dagger Spray+1"],"picked":"SKIP","floor":47},{"not_picked":["Choke+1","Predator+1","Footwork"],"picked":"SKIP","floor":48}],"player_experience":93243,"relics_obtained":[{"floor":9.0,"key":"Matryoshka"},{"floor":12.0,"key":"Tough Bandages"},{"floor":26.0,"key":"Ninja Scroll"},{"floor":26.0,"key":"Regal Pillow"},{"floor":29.0,"key":"Lantern"},{"floor":29.0,"key":"Juzu Bracelet"},{"floor":38,"key":"Tingsha"},{"floor":43,"key":"Oddly Smooth Stone"}],"event_choices":[{"event_name":"Big Fish","player_choice":"Donut","floor":4.0,"damage_taken":0.0},{"event_name":"The Woman in Blue","player_choice":"Bought 0 Potions","floor":22.0,"damage_taken":0.0},{"event_name":"Mysterious Sphere","player_choice":"Fight","floor":38,"damage_taken":0},{"event_name":"Winding Halls","player_choice":"Writhe","floor":45,"damage_taken":0}],"is_beta":false,"boss_relics":[{"not_picked":["Pandora\u0027s Box","Cursed Key"],"picked":"White Beast Statue"},{"not_picked":["Velvet Choker","Calling Bell"],"picked":"Astrolabe"}],"items_purged_floors":[19,37,39,44,46],"is_endless":false,"potions_floor_spawned":[3,5,11,14,18,20,21,24,28,30,31,33,35,36,38,40,41,47,48],"ascension_level":0}