{"gold_per_floor":[115,126,136,147,160,195,195,195,195,195,36,67,67,80,80,151,151,166,181,201,201],"floor_reached":21,"playtime":4550,"items_purged":["Defend_G"],"score":367,"play_id":"c343faac-fcb2-4ceb-bf06-1e4c5aed6661","local_time":"20190211215736","is_ascension_mode":true,"campfire_choices":[{"floor":7.0,"key":"REST"},{"floor":10.0,"key":"REST"},{"floor":13.0,"key":"REST"},{"floor":15.0,"key":"REST"}],"neow_cost":"TEN_PERCENT_HP_LOSS","seed_source_timestamp":0,"circlet_count":0,"master_deck":["AscendersBane","Defend_G","Defend_G","Defend_G","Defend_G","Strike_G","Strike_G","Strike_G","Strike_G","Strike_G","Survivor","Neutralize","Burst","Backstab","Acrobatics","Backflip","Concentrate+1","After Image","PiercingWail","Well Laid Plans","Dodge and Roll","Underhanded Strike","Malaise","Cloak And Dagger"],"special_seed":0,"relics":["Ring of the Snake","Gambling Chip","Shuriken","Torii","Busted Crown"],"potions_floor_usage":[20,21],"damage_taken":[{"damage":0.0,"enemies":"Cultist","floor":1.0,"turns":4.0},{"damage":2.0,"enemies":"2 Louse","floor":2.0,"turns":5.0},{"damage":2.0,"enemies":"Jaw Worm","floor":3.0,"turns":4.0},{"damage":10.0,"enemies":"Red Slaver","floor":4.0,"turns":6.0},{"damage":4.0,"enemies":"Blue Slaver","floor":5.0,"turns":8.0},{"damage":44.0,"enemies":"3 Sentries","floor":6.0,"turns":20.0},{"damage":45.0,"enemies":"Gremlin Nob","floor":12.0,"turns":5.0},{"damage":0.0,"enemies":"Large Slime","floor":14.0,"turns":9.0},{"damage":47.0,"enemies":"Slime Boss","floor":16.0,"turns":15.0},{"damage":0,"enemies":"3 Byrds","floor":18,"turns":11},{"damage":11,"enemies":"Shell Parasite","floor":19,"turns":7},{"damage":24,"enemies":"Sentry and Sphere","floor":20,"turns":10},{"damage":14,"enemies":"Snecko","floor":21,"turns":6}],"seed_played":"-1791949523957009649","potions_obtained":[{"floor":1.0,"key":"Regen Potion"},{"floor":5.0,"key":"Block Potion"},{"floor":6.0,"key":"PowerPotion"},{"floor":12.0,"key":"Regen Potion"},{"floor":16.0,"key":"Weak Potion"},{"floor":19,"key":"Fire Potion"},{"floor":20,"key":"PowerPotion"}],"is_trial":false,"path_per_floor":["M","M","M","M","M","E","R","?","T","R","$","E","R","M","R","B",null,"M","M","M","M"],"character_chosen":"THE_SILENT","items_purchased":["Well Laid Plans"],"campfire_rested":4,"item_purchase_floors":[11],"current_hp_per_floor":[59,57,55,45,41,12,30,30,30,48,48,3,21,21,39,7,47,47,36,12,0],"gold":201,"neow_bonus":"THREE_RARE_CARDS","is_prod":false,"is_daily":false,"chose_seed":false,"campfire_upgraded":0,"win_rate":0,"timestamp":1549940256,"path_taken":["M","M","M","M","M","E","R","?","T","R","$","E","R","M","R","BOSS","M","M","?","M"],"build_version":"2019-01-23","purchased_purges":1,"victory":false,"max_hp_per_floor":[60,60,60,60,60,60,60,60,60,60,60,60,60,60,60,60,60,60,60,60,60],"card_choices":[{"not_picked":["Doppelganger","Wraith Form v2"],"picked":"Burst","floor":0.0},{"not_picked":["Calculated Gamble","Predator"],"picked":"Backstab","floor":1.0},{"not_picked":["Poisoned Stab","Setup"],"picked":"Acrobatics","floor":2.0},{"not_picked":["Dagger Throw","Quick Slash"],"picked":"Backflip","floor":3.0},{"not_picked":["Calculated Gamble","Slice"],"picked":"Concentrate","floor":4.0},{"not_picked":["Cloak And Dagger","Finisher"],"picked":"After Image","floor":5.0},{"not_picked":["Eviscerate","Outmaneuver"],"picked":"PiercingWail","floor":6.0},{"not_picked":["Outmaneuver","Endless Agony"],"picked":"Dodge and Roll","floor":12.0},{"not_picked":["Setup","Poisoned Stab"],"picked":"Underhanded Strike","floor":14.0},{"not_picked":["Venomology","Glass Knife"],"picked":"Malaise","floor":16.0},{"not_picked":[],"picked":"Cloak And Dagger","floor":18},{"not_picked":["Sucker Punch"],"picked":"SKIP","floor":19},{"not_picked":["Flying Knee+1"],"picked":"SKIP","floor":20}],"player_experience":1048060,"relics_obtained":[{"floor":6.0,"key":"Gambling Chip"},{"floor":9.0,"key":"Shuriken"},{"floor":12.0,"key":"Torii"}],"event_choices":[{"damage_healed":0.0,"max_hp_gain":0.0,"max_hp_loss":0.0,"gold_gain":0.0,"event_name":"Upgrade Shrine","player_choice":"Upgraded","floor":8.0,"gold_loss":0.0,"damage_taken":0.0,"cards_upgraded":["Concentrate"]}],"is_beta":false,"boss_relics":[{"not_picked":["Tiny House","Ring of the Serpent"],"picked":"Busted Crown"}],"items_purged_floors":[11],"is_endless":false,"potions_floor_spawned":[1,5,6,12,16,19,20],"killed_by":"Snecko","ascension_level":18}