{"gold_per_floor":[129,156,180,192,215,227,272,284,296,327,6,18,50,50,50,154,154,171,191,116,31,31,31,6,19,19,50,63,79,108,8,8,111,111,123,123,223,29,48,48,65,84,84,97,97,116,14,14],"floor_reached":48,"playtime":1724,"items_purged":["Strike_R","Strike_R"],"score":814,"play_id":"756bc118-ea9e-4ca8-85e5-2de1169f877a","local_time":"20190205002127","is_ascension_mode":true,"campfire_choices":[{"data":"Shrug It Off","floor":6,"key":"SMITH"},{"floor":8,"key":"REST"},{"floor":15,"key":"REST"},{"data":"Demon Form","floor":23,"key":"SMITH"},{"floor":32,"key":"REST"},{"data":"Double Tap","floor":40,"key":"SMITH"}],"neow_cost":"NONE","seed_source_timestamp":1463822732221182,"circlet_count":0,"master_deck":["AscendersBane","Strike_R","Strike_R","Strike_R","Defend_R","Defend_R","Defend_R","Defend_R","Bash","Spot Weakness+1","Thunderclap","Cleave","Shrug It Off+1","Demon Form+1","Sword Boomerang","Madness","Shrug It Off","Clothesline","Parasite","Disarm","Reaper","Intimidate","Twin Strike","Rupture","Heavy Blade","Armaments+1","Double Tap+1","Battle Trance","Secret Technique","Parasite","Flame Barrier+1"],"relics":["Burning Blood","MawBank","Vajra","Dream Catcher","Bottled Tornado","Blue Candle","Velvet Choker","Gremlin Horn","MutagenicStrength","Anchor","Darkstone Periapt","Juzu Bracelet","Coffee Dripper","Unceasing Top","ClockworkSouvenir","Ornamental Fan"],"potions_floor_usage":[13,13,33,47],"damage_taken":[{"damage":1,"enemies":"Cultist","floor":1,"turns":4},{"damage":16,"enemies":"Jaw Worm","floor":2,"turns":4},{"damage":9,"enemies":"2 Louse","floor":3,"turns":3},{"damage":0,"enemies":"2 Fungi Beasts","floor":5,"turns":2},{"damage":50,"enemies":"Lagavulin","floor":7,"turns":8},{"damage":13,"enemies":"Blue Slaver","floor":10,"turns":4},{"damage":39,"enemies":"Gremlin Gang","floor":12,"turns":4},{"damage":6,"enemies":"Gremlin Nob","floor":13,"turns":4},{"damage":32,"enemies":"Slime Boss","floor":16,"turns":7},{"damage":30,"enemies":"2 Thieves","floor":18,"turns":4},{"damage":7,"enemies":"Shell Parasite","floor":19,"turns":4},{"damage":8,"enemies":"Snecko","floor":25,"turns":3},{"damage":41,"enemies":"Gremlin Leader","floor":27,"turns":4},{"damage":9,"enemies":"Centurion and Healer","floor":28,"turns":6},{"damage":31,"enemies":"Sentry and Sphere","floor":29,"turns":5},{"damage":40,"enemies":"Book of Stabbing","floor":30,"turns":6},{"damage":30,"enemies":"Champ","floor":33,"turns":8},{"damage":20,"enemies":"Orb Walker","floor":35,"turns":3},{"damage":13,"enemies":"Mind Bloom Boss Battle","floor":37,"turns":5},{"damage":18,"enemies":"3 Darklings","floor":39,"turns":4},{"damage":13,"enemies":"Sphere and 2 Shapes","floor":41,"turns":4},{"damage":43,"enemies":"Transient","floor":42,"turns":5},{"damage":48,"enemies":"Writhing Mass","floor":44,"turns":5},{"damage":53,"enemies":"Spire Growth","floor":46,"turns":5},{"damage":24,"enemies":"4 Shapes","floor":48,"turns":4}],"seed_played":"2925534112441871232","potions_obtained":[{"floor":3,"key":"Poison Potion"},{"floor":10,"key":"EssenceOfSteel"},{"floor":13,"key":"Fire Potion"},{"floor":16,"key":"Strength Potion"},{"floor":27,"key":"PowerPotion"},{"floor":35,"key":"FearPotion"},{"floor":39,"key":"EssenceOfSteel"}],"is_trial":false,"path_per_floor":["M","M","M","?","M","R","E","R","T","M","$","M","E","?","R","B",null,"M","M","$","?","?","R","$","M","T","E","M","M","E","$","R","B",null,"M","?","?","$","M","R","M","M","T","M","$","M","$","M"],"character_chosen":"IRONCLAD","items_purchased":["Bottled Tornado","Madness","Twin Strike","ClockworkSouvenir","Fruit Juice"],"campfire_rested":3,"item_purchase_floors":[11,11,24,38,47],"current_hp_per_floor":[77,67,64,64,70,70,26,50,50,43,43,10,10,30,54,28,67,43,64,64,64,64,64,64,77,77,80,80,55,32,32,56,32,68,66,66,77,77,65,65,76,78,78,42,42,16,21,0],"gold":14,"neow_bonus":"RANDOM_COMMON_RELIC","is_prod":false,"is_daily":false,"chose_seed":false,"campfire_upgraded":3,"win_rate":0,"timestamp":1549344087,"path_taken":["M","M","?","?","M","R","E","R","T","M","$","M","E","?","R","BOSS","M","M","$","?","?","R","?","M","T","E","M","?","E","?","R","BOSS","M","?","?","$","M","R","M","M","T","M","$","M","?","M"],"build_version":"2019-01-23","purchased_purges":2,"victory":false,"max_hp_per_floor":[80,80,80,80,80,80,80,80,80,80,80,80,80,80,80,80,80,80,80,80,80,80,80,80,80,80,80,80,80,80,80,80,80,80,80,80,80,80,80,80,80,80,80,86,86,86,91,91],"card_choices":[{"not_picked":["Twin Strike","Hemokinesis"],"picked":"Spot Weakness","floor":1},{"not_picked":["Flex","Combust"],"picked":"Thunderclap","floor":2},{"not_picked":["Fire Breathing","Twin Strike"],"picked":"Cleave","floor":3},{"not_picked":["Shockwave","Second Wind"],"picked":"Shrug It Off","floor":5},{"not_picked":["Havoc","Rage"],"picked":"Demon Form","floor":7},{"not_picked":["Body Slam","Headbutt"],"picked":"Sword Boomerang","floor":10},{"not_picked":["Rupture","Havoc"],"picked":"Shrug It Off","floor":12},{"not_picked":["Warcry","Reckless Charge"],"picked":"Clothesline","floor":13},{"not_picked":["Sever Soul","Power Through"],"picked":"Disarm","floor":15},{"not_picked":["Berserk","Offering"],"picked":"Reaper","floor":16},{"not_picked":["Sword Boomerang","Searing Blow"],"picked":"Intimidate","floor":18},{"not_picked":["Pommel Strike","Clothesline","Inflame"],"picked":"SKIP","floor":19},{"not_picked":["Cleave+1","Havoc","Pommel Strike"],"picked":"SKIP","floor":25},{"not_picked":["Thunderclap","Impervious","Armaments"],"picked":"SKIP","floor":27},{"not_picked":["Clothesline","Iron Wave"],"picked":"Rupture","floor":28},{"not_picked":["Cleave","Anger+1"],"picked":"Heavy Blade","floor":29},{"not_picked":["Havoc","Fire Breathing","Bloodletting"],"picked":"SKIP","floor":30},{"not_picked":["Uppercut","Body Slam"],"picked":"Armaments+1","floor":32},{"not_picked":["Immolate","Feed"],"picked":"Double Tap","floor":33},{"not_picked":["Thunderclap+1","Warcry+1"],"picked":"Battle Trance","floor":35},{"not_picked":["Trip","Good Instincts"],"picked":"Secret Technique","floor":36},{"not_picked":["Intimidate+1","True Grit","Clash"],"picked":"SKIP","floor":39},{"not_picked":["Battle Trance+1","Headbutt","Clash+1"],"picked":"SKIP","floor":41},{"not_picked":["Ghostly Armor","Perfected Strike","True Grit"],"picked":"SKIP","floor":42},{"not_picked":["Corruption+1","Bloodletting+1"],"picked":"Flame Barrier+1","floor":44},{"not_picked":["Heavy Blade","Headbutt","Ghostly Armor+1"],"picked":"SKIP","floor":46}],"player_experience":582378,"relics_obtained":[{"floor":7,"key":"Vajra"},{"floor":9,"key":"Dream Catcher"},{"floor":13,"key":"Blue Candle"},{"floor":26,"key":"Anchor"},{"floor":27,"key":"Darkstone Periapt"},{"floor":30,"key":"Juzu Bracelet"},{"floor":37,"key":"Unceasing Top"},{"floor":43,"key":"Ornamental Fan"}],"event_choices":[{"damage_healed":0,"gold_gain":0,"player_choice":"Grow","damage_taken":0,"max_hp_gain":0,"max_hp_loss":0,"event_name":"Living Wall","floor":4,"gold_loss":0,"cards_upgraded":["Spot Weakness"]},{"damage_healed":20,"gold_gain":0,"player_choice":"Healed and dodged fight","damage_taken":0,"max_hp_gain":0,"max_hp_loss":0,"event_name":"Mushrooms","floor":14,"gold_loss":0,"cards_obtained":["Parasite"]},{"damage_healed":0,"gold_gain":0,"player_choice":"Obtained Relic","damage_taken":0,"relics_obtained":["Gremlin Horn"],"max_hp_gain":0,"max_hp_loss":0,"event_name":"Addict","floor":21,"gold_loss":85},{"damage_healed":0,"gold_gain":0,"player_choice":"Inject Mutagens","damage_taken":0,"relics_obtained":["MutagenicStrength"],"max_hp_gain":0,"max_hp_loss":0,"event_name":"Drug Dealer","floor":22,"gold_loss":0},{"damage_healed":0,"gold_gain":0,"player_choice":"Memory 1","damage_taken":0,"max_hp_gain":0,"max_hp_loss":0,"event_name":"SensoryStone","floor":36,"gold_loss":0},{"damage_healed":0,"gold_gain":0,"player_choice":"Fight","damage_taken":0,"max_hp_gain":0,"max_hp_loss":0,"event_name":"MindBloom","floor":37,"gold_loss":0}],"is_beta":true,"boss_relics":[{"not_picked":["Calling Bell","Snecko Eye"],"picked":"Velvet Choker"},{"not_picked":["Pandora\u0027s Box","Fusion Hammer"],"picked":"Coffee Dripper"}],"items_purged_floors":[20,31],"is_endless":false,"potions_floor_spawned":[3,10,12,13,16,18,27,30,35,39,41],"killed_by":"4 Shapes","ascension_level":12}