{"gold_per_floor":[118,135,148,148,67,67,77,110,110,110,125,125,125,160,160,264,264,279,279,279,18,38,38,54,54,79,34,34,34,34,34,34,136,136,151,151,162,162,262,262,262],"floor_reached":41,"playtime":1667,"items_purged":[],"score":454,"play_id":"6331dc81-71ef-4eed-9c74-49cc4fe6508a","local_time":"20190113170136","is_ascension_mode":true,"campfire_choices":[{"data":"Sunder","floor":6,"key":"SMITH"},{"floor":10,"key":"REST"},{"data":"Sweeping Beam","floor":12,"key":"SMITH"},{"data":"Zap","floor":15,"key":"SMITH"},{"data":"Echo Form","floor":23,"key":"SMITH"},{"data":"Defragment","floor":25,"key":"SMITH"},{"data":"Tempest","floor":28,"key":"SMITH"},{"data":"Sunder","floor":30,"key":"SMITH"},{"floor":32,"key":"REST"},{"data":"Multi-Cast","floor":40,"key":"SMITH"}],"neow_cost":"NONE","seed_source_timestamp":45873514941909,"circlet_count":0,"master_deck":["Strike_B","Defend_B","Defend_B+1","Defend_B","Defend_B","Zap+1","Dualcast","Tempest+1","Defragment+1","Sweeping Beam+1","Sunder+1","Cold Snap","Ball Lightning","Defragment+1","Echo Form+1","Hologram+1","Steam+1","Leap","Sunder+1","Multi-Cast+1","Seek","BootSequence+1","Cold Snap+1"],"relics":["Cracked Core","NeowsBlessing","Anchor","Kunai","WingedGreaves","Inserter","Orichalcum","ClockworkSouvenir","Oddly Smooth Stone","Snecko Eye","Emotion Chip"],"potions_floor_usage":[11,16,18,41],"damage_taken":[{"damage":0,"enemies":"Small Slimes","floor":1,"turns":1},{"damage":0,"enemies":"Jaw Worm","floor":2,"turns":1},{"damage":0,"enemies":"2 Louse","floor":3,"turns":1},{"damage":8,"enemies":"Blue Slaver","floor":7,"turns":3},{"damage":27,"enemies":"Lagavulin","floor":8,"turns":7},{"damage":0,"enemies":"Exordium Thugs","floor":11,"turns":2},{"damage":8,"enemies":"3 Sentries","floor":14,"turns":4},{"damage":31,"enemies":"Slime Boss","floor":16,"turns":7},{"damage":17,"enemies":"Shell Parasite","floor":18,"turns":4},{"damage":12,"enemies":"2 Thieves","floor":22,"turns":3},{"damage":8,"enemies":"Centurion and Healer","floor":24,"turns":7},{"damage":17,"enemies":"Automaton","floor":33,"turns":8},{"damage":12,"enemies":"3 Darklings","floor":35,"turns":4},{"damage":11,"enemies":"3 Shapes","floor":37,"turns":4},{"damage":9,"enemies":"Mind Bloom Boss Battle","floor":39,"turns":7},{"damage":45,"enemies":"Nemesis","floor":41,"turns":7}],"seed_played":"990424629343061065","potions_obtained":[{"floor":3,"key":"SkillPotion"},{"floor":7,"key":"AttackPotion"},{"floor":11,"key":"Swift Potion"},{"floor":16,"key":"Swift Potion"},{"floor":18,"key":"Weak Potion"}],"is_trial":false,"path_per_floor":["M","M","M","?","$","R","M","E","T","R","M","R","?","E","R","B",null,"M","?","?","$","M","R","M","R","T","$","R","?","R","$","R","B",null,"M","?","M","?","?","R","E"],"character_chosen":"DEFECT","items_purchased":["Sunder","Steam","ClockworkSouvenir","Leap"],"campfire_rested":2,"item_purchase_floors":[5,21,21,27],"current_hp_per_floor":[75,75,75,60,60,60,52,25,25,47,47,47,47,39,39,8,75,58,58,58,58,46,46,38,38,38,38,38,38,38,38,60,43,75,63,63,52,52,43,43,0],"gold":262,"neow_bonus":"THREE_ENEMY_KILL","is_prod":false,"is_daily":false,"chose_seed":false,"campfire_upgraded":8,"win_rate":0,"timestamp":1547427696,"path_taken":["M","M","M","?","$","R","M","E","T","R","M","R","?","E","R","BOSS","M","?","?","$","M","R","?","R","T","$","R","?","R","$","R","BOSS","M","?","M","?","?","R","E"],"build_version":"2019-01-10","purchased_purges":0,"victory":false,"max_hp_per_floor":[75,75,75,75,75,75,75,75,75,75,75,75,75,75,75,75,75,75,75,75,75,75,75,75,75,75,75,75,75,75,75,75,75,75,75,75,75,75,75,75,75],"card_choices":[{"not_picked":["Gash","Consume"],"picked":"Tempest","floor":1},{"not_picked":["Stack","White Noise"],"picked":"Defragment","floor":2},{"not_picked":["Darkness","BootSequence"],"picked":"Sweeping Beam","floor":3},{"not_picked":["Reinforced Body","Rebound"],"picked":"Cold Snap","floor":7},{"not_picked":["Beam Cell","Conserve Battery"],"picked":"Ball Lightning","floor":8},{"not_picked":["Gash","Sweeping Beam","Streamline"],"picked":"SKIP","floor":11},{"not_picked":["Meteor Strike","Barrage"],"picked":"Defragment","floor":14},{"not_picked":["Hyperbeam","Fission"],"picked":"Echo Form","floor":16},{"not_picked":["Cold Snap","Stack+1"],"picked":"Hologram+1","floor":18},{"not_picked":["Scrape+1","Reprogram"],"picked":"Steam+1","floor":22},{"not_picked":["Compile Driver","Aggregate+1","Static Discharge"],"picked":"SKIP","floor":24},{"not_picked":["Fission","Buffer"],"picked":"Seek","floor":33},{"not_picked":["Steam Power","Recycle+1","Reinforced Body"],"picked":"SKIP","floor":35},{"not_picked":["Turbo+1","Redo"],"picked":"BootSequence+1","floor":37},{"not_picked":["Leap+1","Gash+1"],"picked":"Cold Snap+1","floor":39}],"player_experience":167775,"relics_obtained":[{"floor":8,"key":"Anchor"},{"floor":9,"key":"Kunai"},{"floor":14,"key":"WingedGreaves"},{"floor":26,"key":"Oddly Smooth Stone"},{"floor":39,"key":"Emotion Chip"}],"event_choices":[{"damage_healed":0,"gold_gain":0,"player_choice":"Entered Light","damage_taken":15,"max_hp_gain":0,"max_hp_loss":0,"event_name":"Shining Light","floor":4,"gold_loss":0,"cards_upgraded":["Defend_B","Defragment"]},{"damage_healed":0,"gold_gain":0,"player_choice":"Ignored","damage_taken":0,"max_hp_gain":0,"max_hp_loss":0,"event_name":"Liars Game","floor":13,"gold_loss":0},{"damage_healed":0,"gold_gain":0,"player_choice":"Opened","damage_taken":0,"relics_obtained":["Orichalcum"],"max_hp_gain":0,"max_hp_loss":0,"event_name":"The Mausoleum","floor":19,"gold_loss":0},{"cards_removed":["Strike_B"],"damage_healed":0,"gold_gain":0,"player_choice":"Purged","damage_taken":0,"max_hp_gain":0,"max_hp_loss":0,"event_name":"Purifier","floor":20,"gold_loss":0},{"damage_healed":0,"gold_gain":0,"cards_transformed":["Strike_B","Strike_B"],"player_choice":"Became Test Subject","damage_taken":0,"max_hp_gain":0,"max_hp_loss":0,"event_name":"Drug Dealer","floor":29,"gold_loss":0,"cards_obtained":["Sunder","Multi-Cast"]},{"cards_removed":["Steam"],"damage_healed":0,"gold_gain":0,"player_choice":"Removed Skill","damage_taken":0,"max_hp_gain":0,"max_hp_loss":0,"event_name":"Falling","floor":36,"gold_loss":0},{"damage_healed":0,"gold_gain":0,"player_choice":"Ignored","damage_taken":0,"max_hp_gain":0,"max_hp_loss":0,"event_name":"Tomb of Lord Red Mask","floor":38,"gold_loss":0},{"damage_healed":0,"gold_gain":0,"player_choice":"Fight","damage_taken":0,"max_hp_gain":0,"max_hp_loss":0,"event_name":"MindBloom","floor":39,"gold_loss":0}],"is_beta":false,"boss_relics":[{"not_picked":["Fusion Hammer","Ectoplasm"],"picked":"Inserter"},{"not_picked":["Busted Crown","Sozu"],"picked":"Snecko Eye"}],"items_purged_floors":[],"is_endless":false,"potions_floor_spawned":[3,7,11,16,18],"killed_by":"Nemesis","ascension_level":3}