{"gold_per_floor":[115,115,130,130,405,405,69,94,120,120,146,146,178,190,190,190],"floor_reached":16,"playtime":797,"items_purged":[],"score":169,"play_id":"820d19b6-db59-4381-840f-de8dd20a62c0","local_time":"20180917151926","is_ascension_mode":true,"campfire_choices":[{"data":"Bash","floor":6,"key":"SMITH"},{"data":"Ghostly Armor","floor":10,"key":"SMITH"},{"data":"Fire Breathing","floor":12,"key":"SMITH"},{"floor":15,"key":"REST"}],"neow_cost":"NONE","seed_source_timestamp":217801608147039,"circlet_count":0,"master_deck":["Strike_R","Strike_R","Strike_R","Strike_R","Defend_R","Defend_R","Defend_R","Defend_R","Bash+1","Pommel Strike","Warcry","Regret","Ghostly Armor+1","Clothesline","Fire Breathing+1","Iron Wave","Flame Barrier+1","Disarm+1"],"relics":["Burning Blood","NeowsBlessing","CultistMask","Prayer Wheel","Toxic Egg 2","Bag of Marbles","Bronze Scales","Strawberry"],"potions_floor_usage":[],"damage_taken":[{"damage":0,"enemies":"Jaw Worm","floor":1,"turns":1},{"damage":0,"enemies":"Cultist","floor":3,"turns":1},{"damage":0,"enemies":"Lagavulin","floor":8,"turns":1},{"damage":36,"enemies":"3 Sentries","floor":11,"turns":10},{"damage":34,"enemies":"Lagavulin","floor":13,"turns":7},{"damage":4,"enemies":"2 Louse","floor":14,"turns":2},{"damage":65,"enemies":"Slime Boss","floor":16,"turns":10}],"seed_played":"1276269286060199186","potions_obtained":[{"floor":13,"key":"Dexterity Potion"}],"is_trial":false,"path_per_floor":["M","?","M","?","?","R","$","E","T","R","E","R","E","M","R"],"character_chosen":"IRONCLAD","items_purchased":["Prayer Wheel","Ghostly Armor"],"campfire_rested":1,"item_purchase_floors":[7,7],"current_hp_per_floor":[80,80,80,80,80,80,80,80,80,80,50,50,29,31,57,0],"gold":190,"neow_bonus":"THREE_ENEMY_KILL","is_prod":false,"is_daily":false,"chose_seed":false,"campfire_upgraded":3,"win_rate":0,"timestamp":1537211966,"path_taken":["M","?","M","?","?","R","$","E","T","R","E","R","E","M","R","BOSS"],"build_version":"2018-09-06","purchased_purges":0,"victory":false,"max_hp_per_floor":[80,80,80,80,80,80,80,80,80,80,80,80,87,87,87,87],"card_choices":[{"not_picked":["Flex","Combust"],"picked":"Pommel Strike","floor":1},{"not_picked":["Body Slam","Second Wind"],"picked":"Warcry","floor":3},{"not_picked":["Headbutt","Cleave"],"picked":"Clothesline","floor":8},{"not_picked":["Ghostly Armor+1","Heavy Blade"],"picked":"Fire Breathing","floor":11},{"not_picked":["Headbutt","True Grit+1"],"picked":"Iron Wave","floor":13},{"not_picked":["Iron Wave","Feel No Pain"],"picked":"Flame Barrier+1","floor":14},{"not_picked":["Anger","Clash"],"picked":"Disarm+1","floor":14}],"player_experience":403916,"relics_obtained":[{"floor":8,"key":"Toxic Egg 2"},{"floor":9,"key":"Bag of Marbles"},{"floor":11,"key":"Bronze Scales"},{"floor":13,"key":"Strawberry"}],"event_choices":[{"event_name":"FaceTrader","player_choice":"Trade","floor":2,"damage_taken":0},{"event_name":"Bonfire Elementals","player_choice":"BASIC","floor":4,"damage_taken":0},{"event_name":"Golden Shrine","player_choice":"Desecrate","floor":5,"damage_taken":0}],"is_beta":false,"boss_relics":[],"items_purged_floors":[],"is_endless":false,"potions_floor_spawned":[13],"killed_by":"Slime Boss","ascension_level":4}