{"gold_per_floor":[112,126,138,150,161,161,192,251,251,251,4,154,114,14,14,91,91,108,126,126,142,159,189,201,201,201,216,229,248,4,24,24,24],"floor_reached":33,"playtime":2343,"items_purged":["Defend_R","Strike_R"],"score":491,"play_id":"9c35bbd7-0c20-411f-b015-dbd5950a56bf","local_time":"20190125233556","is_ascension_mode":true,"campfire_choices":[{"data":"Flame Barrier","floor":6.0,"key":"SMITH"},{"floor":15.0,"key":"REST"},{"data":"Armaments","floor":32,"key":"SMITH"}],"neow_cost":"NONE","seed_source_timestamp":48534959437984,"circlet_count":0,"master_deck":["AscendersBane","Strike_R","Strike_R+1","Strike_R","Strike_R+1","Defend_R","Defend_R","Defend_R","Bash","Inflame","Flame Barrier+1","Shrug It Off","Dual Wield","Shrug It Off","Limit Break+1","Inflame","Shockwave","Demon Form","Metallicize","Whirlwind","Seeing Red","Battle Trance","Clothesline","Sword Boomerang","Shrug It Off","Flame Barrier","Disarm","Armaments+1"],"special_seed":0,"relics":["Burning Blood","Whetstone","Omamori","Gremlin Horn","Dream Catcher","Coffee Dripper","Peace Pipe","Lantern","Champion Belt","Oddly Smooth Stone"],"potions_floor_usage":[23,24,28,29],"damage_taken":[{"damage":0.0,"enemies":"Small Slimes","floor":1.0,"turns":3.0},{"damage":5.0,"enemies":"2 Louse","floor":2.0,"turns":4.0},{"damage":5.0,"enemies":"Cultist","floor":3.0,"turns":4.0},{"damage":2.0,"enemies":"2 Fungi Beasts","floor":4.0,"turns":5.0},{"damage":25.0,"enemies":"Gremlin Gang","floor":5.0,"turns":8.0},{"damage":30.0,"enemies":"Gremlin Nob","floor":7.0,"turns":5.0},{"damage":22.0,"enemies":"3 Sentries","floor":8.0,"turns":11.0},{"damage":36.0,"enemies":"Hexaghost","floor":16.0,"turns":11.0},{"damage":1.0,"enemies":"3 Byrds","floor":18.0,"turns":2.0},{"damage":19.0,"enemies":"Spheric Guardian","floor":19.0,"turns":7.0},{"damage":6.0,"enemies":"Snake Plant","floor":21.0,"turns":5.0},{"damage":15.0,"enemies":"3 Cultists","floor":22.0,"turns":4.0},{"damage":37,"enemies":"Slavers","floor":23,"turns":4},{"damage":5,"enemies":"Chosen and Byrds","floor":24,"turns":6},{"damage":4,"enemies":"Cultist and Chosen","floor":27,"turns":7},{"damage":10,"enemies":"Snake Plant","floor":28,"turns":3},{"damage":15,"enemies":"Shelled Parasite and Fungi","floor":29,"turns":5},{"damage":8,"enemies":"Centurion and Healer","floor":31,"turns":6},{"damage":25,"enemies":"Collector","floor":33,"turns":3}],"seed_played":"3005446355354255767","potions_obtained":[{"floor":1.0,"key":"Swift Potion"},{"floor":3.0,"key":"SteroidPotion"},{"floor":5.0,"key":"Fire Potion"},{"floor":7.0,"key":"Energy Potion"},{"floor":19.0,"key":"SkillPotion"},{"floor":22.0,"key":"BloodPotion"},{"floor":23,"key":"Block Potion"},{"floor":24,"key":"Strength Potion"},{"floor":27,"key":"AttackPotion"},{"floor":31,"key":"Poison Potion"}],"is_trial":false,"path_per_floor":["M","M","M","M","M","R","E","?","T","?","$","?","?","$","R","B",null,"M","M","?","M","M","E","M","?","T","M","M","M","$","M","R","B"],"character_chosen":"IRONCLAD","items_purchased":["Dream Catcher","Oddly Smooth Stone","Disarm"],"campfire_rested":1,"item_purchase_floors":[11,30,30],"current_hp_per_floor":[81,82,82,82,63,63,39,23,23,23,23,23,23,23,47,17,66,71,58,58,58,49,18,19,19,19,21,25,16,16,14,14,0],"gold":24,"neow_bonus":"TEN_PERCENT_HP_BONUS","is_prod":false,"is_daily":false,"chose_seed":false,"campfire_upgraded":2,"win_rate":0,"timestamp":1548477356,"path_taken":["M","M","M","M","M","R","E","?","T","?","$","?","?","?","R","BOSS","M","M","?","?","M","E","M","?","T","M","M","?","$","M","R","BOSS"],"build_version":"2019-01-23","purchased_purges":2,"victory":false,"max_hp_per_floor":[82,82,82,82,82,82,82,82,82,82,82,82,82,82,82,82,82,82,82,82,82,82,82,82,82,82,82,82,82,82,82,82,82],"card_choices":[{"not_picked":["Infernal Blade","Dropkick"],"picked":"Inflame","floor":1.0},{"not_picked":["Rampage","Dual Wield"],"picked":"Flame Barrier","floor":2.0},{"not_picked":["Evolve","True Grit"],"picked":"Shrug It Off","floor":3.0},{"not_picked":["Twin Strike","Thunderclap"],"picked":"Dual Wield","floor":4.0},{"not_picked":["Sword Boomerang","Bloodletting"],"picked":"Shrug It Off","floor":5.0},{"not_picked":["Disarm","Feel No Pain"],"picked":"Limit Break","floor":7.0},{"not_picked":["True Grit","Dropkick"],"picked":"Inflame","floor":8.0},{"not_picked":["Warcry","Body Slam"],"picked":"Shockwave","floor":15.0},{"not_picked":["Berserk","Limit Break"],"picked":"Demon Form","floor":16.0},{"not_picked":["Power Through","Heavy Blade"],"picked":"Metallicize","floor":18.0},{"not_picked":["Pommel Strike","Perfected Strike"],"picked":"Whirlwind","floor":19.0},{"not_picked":["Flex","Clothesline"],"picked":"Seeing Red","floor":21.0},{"not_picked":["Burning Pact","Immolate","Perfected Strike"],"picked":"SKIP","floor":22.0},{"not_picked":["Burning Pact","Immolate","Perfected Strike"],"picked":"SKIP","floor":22.0},{"not_picked":["Heavy Blade","Thunderclap"],"picked":"Battle Trance","floor":23},{"not_picked":["Sever Soul","Warcry"],"picked":"Clothesline","floor":24},{"not_picked":["Warcry","Flex"],"picked":"Sword Boomerang","floor":27},{"not_picked":["Whirlwind","Intimidate+1"],"picked":"Shrug It Off","floor":28},{"not_picked":["Shockwave","Dropkick"],"picked":"Flame Barrier","floor":29},{"not_picked":["True Grit","Havoc"],"picked":"Armaments","floor":31}],"player_experience":921918,"relics_obtained":[{"floor":7.0,"key":"Whetstone"},{"floor":8.0,"key":"Omamori"},{"floor":9.0,"key":"Gremlin Horn"},{"floor":23,"key":"Peace Pipe"},{"floor":26,"key":"Champion Belt"}],"event_choices":[{"damage_healed":0.0,"max_hp_gain":0.0,"max_hp_loss":0.0,"gold_gain":30.0,"event_name":"Dead Adventurer","player_choice":"Searched \u00272\u0027 times","floor":8.0,"gold_loss":0.0,"damage_taken":0.0},{"damage_healed":0.0,"max_hp_gain":0.0,"max_hp_loss":0.0,"gold_gain":0.0,"event_name":"Golden Wing","player_choice":"Ignored","floor":10.0,"gold_loss":0.0,"damage_taken":0.0},{"damage_healed":0.0,"max_hp_gain":0.0,"max_hp_loss":0.0,"gold_gain":150.0,"event_name":"Liars Game","player_choice":"AGREE","floor":12.0,"gold_loss":0.0,"damage_taken":0.0,"cards_obtained":["Doubt"]},{"damage_healed":0.0,"max_hp_gain":0.0,"max_hp_loss":0.0,"gold_gain":0.0,"event_name":"World of Goop","player_choice":"Left Gold","floor":13.0,"gold_loss":40.0,"damage_taken":0.0},{"damage_healed":0.0,"max_hp_gain":0.0,"max_hp_loss":0.0,"gold_gain":0.0,"event_name":"Upgrade Shrine","player_choice":"Upgraded","floor":20.0,"gold_loss":0.0,"damage_taken":0.0,"cards_upgraded":["Limit Break"]},{"damage_healed":0,"gold_gain":0,"player_choice":"Gave Potion","damage_taken":0,"relics_obtained":["Lantern"],"max_hp_gain":0,"max_hp_loss":0,"event_name":"WeMeetAgain","floor":25,"gold_loss":0}],"is_beta":false,"boss_relics":[{"not_picked":["Runic Pyramid","Black Blood"],"picked":"Coffee Dripper"}],"items_purged_floors":[11,14],"is_endless":false,"potions_floor_spawned":[1,3,5,7,19,22,23,24,27,31],"killed_by":"Collector","ascension_level":16}