{"gold_per_floor":[212,212,231,246,259,294,306,306,306,52,52,85,10,23,23,97,97,111,135,154,29,29,29,46,46,72,72,97,38,38,50,50,127,127,143,18,0,100,120,120],"floor_reached":40,"playtime":2439,"items_purged":["Strike_B","Strike_B","Strike_B"],"score":828,"play_id":"d31a254a-7d28-42c0-abfb-da84ab5dffee","local_time":"20190206223411","is_ascension_mode":true,"campfire_choices":[{"floor":8,"key":"REST"},{"data":"Barrage","floor":11,"key":"SMITH"},{"floor":15,"key":"REST"},{"data":"Consume","floor":23,"key":"SMITH"},{"floor":25,"key":"REST"},{"data":"Coolheaded","floor":27,"key":"SMITH"},{"floor":32,"key":"REST"}],"neow_cost":"NONE","seed_source_timestamp":1728301078250149,"circlet_count":0,"master_deck":["AscendersBane","Strike_B","Defend_B+1","Defend_B","Defend_B+1","Defend_B","Zap+1","Dualcast","Compile Driver","Ball Lightning","Barrage+1","Ball Lightning","Undo","Leap","Ball Lightning","Compile Driver","Electrodynamics","Consume+1","Coolheaded+1","Genetic Algorithm","Coolheaded","Defragment","Echo Form","Coolheaded"],"relics":["Cracked Core","Art of War","DataDisk","Medical Kit","Vajra","Inserter","War Paint","Letter Opener","Coffee Dripper","Red Mask","Emotion Chip"],"potions_floor_usage":[12,30,31,40],"damage_taken":[{"damage":2,"enemies":"Jaw Worm","floor":1,"turns":3},{"damage":0,"enemies":"Cultist","floor":3,"turns":3},{"damage":0,"enemies":"Small Slimes","floor":4,"turns":3},{"damage":15,"enemies":"Exordium Wildlife","floor":5,"turns":5},{"damage":25,"enemies":"Lagavulin","floor":6,"turns":6},{"damage":6,"enemies":"2 Fungi Beasts","floor":7,"turns":2},{"damage":25,"enemies":"Gremlin Nob","floor":12,"turns":4},{"damage":0,"enemies":"Looter","floor":14,"turns":3},{"damage":3,"enemies":"Slime Boss","floor":16,"turns":7},{"damage":0,"enemies":"Spheric Guardian","floor":18,"turns":3},{"damage":21,"enemies":"Shell Parasite","floor":20,"turns":4},{"damage":27,"enemies":"Snake Plant","floor":24,"turns":4},{"damage":19,"enemies":"Gremlin Leader","floor":28,"turns":5},{"damage":4,"enemies":"Colosseum Slavers","floor":30,"turns":4},{"damage":0,"enemies":"3 Cultists","floor":31,"turns":4},{"damage":24,"enemies":"Automaton","floor":33,"turns":11},{"damage":46,"enemies":"3 Darklings","floor":35,"turns":5},{"damage":0,"enemies":"Mind Bloom Boss Battle","floor":38,"turns":7},{"damage":3,"enemies":"3 Shapes","floor":39,"turns":5},{"damage":35,"enemies":"Nemesis","floor":40,"turns":3}],"seed_played":"-8220524921471488874","potions_obtained":[{"floor":6,"key":"SteroidPotion"},{"floor":7,"key":"Weak Potion"},{"floor":12,"key":"Poison Potion"},{"floor":14,"key":"SteroidPotion"},{"floor":28,"key":"Weak Potion"},{"floor":35,"key":"SneckoOil"},{"floor":38,"key":"PowerPotion"}],"is_trial":false,"path_per_floor":["M","?","M","M","M","E","M","R","T","$","R","E","$","M","R","B",null,"M","T","M","$","?","R","M","R","T","R","E","$","?","M","R","B",null,"M","$","?","?","M","E"],"character_chosen":"DEFECT","items_purchased":["Medical Kit","Leap","Coolheaded","Coolheaded"],"campfire_rested":4,"item_purchase_floors":[10,10,21,29],"current_hp_per_floor":[62,62,62,62,47,22,16,37,37,37,37,12,12,12,33,30,61,61,61,40,40,40,40,13,34,34,34,15,15,11,11,32,8,55,9,9,9,9,6,0],"gold":120,"neow_bonus":"HUNDRED_GOLD","is_prod":false,"is_daily":false,"chose_seed":false,"campfire_upgraded":3,"win_rate":0,"timestamp":1549521251,"path_taken":["M","?","M","M","M","E","?","R","T","$","R","E","?","M","R","BOSS","M","?","M","$","?","R","M","R","T","R","E","?","?","M","R","BOSS","M","$","?","?","M","E"],"build_version":"2019-01-23","purchased_purges":3,"victory":false,"max_hp_per_floor":[71,71,71,71,71,71,71,71,71,71,71,71,71,71,71,71,71,71,71,71,71,71,71,71,71,71,71,71,71,71,71,71,71,71,71,71,71,71,71,71],"card_choices":[{"not_picked":["Conserve Battery","Lockon"],"picked":"Compile Driver","floor":1},{"not_picked":["Sunder","Amplify"],"picked":"Ball Lightning","floor":3},{"not_picked":["Fusion","Storm"],"picked":"Barrage","floor":4},{"not_picked":["Redo","Turbo","Streamline"],"picked":"SKIP","floor":5},{"not_picked":["Recycle","Rebound"],"picked":"Ball Lightning","floor":6},{"not_picked":["Beam Cell","Fusion"],"picked":"Undo","floor":7},{"not_picked":["Reboot","Static Discharge"],"picked":"Ball Lightning","floor":12},{"not_picked":["Hologram","Hello World"],"picked":"Compile Driver","floor":14},{"not_picked":["Fission","Echo Form"],"picked":"Electrodynamics","floor":16},{"not_picked":["Static Discharge","Cold Snap"],"picked":"Consume","floor":18},{"not_picked":["Blizzard","Double Energy","Beam Cell"],"picked":"SKIP","floor":20},{"not_picked":["Chaos","Ball Lightning"],"picked":"Genetic Algorithm","floor":24},{"not_picked":["Go for the Eyes","Turbo","Electrodynamics"],"picked":"SKIP","floor":28},{"not_picked":["Rebound","Gash"],"picked":"Defragment","floor":31},{"not_picked":["Creative AI","Buffer"],"picked":"Echo Form","floor":33},{"not_picked":["Consume","Streamline","FTL"],"picked":"SKIP","floor":35},{"not_picked":["Barrage","Redo+1"],"picked":"Coolheaded","floor":38},{"not_picked":["Storm","Skim","Steam Power"],"picked":"SKIP","floor":39}],"player_experience":825795,"relics_obtained":[{"floor":6,"key":"Art of War"},{"floor":9,"key":"DataDisk"},{"floor":12,"key":"Vajra"},{"floor":19,"key":"War Paint"},{"floor":28,"key":"Letter Opener"},{"floor":38,"key":"Emotion Chip"}],"event_choices":[{"damage_healed":0,"gold_gain":0,"player_choice":"Upgraded","damage_taken":0,"max_hp_gain":0,"max_hp_loss":0,"event_name":"Upgrade Shrine","floor":2,"gold_loss":0,"cards_upgraded":["Zap"]},{"damage_healed":0,"gold_gain":0,"player_choice":"Ignored","damage_taken":0,"max_hp_gain":0,"max_hp_loss":0,"event_name":"Vampires","floor":22,"gold_loss":0},{"damage_healed":0,"gold_gain":0,"player_choice":"Fight","damage_taken":0,"max_hp_gain":0,"max_hp_loss":0,"event_name":"Colosseum","floor":30,"gold_loss":0},{"damage_healed":0,"gold_gain":0,"player_choice":"Fled From Nobs","damage_taken":0,"max_hp_gain":0,"max_hp_loss":0,"event_name":"Colosseum","floor":30,"gold_loss":0},{"damage_healed":0,"gold_gain":0,"player_choice":"Paid","damage_taken":0,"relics_obtained":["Red Mask"],"max_hp_gain":0,"max_hp_loss":0,"event_name":"Tomb of Lord Red Mask","floor":37,"gold_loss":18},{"damage_healed":0,"gold_gain":0,"player_choice":"Fight","damage_taken":0,"max_hp_gain":0,"max_hp_loss":0,"event_name":"MindBloom","floor":38,"gold_loss":0}],"is_beta":false,"boss_relics":[{"not_picked":["Philosopher\u0027s Stone","FrozenCore"],"picked":"Inserter"},{"not_picked":["Nuclear Battery","Black Star"],"picked":"Coffee Dripper"}],"items_purged_floors":[13,21,36],"is_endless":false,"potions_floor_spawned":[6,7,12,14,24,28,30,35,38],"killed_by":"Nemesis","ascension_level":20}