{"gold_per_floor":[118,136,154,167,167,198,198,211,211,228,245,245,276,296,296,374,374,387,23,0,0,10,10,45,45,72,102,102,102,134,152,152,226,226,236,252,252,267,267,298,308,325,325,341,353,407,433,451,451,451],"floor_reached":51,"playtime":9472,"items_purged":[],"score":1502,"play_id":"ea84f8cf-0778-49fc-b6c9-5744bd82743a","local_time":"20190203031024","is_ascension_mode":true,"campfire_choices":[{"floor":7.0,"key":"REST"},{"floor":12.0,"key":"REST"},{"floor":15.0,"key":"REST"},{"floor":23.0,"key":"REST"},{"floor":25.0,"key":"REST"},{"floor":32.0,"key":"REST"},{"floor":49,"key":"REST"}],"neow_cost":"NONE","seed_source_timestamp":0,"circlet_count":0,"master_deck":["AscendersBane","Defend_G+1","Defend_G+1","Defend_G+1","Defend_G+1","Defend_G+1","Survivor","Neutralize","Cloak And Dagger","Backflip","Footwork","PiercingWail","Cloak And Dagger","Accuracy","Blade Dance","Footwork","Escape Plan","Envenom","Flechettes","Well Laid Plans+1","After Image+1","Night Terror","PiercingWail","Bite","Bite","Bite","Bite","Bite","J.A.X.","A Thousand Cuts+1","Bullet Time","Crippling Poison","Sucker Punch+1","Leg Sweep","PiercingWail+1","Parasite","Backflip","Writhe","Night Terror","Leg Sweep","Noxious Fumes+1","Parasite","Bouncing Flask"],"special_seed":0,"relics":["Fusion Hammer","FaceOfCleric","Meat on the Bone","Ornamental Fan","Mango","Snecko Eye","Frozen Egg 2","Pantograph","Vajra","Centennial Puzzle","Cursed Key","Calipers","StoneCalendar","FossilizedHelix","Gambling Chip"],"potions_floor_usage":[50],"damage_taken":[{"damage":3.0,"enemies":"Small Slimes","floor":1.0,"turns":6.0},{"damage":0.0,"enemies":"Cultist","floor":2.0,"turns":4.0},{"damage":1.0,"enemies":"Jaw Worm","floor":3.0,"turns":4.0},{"damage":3.0,"enemies":"2 Fungi Beasts","floor":4.0,"turns":4.0},{"damage":33.0,"enemies":"3 Sentries","floor":6.0,"turns":16.0},{"damage":1.0,"enemies":"Blue Slaver","floor":8.0,"turns":5.0},{"damage":2.0,"enemies":"3 Louse","floor":10.0,"turns":5.0},{"damage":0.0,"enemies":"2 Fungi Beasts","floor":11.0,"turns":4.0},{"damage":6.0,"enemies":"Lagavulin","floor":13.0,"turns":9.0},{"damage":0.0,"enemies":"Blue Slaver","floor":14.0,"turns":5.0},{"damage":20.0,"enemies":"The Guardian","floor":16.0,"turns":17.0},{"damage":13.0,"enemies":"Shell Parasite","floor":18.0,"turns":12.0},{"damage":18.0,"enemies":"2 Thieves","floor":20.0,"turns":4.0},{"damage":14.0,"enemies":"Centurion and Healer","floor":22.0,"turns":11.0},{"damage":76.0,"enemies":"Gremlin Leader","floor":24.0,"turns":12.0},{"damage":12.0,"enemies":"Book of Stabbing","floor":27.0,"turns":6.0},{"damage":61.0,"enemies":"Slavers","floor":30.0,"turns":13.0},{"damage":1.0,"enemies":"Cultist and Chosen","floor":31.0,"turns":8.0},{"damage":29.0,"enemies":"Champ","floor":33.0,"turns":12.0},{"damage":23.0,"enemies":"3 Shapes","floor":35.0,"turns":4.0},{"damage":7.0,"enemies":"Orb Walker","floor":36.0,"turns":4.0},{"damage":11.0,"enemies":"Jaw Worm Horde","floor":38.0,"turns":4.0},{"damage":39,"enemies":"Reptomancer","floor":40,"turns":8},{"damage":0,"enemies":"Writhing Mass","floor":41,"turns":8},{"damage":15,"enemies":"Sphere and 2 Shapes","floor":42,"turns":6},{"damage":1,"enemies":"Jaw Worm Horde","floor":44,"turns":3},{"damage":3,"enemies":"Maw","floor":45,"turns":7},{"damage":21,"enemies":"2 Orb Walkers","floor":46,"turns":6},{"damage":0,"enemies":"Giant Head","floor":47,"turns":10},{"damage":0,"enemies":"Writhing Mass","floor":48,"turns":8},{"damage":8,"enemies":"Time Eater","floor":50,"turns":15}],"seed_played":"-8076146074412507486","potions_obtained":[{"floor":2.0,"key":"Dexterity Potion"},{"floor":10.0,"key":"Explosive Potion"},{"floor":14.0,"key":"Fruit Juice"},{"floor":18.0,"key":"SpeedPotion"},{"floor":30.0,"key":"Weak Potion"},{"floor":31.0,"key":"SkillPotion"},{"floor":35.0,"key":"EssenceOfSteel"}],"is_trial":false,"path_per_floor":["M","M","M","M","?","E","R","M","T","M","M","R","E","M","R","B",null,"M","$","M","?","M","R","E","R","T","E","?","?","E","M","R","B",null,"M","M","?","M","?","E","M","M","T","M","M","?","E","M","R","B",null],"character_chosen":"THE_SILENT","items_purchased":["Frozen Egg 2","Well Laid Plans+1"],"campfire_rested":7,"item_purchase_floors":[19,19],"current_hp_per_floor":[56,56,55,52,52,20,40,40,40,39,40,61,70,71,86,72,87,75,75,58,58,57,85,22,50,50,53,53,53,19,43,72,91,98,84,84,84,82,82,62,73,71,71,83,89,75,88,101,111,112],"gold":451,"neow_bonus":"BOSS_RELIC","is_prod":false,"is_daily":false,"chose_seed":false,"campfire_upgraded":0,"win_rate":0,"timestamp":1549181424,"path_taken":["M","M","M","M","?","E","R","M","T","?","M","R","E","M","R","BOSS","M","$","M","?","M","R","E","R","T","E","?","?","E","M","R","BOSS","M","M","?","M","?","E","M","M","T","M","M","?","E","M","R","BOSS"],"build_version":"2019-01-23","purchased_purges":0,"victory":true,"max_hp_per_floor":[66,66,66,66,66,67,67,68,68,69,70,70,85,86,86,92,92,93,93,94,94,95,95,96,96,96,97,97,97,98,99,99,100,100,101,102,102,103,103,104,105,106,106,107,108,109,110,111,111,112],"card_choices":[{"not_picked":["Tactician","Poisoned Stab"],"picked":"Cloak And Dagger","floor":1.0},{"not_picked":["Deadly Poison","Riddle With Holes"],"picked":"Backflip","floor":2.0},{"not_picked":["Dagger Throw","Acrobatics"],"picked":"Footwork","floor":3.0},{"not_picked":["Catalyst","Distraction"],"picked":"PiercingWail","floor":4.0},{"not_picked":["Underhanded Strike","Outmaneuver"],"picked":"Cloak And Dagger","floor":6.0},{"not_picked":["Deflect","Malaise"],"picked":"Accuracy","floor":8.0},{"not_picked":["Deadly Poison","Eviscerate"],"picked":"Blade Dance","floor":10.0},{"not_picked":["Dagger Spray","Underhanded Strike","Deadly Poison"],"picked":"SKIP","floor":11.0},{"not_picked":["Poisoned Stab","Adrenaline"],"picked":"Footwork","floor":13.0},{"not_picked":["Riddle With Holes","Dagger Spray"],"picked":"Escape Plan","floor":14.0},{"not_picked":["Glass Knife","Burst"],"picked":"Envenom","floor":16.0},{"not_picked":["Dagger Spray","Underhanded Strike"],"picked":"Flechettes","floor":18.0},{"not_picked":["Flying Knee","Poisoned Stab","Slice"],"picked":"SKIP","floor":20.0},{"not_picked":["Well Laid Plans+1","PiercingWail"],"picked":"After Image+1","floor":22.0},{"not_picked":["Dodge and Roll","After Image+1"],"picked":"Night Terror","floor":24.0},{"not_picked":["Slice+1","Grand Finale"],"picked":"PiercingWail","floor":27.0},{"not_picked":["Phantasmal Killer","Prepared","Bane"],"picked":"SKIP","floor":30.0},{"not_picked":["Blur","Slice"],"picked":"A Thousand Cuts+1","floor":31.0},{"not_picked":["Envenom+1","Night Terror"],"picked":"Bullet Time","floor":33.0},{"not_picked":["Deflect","Outmaneuver+1"],"picked":"Crippling Poison","floor":35.0},{"not_picked":["Reflex","Acrobatics"],"picked":"Sucker Punch+1","floor":36.0},{"not_picked":["Reflex+1","Outmaneuver"],"picked":"Leg Sweep","floor":38.0},{"not_picked":["Bane","Flying Knee"],"picked":"PiercingWail+1","floor":40},{"not_picked":["Reflex","Phantasmal Killer","Dash"],"picked":"SKIP","floor":41},{"not_picked":["Deadly Poison","Quick Slash"],"picked":"Backflip","floor":42},{"not_picked":["Deadly Poison","Slice","Caltrops+1"],"picked":"SKIP","floor":44},{"not_picked":["Blur+1","All Out Attack+1"],"picked":"Night Terror","floor":45},{"not_picked":["Flechettes+1","Deadly Poison"],"picked":"Leg Sweep","floor":46},{"not_picked":["Flying Knee","Deflect"],"picked":"Noxious Fumes+1","floor":47},{"not_picked":["Catalyst","Underhanded Strike"],"picked":"Bouncing Flask","floor":48}],"player_experience":983182,"relics_obtained":[{"floor":6.0,"key":"Meat on the Bone"},{"floor":9.0,"key":"Ornamental Fan"},{"floor":13.0,"key":"Mango"},{"floor":24.0,"key":"Pantograph"},{"floor":26.0,"key":"Blood Vial"},{"floor":27.0,"key":"Vajra"},{"floor":30.0,"key":"Centennial Puzzle"},{"floor":40,"key":"Calipers"},{"floor":43,"key":"StoneCalendar"},{"floor":46,"key":"FossilizedHelix"},{"floor":47,"key":"Gambling Chip"}],"event_choices":[{"damage_healed":0.0,"max_hp_gain":0.0,"max_hp_loss":0.0,"gold_gain":0.0,"event_name":"FaceTrader","player_choice":"Trade","floor":5.0,"gold_loss":0.0,"damage_taken":0.0,"relics_obtained":["FaceOfCleric"]},{"damage_healed":0.0,"max_hp_gain":0.0,"max_hp_loss":0.0,"gold_gain":0.0,"event_name":"Back to Basics","player_choice":"Simplicity","floor":21.0,"gold_loss":0.0,"damage_taken":0.0,"cards_upgraded":["Defend_G","Defend_G","Defend_G","Defend_G","Defend_G","Strike_G","Strike_G","Strike_G","Strike_G","Strike_G"]},{"damage_healed":0.0,"max_hp_gain":0.0,"max_hp_loss":0.0,"gold_gain":0.0,"event_name":"Vampires","player_choice":"Became a vampire (Vial)","floor":28.0,"relics_lost":["Blood Vial"],"gold_loss":0.0,"damage_taken":0.0,"cards_obtained":["Bite","Bite","Bite","Bite","Bite"]},{"damage_healed":0.0,"max_hp_gain":0.0,"max_hp_loss":0.0,"gold_gain":0.0,"event_name":"Drug Dealer","player_choice":"Obtain J.A.X.","floor":29.0,"gold_loss":0.0,"damage_taken":0.0,"cards_obtained":["J.A.X."]},{"damage_healed":0.0,"max_hp_gain":0.0,"max_hp_loss":0.0,"gold_gain":0.0,"event_name":"Tomb of Lord Red Mask","player_choice":"Ignored","floor":37.0,"gold_loss":0.0,"damage_taken":0.0},{"damage_healed":0,"gold_gain":0,"player_choice":"Memory 1","damage_taken":0,"max_hp_gain":0,"max_hp_loss":0,"event_name":"SensoryStone","floor":39,"gold_loss":0},{"damage_healed":0,"gold_gain":0,"player_choice":"Fight","damage_taken":0,"max_hp_gain":0,"max_hp_loss":0,"event_name":"Mysterious Sphere","floor":46,"gold_loss":0}],"is_beta":false,"boss_relics":[{"not_picked":["White Beast Statue","Calling Bell"],"picked":"Snecko Eye"},{"not_picked":["HoveringKite","Black Star"],"picked":"Cursed Key"}],"items_purged_floors":[],"is_endless":false,"potions_floor_spawned":[2,10,11,14,18,30,31,35,40,44,47,48],"ascension_level":17}