{"gold_per_floor":[109,109,109,129,139,139,164,164,187,219,249,271,298,328,340,453,465,490,502,40,70,84,114,114,130,130,130,160,12,12,26,26,130,130,140,140,152,71,122,150,14,39,64,76,109,121,343,358,358,358],"floor_reached":51,"playtime":4423,"items_purged":["Defend_B","Strike_B"],"score":1181,"play_id":"0bc4c167-ce59-42cf-b54e-6ea0f540212c","local_time":"20181030224546","is_ascension_mode":true,"campfire_choices":[{"floor":6.0,"key":"REST"},{"data":"Zap","floor":8.0,"key":"SMITH"},{"floor":15.0,"key":"REST"},{"floor":24.0,"key":"REST"},{"floor":27,"key":"REST"},{"floor":32,"key":"REST"}],"neow_cost":"PERCENT_DAMAGE","seed_source_timestamp":0,"circlet_count":0,"master_deck":["Strike_B","Defend_B","Defend_B","Defend_B","Zap+1","Dualcast","AscendersBane","Go for the Eyes","Glacier","Tempest","White Noise","Ball Lightning","Melter","Coolheaded","Ball Lightning+1","Compile Driver+1","Hologram","Echo Form","Stack","RitualDagger","Apotheosis","Aggregate+1","All For One","Storm+1","Conserve Battery","Conserve Battery+1","Loop","Creative AI","Storm","Echo Form","Self Repair","Madness","Madness","Static Discharge+1","Storm","White Noise","Hologram+1","FTL+1"],"special_seed":0,"relics":["Cracked Core","Happy Flower","Ginger","Lantern","MawBank","Fusion Hammer","Thread and Needle","Red Mask","Calipers","Bird Faced Urn","DataDisk","Coffee Dripper","Mango","Centennial Puzzle","Meat on the Bone","Blood Vial","Whetstone"],"potions_floor_usage":[39,40],"damage_taken":[{"damage":3.0,"enemies":"Small Slimes","floor":1.0,"turns":5.0},{"damage":2.0,"enemies":"2 Louse","floor":4.0,"turns":3.0},{"damage":0.0,"enemies":"Cultist","floor":5.0,"turns":3.0},{"damage":10.0,"enemies":"Lagavulin","floor":7.0,"turns":6.0},{"damage":17.0,"enemies":"3 Sentries","floor":10.0,"turns":6.0},{"damage":8.0,"enemies":"Looter","floor":11.0,"turns":2.0},{"damage":13.0,"enemies":"Large Slime","floor":12.0,"turns":4.0},{"damage":12.0,"enemies":"2 Fungi Beasts","floor":13.0,"turns":2.0},{"damage":0.0,"enemies":"Exordium Thugs","floor":14.0,"turns":3.0},{"damage":4.0,"enemies":"The Guardian","floor":16.0,"turns":10.0},{"damage":5.0,"enemies":"3 Byrds","floor":18.0,"turns":4.0},{"damage":10.0,"enemies":"Masked Bandits","floor":21.0,"turns":4.0},{"damage":0.0,"enemies":"Chosen","floor":22.0,"turns":4.0},{"damage":28.0,"enemies":"Gremlin Leader","floor":23.0,"turns":6.0},{"damage":0.0,"enemies":"Centurion and Healer","floor":25.0,"turns":5.0},{"damage":1,"enemies":"Book of Stabbing","floor":28,"turns":6},{"damage":0,"enemies":"Sentry and Sphere","floor":31,"turns":4},{"damage":20,"enemies":"Champ","floor":33,"turns":6},{"damage":4,"enemies":"3 Shapes","floor":35,"turns":4},{"damage":5,"enemies":"Orb Walker","floor":37,"turns":3},{"damage":40,"enemies":"2 Orb Walkers","floor":39,"turns":3},{"damage":28,"enemies":"Reptomancer","floor":40,"turns":4},{"damage":5,"enemies":"Giant Head","floor":42,"turns":5},{"damage":11,"enemies":"3 Darklings","floor":44,"turns":4},{"damage":30,"enemies":"Reptomancer","floor":45,"turns":4},{"damage":3,"enemies":"Transient","floor":46,"turns":5},{"damage":0,"enemies":"Sphere and 2 Shapes","floor":48,"turns":4},{"damage":52,"enemies":"Awakened One","floor":50,"turns":6}],"seed_played":"-6813418000520907456","potions_obtained":[{"floor":7.0,"key":"Fire Potion"},{"floor":11.0,"key":"SpeedPotion"},{"floor":12.0,"key":"GamblersBrew"},{"floor":33,"key":"AttackPotion"},{"floor":39,"key":"Swift Potion"},{"floor":40,"key":"Fire Potion"},{"floor":42,"key":"Fire Potion"}],"is_trial":false,"path_per_floor":["M","?","?","M","M","R","E","R","T","E","M","M","M","M","R","B",null,"M","?","$","?","M","E","R","M","T","R","E","$","?","M","R","B",null,"M","?","M","$","?","E","$","E","T","M","E","M","?","M","R","B"],"character_chosen":"DEFECT","items_purchased":["Apotheosis","Thread and Needle","Loop","Storm","White Noise"],"campfire_rested":5,"item_purchase_floors":[20,20,29,38,41],"current_hp_per_floor":[47,52,49,47,47,71,61,61,61,44,36,23,11,11,35,31,68,63,57,57,47,47,19,43,43,43,67,72,72,72,76,80,74,79,80,70,71,71,69,71,71,94,94,93,64,75,75,91,91,70],"gold":358,"neow_bonus":"TRANSFORM_TWO_CARDS","is_prod":false,"is_daily":false,"chose_seed":false,"campfire_upgraded":1,"win_rate":0,"timestamp":1540953946,"path_taken":["M","?","?","M","?","R","E","R","T","E","M","M","M","M","R","BOSS","M","?","?","?","M","E","R","M","T","R","E","$","?","?","R","BOSS","M","?","M","$","?","E","$","E","T","M","E","M","?","M","R","BOSS"],"build_version":"2018-10-25v2","purchased_purges":2,"victory":true,"max_hp_per_floor":[75,80,80,80,80,80,80,80,80,80,80,80,80,80,80,80,80,80,80,80,80,80,80,80,80,80,80,80,80,80,80,80,80,80,80,80,80,80,94,94,94,94,94,94,94,94,94,94,94,94],"card_choices":[{"not_picked":["Streamline","Compile Driver"],"picked":"Tempest","floor":1.0},{"not_picked":["Redo","Steam"],"picked":"White Noise","floor":4.0},{"not_picked":["Barrage","Force Field"],"picked":"Ball Lightning","floor":5.0},{"not_picked":["Hello World","Rebound"],"picked":"Melter","floor":7.0},{"not_picked":["Static Discharge","Gash","Fusion"],"picked":"SKIP","floor":10.0},{"not_picked":["Gash","Lockon"],"picked":"Coolheaded","floor":11.0},{"not_picked":["Recycle","Sweeping Beam"],"picked":"Ball Lightning","floor":12.0},{"not_picked":["Tempest","Rebound"],"picked":"Compile Driver","floor":13.0},{"not_picked":["Streamline","Sunder"],"picked":"Hologram","floor":14.0},{"not_picked":["Seek","Buffer"],"picked":"Echo Form","floor":16.0},{"not_picked":["Redo","Gash+1"],"picked":"Stack","floor":18.0},{"not_picked":["Steam","Recycle"],"picked":"Aggregate+1","floor":21.0},{"not_picked":["Stack+1","Steam"],"picked":"All For One","floor":22.0},{"not_picked":["Turbo","White Noise"],"picked":"Storm+1","floor":23.0},{"not_picked":["Redo","Beam Cell"],"picked":"Conserve Battery","floor":25.0},{"not_picked":["Beam Cell","Hologram"],"picked":"Conserve Battery+1","floor":28},{"not_picked":["Hello World","Beam Cell"],"picked":"Storm","floor":31},{"not_picked":["Seek","Thunder Strike"],"picked":"Echo Form","floor":33},{"not_picked":["Turbo","Go for the Eyes"],"picked":"Self Repair","floor":35},{"not_picked":["Hello World","Gash"],"picked":"Static Discharge+1","floor":37},{"not_picked":["Darkness+1","Sweeping Beam+1","Blizzard+1"],"picked":"SKIP","floor":40},{"not_picked":["Ball Lightning","Melter+1"],"picked":"Hologram+1","floor":42},{"not_picked":["Darkness+1","Barrage","Beam Cell"],"picked":"SKIP","floor":44},{"not_picked":["Hyperbeam","Redo+1","Barrage+1"],"picked":"SKIP","floor":45},{"not_picked":["Redo","Sunder","Beam Cell"],"picked":"SKIP","floor":46},{"not_picked":["Rebound","Leap"],"picked":"FTL+1","floor":48}],"player_experience":666345,"relics_obtained":[{"floor":7.0,"key":"Ginger"},{"floor":9.0,"key":"Lantern"},{"floor":10.0,"key":"MawBank"},{"floor":21.0,"key":"Red Mask"},{"floor":23.0,"key":"Calipers"},{"floor":26.0,"key":"Bird Faced Urn"},{"floor":28,"key":"DataDisk"},{"floor":39,"key":"Mango"},{"floor":40,"key":"Centennial Puzzle"},{"floor":42,"key":"Meat on the Bone"},{"floor":43,"key":"Blood Vial"},{"floor":45,"key":"Whetstone"}],"event_choices":[{"damage_healed":0.0,"max_hp_gain":5.0,"max_hp_loss":0.0,"gold_gain":0.0,"event_name":"Big Fish","player_choice":"Donut","floor":2.0,"gold_loss":0.0,"damage_taken":0.0},{"damage_healed":0.0,"max_hp_gain":0.0,"max_hp_loss":0.0,"gold_gain":0.0,"event_name":"Scrap Ooze","player_choice":"Success","floor":3.0,"gold_loss":0.0,"damage_taken":3.0,"relics_obtained":["Happy Flower"]},{"damage_healed":0.0,"max_hp_gain":0.0,"max_hp_loss":0.0,"gold_gain":0.0,"event_name":"Nest","player_choice":"Joined the Cult","floor":19.0,"gold_loss":0.0,"damage_taken":6.0,"cards_obtained":["RitualDagger"]},{"damage_healed":0.0,"max_hp_gain":0.0,"max_hp_loss":0.0,"gold_gain":0.0,"event_name":"Masked Bandits","player_choice":"Fought Bandits","floor":21.0,"gold_loss":0.0,"damage_taken":0.0},{"damage_healed":0,"gold_gain":0,"player_choice":"Read","damage_taken":0,"max_hp_gain":0,"max_hp_loss":0,"event_name":"The Library","floor":30,"gold_loss":0,"cards_obtained":["Creative AI"]},{"damage_healed":0,"gold_gain":0,"player_choice":"Embrace Madness","damage_taken":10,"max_hp_gain":0,"max_hp_loss":0,"event_name":"Winding Halls","floor":36,"gold_loss":0,"cards_obtained":["Madness","Madness"]},{"damage_healed":0,"gold_gain":0,"player_choice":"Fight","damage_taken":0,"max_hp_gain":0,"max_hp_loss":0,"event_name":"Mysterious Sphere","floor":39,"gold_loss":0},{"damage_healed":0,"gold_gain":222,"player_choice":"Wore Mask","damage_taken":0,"max_hp_gain":0,"max_hp_loss":0,"event_name":"Tomb of Lord Red Mask","floor":47,"gold_loss":0}],"is_beta":false,"boss_relics":[{"not_picked":["Calling Bell","Runic Pyramid"],"picked":"Fusion Hammer"},{"not_picked":["Black Star","Empty Cage"],"picked":"Coffee Dripper"}],"items_purged_floors":[29,41],"is_endless":false,"potions_floor_spawned":[7,11,12,22,28,33,39,40,42,46,48],"ascension_level":10}