{"gold_per_floor":[113,128,3,19,30,59,73,73,73,130,130,143,192,217,217,319,319,338,356,356,356,120,120,153,163,163,163,198,208,208,221,221,323,323,337,352,277,288,288,288,315,315,340,372,372,190,200,200,200,200],"floor_reached":50,"playtime":3106,"items_purged":["Normality","Shame"],"score":631,"play_id":"66864134-4865-4471-92e5-c73847b4b757","local_time":"20190207001850","is_ascension_mode":true,"campfire_choices":[{"floor":8,"key":"REST"},{"floor":11,"key":"REST"},{"floor":15,"key":"REST"},{"floor":23,"key":"REST"},{"floor":27,"key":"REST"},{"data":"Heavy Blade","floor":30,"key":"SMITH"},{"data":"Demon Form","floor":32,"key":"SMITH"},{"floor":40,"key":"REST"},{"floor":42,"key":"REST"},{"floor":45,"key":"REST"},{"data":"Limit Break","floor":49,"key":"SMITH"}],"neow_cost":"NONE","seed_source_timestamp":128321066242129,"circlet_count":0,"master_deck":["Defend_R","Defend_R","Defend_R","Defend_R","Bash","Hemokinesis+1","Reckless Charge+1","Rupture","Warcry","Armaments","Thunderclap","Blood for Blood","Headbutt","Demon Form+1","Heavy Blade+1","Pommel Strike","Necronomicurse","Bite","Bite","Bite","Bite","Bite","Hemokinesis","Juggernaut","Shockwave","Juggernaut","Double Tap","Flex+1","Limit Break+1","Battle Trance","Thinking Ahead"],"relics":["Velvet Choker","Bronze Scales","Boot","Tiny Chest","Happy Flower","Regal Pillow","Cursed Key","Necronomicon","Bag of Preparation","Mummified Hand","Whetstone","Vajra","Eternal Feather","Pen Nib","Centennial Puzzle","Letter Opener"],"potions_floor_usage":[7,10,16,19,24,39,50],"damage_taken":[{"damage":1,"enemies":"Cultist","floor":1,"turns":3},{"damage":4,"enemies":"Jaw Worm","floor":2,"turns":3},{"damage":3,"enemies":"Small Slimes","floor":4,"turns":3},{"damage":8,"enemies":"3 Louse","floor":5,"turns":3},{"damage":27,"enemies":"Gremlin Nob","floor":6,"turns":4},{"damage":6,"enemies":"Exordium Wildlife","floor":7,"turns":2},{"damage":24,"enemies":"Lagavulin","floor":10,"turns":7},{"damage":9,"enemies":"2 Fungi Beasts","floor":12,"turns":3},{"damage":54,"enemies":"The Guardian","floor":16,"turns":8},{"damage":10,"enemies":"3 Byrds","floor":18,"turns":3},{"damage":17,"enemies":"Spheric Guardian","floor":19,"turns":3},{"damage":43,"enemies":"Book of Stabbing","floor":24,"turns":4},{"damage":9,"enemies":"Centurion and Healer","floor":25,"turns":4},{"damage":3,"enemies":"Gremlin Leader","floor":28,"turns":6},{"damage":7,"enemies":"Cultist and Chosen","floor":29,"turns":3},{"damage":20,"enemies":"3 Cultists","floor":31,"turns":4},{"damage":14,"enemies":"Champ","floor":33,"turns":6},{"damage":5,"enemies":"Orb Walker","floor":35,"turns":3},{"damage":13,"enemies":"3 Shapes","floor":36,"turns":2},{"damage":33,"enemies":"Sphere and 2 Shapes","floor":38,"turns":3},{"damage":2,"enemies":"3 Darklings","floor":39,"turns":2},{"damage":56,"enemies":"Nemesis","floor":41,"turns":5},{"damage":35,"enemies":"Giant Head","floor":44,"turns":6},{"damage":7,"enemies":"Maw","floor":47,"turns":4},{"damage":73,"enemies":"Donu and Deca","floor":50,"turns":4}],"seed_played":"-3471577673815231970","potions_obtained":[{"floor":1,"key":"AttackPotion"},{"floor":5,"key":"SpeedPotion"},{"floor":6,"key":"Poison Potion"},{"floor":7,"key":"BloodPotion"},{"floor":16,"key":"Poison Potion"},{"floor":19,"key":"Energy Potion"},{"floor":24,"key":"GamblersBrew"},{"floor":28,"key":"Dexterity Potion"},{"floor":31,"key":"Energy Potion"},{"floor":38,"key":"SmokeBomb"},{"floor":44,"key":"FearPotion"}],"is_trial":false,"path_per_floor":["M","M","$","M","M","E","M","R","T","E","R","M","T","T","R","B",null,"M","M","?","?","$","R","E","M","T","R","E","M","R","M","R","B",null,"M","M","$","M","M","R","E","R","T","E","R","$","M","?","R","B"],"character_chosen":"IRONCLAD","items_purchased":["Rupture","Warcry","Hemokinesis","Bag of Preparation","Battle Trance"],"campfire_rested":8,"item_purchase_floors":[3,3,22,22,46],"current_hp_per_floor":[79,75,75,72,64,37,31,55,55,31,55,46,46,46,80,26,80,70,53,37,37,37,56,19,16,16,47,54,52,52,40,40,37,56,56,47,47,18,16,56,2,48,48,19,56,56,55,55,56,0],"gold":200,"neow_bonus":"BOSS_RELIC","is_prod":false,"is_daily":false,"chose_seed":false,"campfire_upgraded":3,"win_rate":0,"timestamp":1549516730,"path_taken":["M","M","$","M","M","E","M","R","T","E","R","M","?","?","R","BOSS","M","M","?","?","?","R","E","M","T","R","E","M","R","M","R","BOSS","M","M","$","M","M","R","E","R","T","E","R","$","M","?","R","BOSS"],"build_version":"2019-01-23","purchased_purges":2,"victory":false,"max_hp_per_floor":[80,80,80,80,80,80,80,80,80,80,80,80,80,80,80,80,80,80,80,80,56,56,56,56,56,56,56,56,56,56,56,56,56,56,56,56,56,56,56,56,56,56,56,56,56,56,56,56,56,56],"card_choices":[{"not_picked":["Sentinel","Sword Boomerang"],"picked":"Hemokinesis","floor":1},{"not_picked":["Heavy Blade","Dual Wield"],"picked":"Reckless Charge","floor":2},{"not_picked":["Disarm","Thunderclap"],"picked":"Armaments","floor":4},{"not_picked":["Armaments","Clothesline"],"picked":"Thunderclap","floor":5},{"not_picked":["Fire Breathing","Wild Strike","Corruption"],"picked":"SKIP","floor":6},{"not_picked":["Perfected Strike","Warcry"],"picked":"Blood for Blood","floor":7},{"not_picked":["Clothesline","Twin Strike"],"picked":"Headbutt","floor":10},{"not_picked":["Twin Strike","Perfected Strike","Burning Pact"],"picked":"SKIP","floor":12},{"not_picked":["Barricade","Exhume"],"picked":"Demon Form","floor":16},{"not_picked":["Havoc+1","Thunderclap+1"],"picked":"Heavy Blade","floor":18},{"not_picked":["Fire Breathing","Cleave"],"picked":"Pommel Strike","floor":19},{"not_picked":["Clash+1","Spot Weakness"],"picked":"Juggernaut","floor":24},{"not_picked":["Rampage","Pommel Strike","Cleave"],"picked":"SKIP","floor":25},{"not_picked":["Armaments","Fire Breathing+1","Rage"],"picked":"SKIP","floor":28},{"not_picked":["Havoc","Clothesline"],"picked":"Shockwave","floor":29},{"not_picked":["Power Through","Iron Wave","Corruption+1"],"picked":"SKIP","floor":31},{"not_picked":["Dark Embrace","Fiend Fire"],"picked":"Juggernaut","floor":33},{"not_picked":["Iron Wave+1","Cleave+1","Headbutt"],"picked":"SKIP","floor":35},{"not_picked":["Armaments","Wild Strike"],"picked":"Double Tap","floor":36},{"not_picked":["Warcry","Clash"],"picked":"Flex+1","floor":38},{"not_picked":["True Grit+1","Headbutt","Sever Soul+1"],"picked":"SKIP","floor":41},{"not_picked":["Clash+1","Feel No Pain+1"],"picked":"Limit Break","floor":44},{"not_picked":["Twin Strike","Evolve","Cleave+1"],"picked":"SKIP","floor":47},{"not_picked":["Jack Of All Trades","Impatience"],"picked":"Thinking Ahead","floor":48}],"player_experience":100839,"relics_obtained":[{"floor":6,"key":"Bronze Scales"},{"floor":9,"key":"Boot"},{"floor":10,"key":"Tiny Chest"},{"floor":13,"key":"Happy Flower"},{"floor":14,"key":"Regal Pillow"},{"floor":20,"key":"Necronomicon"},{"floor":24,"key":"Mummified Hand"},{"floor":26,"key":"Whetstone"},{"floor":28,"key":"Vajra"},{"floor":41,"key":"Pen Nib"},{"floor":43,"key":"Centennial Puzzle"},{"floor":44,"key":"Letter Opener"}],"event_choices":[{"damage_healed":0,"gold_gain":0,"player_choice":"Obtained Book","damage_taken":16,"max_hp_gain":0,"max_hp_loss":0,"event_name":"Cursed Tome","floor":20,"gold_loss":0},{"damage_healed":0,"gold_gain":0,"player_choice":"Became a vampire","damage_taken":0,"max_hp_gain":0,"max_hp_loss":24,"event_name":"Vampires","floor":21,"gold_loss":0,"cards_obtained":["Bite","Bite","Bite","Bite","Bite"]},{"damage_healed":0,"gold_gain":0,"player_choice":"Memory 1","damage_taken":0,"max_hp_gain":0,"max_hp_loss":0,"event_name":"SensoryStone","floor":48,"gold_loss":0}],"is_beta":false,"boss_relics":[{"not_picked":["Lizard Tail","Empty Cage"],"picked":"Cursed Key"},{"not_picked":["Pandora\u0027s Box","Runic Cube"],"picked":"Eternal Feather"}],"items_purged_floors":[37,46],"is_endless":false,"potions_floor_spawned":[1,5,6,7,16,19,24,28,31,36,38,44],"killed_by":"Donu and Deca","ascension_level":1}