{"gold_per_floor":[109,81,81,93,106,106,121,121,198,33,49,49,49,84,84,163,163,179,179,179,190,210,210,227,227,227,238,238,12,12,73,73,150,150,160,160,160,180,203,203,228,247,247,260,260],"floor_reached":45,"playtime":3777,"items_purged":["Strike_B"],"score":976,"play_id":"f2dbe48c-e3df-4d60-b601-562f08c3533c","local_time":"20190208230345","is_ascension_mode":true,"campfire_choices":[{"floor":6,"key":"REST"},{"data":"Streamline","floor":8,"key":"SMITH"},{"data":"Self Repair","floor":12,"key":"SMITH"},{"data":"Go for the Eyes","floor":15,"key":"SMITH"},{"data":"Biased Cognition","floor":23,"key":"SMITH"},{"data":"Hologram","floor":25,"key":"SMITH"},{"data":"Leap","floor":28,"key":"SMITH"},{"data":"Defragment","floor":32,"key":"SMITH"},{"floor":40,"key":"RECALL"}],"neow_cost":"PERCENT_DAMAGE","seed_source_timestamp":1901540027420894,"circlet_count":0,"master_deck":["AscendersBane","Strike_B","Strike_B","Strike_B+1","Defend_B","Defend_B","Defend_B","Zap","Dualcast+1","Cold Snap","Streamline+1","Steam","Go for the Eyes+1","Ball Lightning","Self Repair+1","Cold Snap","Core Surge","Biased Cognition+1","Glacier","Leap+1","Hologram+1","Ball Lightning","BootSequence+1","Necronomicurse","Defragment+1","Core Surge","Glacier+1","White Noise"],"relics":["Cracked Core","Pocketwatch","Shuriken","Strawberry","Orrery","Necronomicon","Symbiotic Virus","Torii","Membership Card","Tiny Chest","Fusion Hammer","Happy Flower","Ancient Tea Set"],"potions_floor_usage":[7,11,33,33,33,45],"damage_taken":[{"damage":0,"enemies":"2 Louse","floor":1,"turns":2},{"damage":4,"enemies":"Small Slimes","floor":4,"turns":3},{"damage":0,"enemies":"Jaw Worm","floor":5,"turns":3},{"damage":9,"enemies":"Exordium Thugs","floor":7,"turns":4},{"damage":5,"enemies":"Lots of Slimes","floor":11,"turns":4},{"damage":16,"enemies":"Lagavulin","floor":14,"turns":3},{"damage":11,"enemies":"Hexaghost","floor":16,"turns":9},{"damage":16,"enemies":"Shell Parasite","floor":18,"turns":5},{"damage":6,"enemies":"Spheric Guardian","floor":21,"turns":4},{"damage":8,"enemies":"Centurion and Healer","floor":22,"turns":5},{"damage":0,"enemies":"Snake Plant","floor":24,"turns":5},{"damage":12,"enemies":"Sentry and Sphere","floor":27,"turns":4},{"damage":11,"enemies":"Slavers","floor":31,"turns":7},{"damage":20,"enemies":"Collector","floor":33,"turns":14},{"damage":15,"enemies":"3 Shapes","floor":35,"turns":5},{"damage":1,"enemies":"3 Darklings","floor":38,"turns":5},{"damage":0,"enemies":"Nemesis","floor":41,"turns":7},{"damage":11,"enemies":"Spire Growth","floor":42,"turns":5},{"damage":2,"enemies":"Maw","floor":44,"turns":9},{"damage":85,"enemies":"Reptomancer","floor":45,"turns":7}],"seed_played":"3090956710432444952","potions_obtained":[{"floor":4,"key":"GamblersBrew"},{"floor":5,"key":"Ancient Potion"},{"floor":7,"key":"GamblersBrew"},{"floor":27,"key":"EntropicBrew"},{"floor":33,"key":"SkillPotion"},{"floor":41,"key":"Dexterity Potion"}],"is_trial":false,"path_per_floor":["M","$","?","M","M","R","M","R","T","$","M","R","?","E","R","B",null,"M","?","T","M","M","R","M","R","T","M","R","$","?","E","R","B",null,"M","?","?","M","T","R","E","M","T","M","E"],"character_chosen":"DEFECT","items_purchased":["Streamline","Self Repair","Membership Card"],"campfire_rested":1,"item_purchase_floors":[2,10,29],"current_hp_per_floor":[46,46,25,21,21,42,33,33,33,33,35,35,35,26,26,25,65,59,38,38,42,44,44,54,54,54,52,52,52,52,51,51,41,69,64,64,64,73,73,73,78,77,77,78,0],"gold":260,"neow_bonus":"ONE_RARE_RELIC","is_prod":false,"is_daily":false,"chose_seed":false,"campfire_upgraded":7,"win_rate":0,"timestamp":1549695825,"path_taken":["M","$","?","M","M","R","M","R","T","$","M","R","?","E","R","BOSS","M","?","?","M","M","R","M","R","T","?","R","?","?","E","R","BOSS","M","?","?","M","?","R","E","M","T","?","E"],"build_version":"2019-01-23","purchased_purges":1,"victory":false,"max_hp_per_floor":[71,71,71,71,71,71,71,71,71,71,71,71,71,78,78,78,78,78,78,78,78,78,78,78,78,78,78,78,78,78,78,78,78,78,78,78,78,78,78,78,78,78,78,78,78],"card_choices":[{"not_picked":["Turbo","Double Energy"],"picked":"Cold Snap","floor":1},{"not_picked":["Barrage","Streamline"],"picked":"Steam","floor":4},{"not_picked":["Conserve Battery","Reprogram"],"picked":"Go for the Eyes","floor":5},{"not_picked":["Conserve Battery","Redo"],"picked":"Ball Lightning","floor":7},{"not_picked":["Melter","Conserve Battery"],"picked":"Cold Snap","floor":11},{"not_picked":["FTL","Redo"],"picked":"Core Surge","floor":14},{"not_picked":["Rainbow","Hyperbeam"],"picked":"Biased Cognition","floor":16},{"not_picked":["Beam Cell","Steam Power"],"picked":"Glacier","floor":17},{"not_picked":["Redo","Rebound"],"picked":"Leap","floor":17},{"not_picked":["Hello World","Ball Lightning"],"picked":"Hologram","floor":17},{"not_picked":["Conserve Battery","Redo"],"picked":"Ball Lightning","floor":17},{"not_picked":["Stack","Redo"],"picked":"BootSequence+1","floor":18},{"not_picked":["Turbo","Go for the Eyes","Amplify"],"picked":"SKIP","floor":21},{"not_picked":["Gash","Turbo","Cold Snap+1"],"picked":"SKIP","floor":22},{"not_picked":["Chill","Storm","Streamline"],"picked":"SKIP","floor":24},{"not_picked":["Cold Snap","Auto Shields","Beam Cell"],"picked":"SKIP","floor":27},{"not_picked":["Hologram","Heatsinks"],"picked":"Defragment","floor":31},{"not_picked":["Electrodynamics","Reboot"],"picked":"Core Surge","floor":33},{"not_picked":["Streamline","Redo","Beam Cell"],"picked":"SKIP","floor":35},{"not_picked":["Redo","Steam","Lockon"],"picked":"SKIP","floor":38},{"not_picked":["Loop","Fission"],"picked":"Glacier+1","floor":41},{"not_picked":["Stack","Leap"],"picked":"White Noise","floor":42},{"not_picked":["Conserve Battery","Leap","Barrage"],"picked":"SKIP","floor":44}],"player_experience":836012,"relics_obtained":[{"floor":9,"key":"Shuriken"},{"floor":14,"key":"Strawberry"},{"floor":19,"key":"Necronomicon"},{"floor":20,"key":"Symbiotic Virus"},{"floor":26,"key":"Torii"},{"floor":31,"key":"Tiny Chest"},{"floor":39,"key":"Happy Flower"},{"floor":41,"key":"Ancient Tea Set"}],"event_choices":[{"damage_healed":0,"gold_gain":0,"player_choice":"Entered Light","damage_taken":21,"max_hp_gain":0,"max_hp_loss":0,"event_name":"Shining Light","floor":3,"gold_loss":0,"cards_upgraded":["Strike_B","Dualcast"]},{"damage_healed":0,"gold_gain":0,"player_choice":"Ignored","damage_taken":0,"max_hp_gain":0,"max_hp_loss":0,"event_name":"Liars Game","floor":13,"gold_loss":0},{"damage_healed":0,"gold_gain":0,"player_choice":"Obtained Book","damage_taken":21,"max_hp_gain":0,"max_hp_loss":0,"event_name":"Cursed Tome","floor":19,"gold_loss":0},{"cards_removed":["Defend_B"],"damage_healed":0,"gold_gain":0,"player_choice":"Removed Skill","damage_taken":0,"max_hp_gain":0,"max_hp_loss":0,"event_name":"Falling","floor":36,"gold_loss":0},{"damage_healed":0,"gold_gain":0,"player_choice":"Ignored","damage_taken":0,"max_hp_gain":0,"max_hp_loss":0,"event_name":"Tomb of Lord Red Mask","floor":37,"gold_loss":0}],"is_beta":false,"boss_relics":[{"not_picked":["Black Star","Philosopher\u0027s Stone"],"picked":"Orrery"},{"not_picked":["Busted Crown","Sozu"],"picked":"Fusion Hammer"}],"items_purged_floors":[10],"is_endless":false,"potions_floor_spawned":[4,5,7,27,31,33,41],"killed_by":"Reptomancer","ascension_level":20}