{"gold_per_floor":[113,188,153,165,183,183,183,183,183,226,226,241,241,277,277,277],"floor_reached":16,"playtime":576,"items_purged":[],"score":147,"play_id":"45297101-e438-4d15-8932-cfa06c0f0c04","local_time":"20190120202404","is_ascension_mode":true,"campfire_choices":[{"data":"Noxious Fumes","floor":6,"key":"SMITH"},{"floor":8,"key":"REST"},{"floor":11,"key":"REST"},{"floor":15,"key":"REST"}],"neow_cost":"NONE","seed_source_timestamp":154713874887721,"circlet_count":0,"master_deck":["AscendersBane","Defend_G","Defend_G","Defend_G","Defend_G","Defend_G","Strike_G","Strike_G","Strike_G","Strike_G","Strike_G","Survivor","Neutralize","Bullet Time","Cloak And Dagger","Noxious Fumes+1","Blur","Deadly Poison+1","Dash","Backflip+1"],"relics":["Ring of the Snake","Golden Idol","Bird Faced Urn","Toxic Egg 2","Odd Mushroom"],"potions_floor_usage":[16],"damage_taken":[{"damage":4,"enemies":"Jaw Worm","floor":1,"turns":5},{"damage":0,"enemies":"2 Louse","floor":4,"turns":3},{"damage":4,"enemies":"Small Slimes","floor":5,"turns":5},{"damage":55,"enemies":"Gremlin Nob","floor":10,"turns":7},{"damage":8,"enemies":"Blue Slaver","floor":12,"turns":5},{"damage":15,"enemies":"The Mushroom Lair","floor":14,"turns":5},{"damage":37,"enemies":"Slime Boss","floor":16,"turns":11}],"seed_played":"-678256849674517172","potions_obtained":[{"floor":4,"key":"GamblersBrew"},{"floor":14,"key":"Weak Potion"}],"is_trial":false,"path_per_floor":["M","?","?","M","M","R","?","R","T","E","R","M","?","?","R","B"],"character_chosen":"THE_SILENT","items_purchased":[],"campfire_rested":3,"item_purchase_floors":[],"current_hp_per_floor":[59,48,65,65,61,61,44,65,65,12,33,27,27,14,35,0],"gold":277,"neow_bonus":"ONE_RANDOM_RARE_CARD","is_prod":false,"is_daily":false,"chose_seed":false,"campfire_upgraded":1,"win_rate":0,"timestamp":1548033844,"path_taken":["M","?","?","M","M","R","?","R","T","E","R","?","?","?","R","BOSS"],"build_version":"2019-01-19","purchased_purges":0,"victory":false,"max_hp_per_floor":[70,70,70,70,70,70,70,70,70,70,70,70,70,70,70,70],"card_choices":[{"not_picked":["Sucker Punch","Bane"],"picked":"Cloak And Dagger","floor":1},{"not_picked":["Bane","Distraction"],"picked":"Noxious Fumes","floor":4},{"not_picked":["Acrobatics","Riddle With Holes"],"picked":"Blur","floor":5},{"not_picked":["Doppelganger","Infinite Blades"],"picked":"Deadly Poison","floor":10},{"not_picked":["Poisoned Stab","Masterful Stab"],"picked":"Dash","floor":12},{"not_picked":["Dagger Throw","Underhanded Strike"],"picked":"Backflip+1","floor":14}],"player_experience":547560,"relics_obtained":[{"floor":9,"key":"Bird Faced Urn"},{"floor":10,"key":"Toxic Egg 2"},{"floor":14,"key":"Odd Mushroom"}],"event_choices":[{"damage_healed":0,"gold_gain":75,"player_choice":"Gather Gold","damage_taken":11,"max_hp_gain":0,"max_hp_loss":0,"event_name":"World of Goop","floor":2,"gold_loss":0},{"damage_healed":17,"gold_gain":0,"player_choice":"Healed","damage_taken":0,"max_hp_gain":0,"max_hp_loss":0,"event_name":"The Cleric","floor":3,"gold_loss":35},{"damage_healed":0,"gold_gain":0,"player_choice":"Take Damage","damage_taken":17,"relics_obtained":["Golden Idol"],"max_hp_gain":0,"max_hp_loss":0,"event_name":"Golden Idol","floor":7,"gold_loss":0},{"damage_healed":0,"gold_gain":0,"player_choice":"Ignored","damage_taken":0,"max_hp_gain":0,"max_hp_loss":0,"event_name":"Liars Game","floor":13,"gold_loss":0},{"damage_healed":0,"gold_gain":0,"player_choice":"Fought Mushrooms","damage_taken":0,"max_hp_gain":0,"max_hp_loss":0,"event_name":"Mushrooms","floor":14,"gold_loss":0}],"is_beta":true,"boss_relics":[],"items_purged_floors":[],"is_endless":false,"potions_floor_spawned":[4,14],"killed_by":"Slime Boss","ascension_level":10}