{"gold_per_floor":[113,125,125,125,2,2,27,80,80,90,110,110,92,103,103,206,206,219,94,94,105,105,132,144,144,194,194,241,269,279,293,293,395,395,405,416,436,436,536,536,564,564,564,575,575],"floor_reached":45,"playtime":3176,"items_purged":["Strike_B"],"score":690,"play_id":"4e57f7f4-4d1f-4573-8851-480b1bb654d8","local_time":"20190211221055","is_ascension_mode":true,"campfire_choices":[{"data":"Sweeping Beam","floor":6.0,"key":"SMITH"},{"data":"Barrage","floor":12.0,"key":"SMITH"},{"data":"Coolheaded","floor":15.0,"key":"SMITH"},{"data":"Skim","floor":25,"key":"SMITH"},{"floor":27,"key":"REST"},{"data":"Hologram","floor":32,"key":"SMITH"},{"data":"Ghostly","floor":40,"key":"SMITH"}],"neow_cost":"NONE","seed_source_timestamp":0,"circlet_count":0,"master_deck":["Strike_B+1","Strike_B+1","Strike_B+1","Defend_B","Defend_B+1","Defend_B","Defend_B+1","Zap","Dualcast","Sunder+1","Sweeping Beam+1","Leap","Coolheaded","Barrage+1","Ball Lightning","Coolheaded+1","Multi-Cast","Compile Driver","Fusion","Skim+1","Ball Lightning+1","Ghostly","Ghostly","Ghostly+1","Ghostly","Ghostly+1","Hologram+1","Doom and Gloom+1","Skim","Aggregate+1","Multi-Cast","Recycle+1","Glacier+1","Doom and Gloom","Skim+1","Coolheaded+1"],"special_seed":0,"relics":["Cracked Core","NeowsBlessing","The Courier","Whetstone","DataDisk","Snecko Eye","Nilry\u0027s Codex","War Paint","Smiling Mask","Bronze Scales","Matryoshka","White Beast Statue","Unceasing Top","Bottled Flame","Anchor","Pocketwatch"],"potions_floor_usage":[],"damage_taken":[{"damage":0.0,"enemies":"Cultist","floor":1.0,"turns":1.0},{"damage":0.0,"enemies":"2 Louse","floor":2.0,"turns":1.0},{"damage":0.0,"enemies":"Gremlin Nob","floor":7.0,"turns":1.0},{"damage":4.0,"enemies":"Jaw Worm","floor":10.0,"turns":2.0},{"damage":0.0,"enemies":"Exordium Wildlife","floor":11.0,"turns":2.0},{"damage":8.0,"enemies":"3 Louse","floor":14.0,"turns":2.0},{"damage":17.0,"enemies":"The Guardian","floor":16.0,"turns":10.0},{"damage":2,"enemies":"Spheric Guardian","floor":18,"turns":3},{"damage":19,"enemies":"2 Thieves","floor":21,"turns":3},{"damage":2,"enemies":"Book of Stabbing","floor":23,"turns":4},{"damage":17,"enemies":"Chosen and Byrds","floor":24,"turns":5},{"damage":0,"enemies":"Gremlin Leader","floor":29,"turns":4},{"damage":0,"enemies":"Centurion and Healer","floor":30,"turns":2},{"damage":0,"enemies":"3 Cultists","floor":31,"turns":3},{"damage":27,"enemies":"Automaton","floor":33,"turns":8},{"damage":0,"enemies":"3 Shapes","floor":35,"turns":2},{"damage":1,"enemies":"Orb Walker","floor":36,"turns":5},{"damage":0,"enemies":"Maw","floor":37,"turns":8},{"damage":0,"enemies":"Mind Bloom Boss Battle","floor":39,"turns":5},{"damage":9,"enemies":"Nemesis","floor":41,"turns":7},{"damage":19,"enemies":"Transient","floor":44,"turns":5},{"damage":23,"enemies":"Reptomancer","floor":45,"turns":4}],"seed_played":"7354285515584302943","potions_obtained":[{"floor":2.0,"key":"Poison Potion"},{"floor":10.0,"key":"Energy Potion"},{"floor":11.0,"key":"Dexterity Potion"},{"floor":16.0,"key":"Swift Potion"}],"is_trial":false,"path_per_floor":["M","M","?","?","$","R","E","T","T","M","M","R","$","M","R","B",null,"M","$","?","M","?","E","M","R","T","R","T","E","M","M","R","B",null,"M","M","M","?","?","R","E","?","T","M","E"],"character_chosen":"DEFECT","items_purchased":["Leap","Coolheaded","Compile Driver","Fusion","Skim"],"campfire_rested":1,"item_purchase_floors":[5,13,19,19,19],"current_hp_per_floor":[75,75,75,60,60,60,60,60,60,56,56,56,56,48,48,31,75,73,73,57,38,37,35,18,18,18,29,29,29,29,29,29,2,37,37,36,36,36,36,36,27,27,27,8,0],"gold":575,"neow_bonus":"THREE_ENEMY_KILL","is_prod":false,"is_daily":false,"chose_seed":false,"campfire_upgraded":6,"win_rate":0,"timestamp":1549919455,"path_taken":["M","M","?","?","$","R","E","?","T","M","?","R","$","M","R","BOSS","M","$","?","M","?","E","M","R","T","R","?","E","M","M","R","BOSS","M","?","M","?","?","R","E","?","T","M","E"],"build_version":"2019-01-23","purchased_purges":1,"victory":false,"max_hp_per_floor":[75,75,75,75,75,75,75,75,75,75,75,75,75,75,75,75,75,75,75,75,75,37,37,37,37,37,37,37,37,37,37,37,37,37,37,37,37,37,37,37,37,37,37,37,37],"card_choices":[{"not_picked":["Ball Lightning","Redo"],"picked":"Sunder","floor":1.0},{"not_picked":["Turbo","Go for the Eyes"],"picked":"Sweeping Beam","floor":2.0},{"not_picked":["Steam","Streamline"],"picked":"Coolheaded","floor":7.0},{"not_picked":["Rebound","Creative AI"],"picked":"Barrage","floor":10.0},{"not_picked":["Hologram","Redo"],"picked":"Ball Lightning","floor":11.0},{"not_picked":["Leap","Scrape","Heatsinks"],"picked":"SKIP","floor":14.0},{"not_picked":["Meteor Strike","All For One"],"picked":"Multi-Cast","floor":16.0},{"not_picked":["Go for the Eyes","Steam","Beam Cell"],"picked":"SKIP","floor":18},{"not_picked":["Streamline","Barrage"],"picked":"Ball Lightning+1","floor":21},{"not_picked":["Rip and Tear+1","Barrage"],"picked":"Hologram","floor":23},{"not_picked":["White Noise","Steam+1"],"picked":"Doom and Gloom+1","floor":24},{"not_picked":["Static Discharge","Steam"],"picked":"Biased Cognition","floor":29},{"not_picked":["Rebound","Sweeping Beam"],"picked":"Skim","floor":30},{"not_picked":["Self Repair","Reinforced Body"],"picked":"Aggregate+1","floor":31},{"not_picked":["Reboot","Amplify"],"picked":"Multi-Cast","floor":33},{"not_picked":["Barrage","Ball Lightning"],"picked":"Recycle+1","floor":35},{"not_picked":["Rebound","Barrage"],"picked":"Glacier+1","floor":36},{"not_picked":["Auto Shields+1","Stack+1","BootSequence+1"],"picked":"SKIP","floor":37},{"not_picked":["Gash+1","Redo"],"picked":"Doom and Gloom","floor":39},{"not_picked":["Aggregate+1","Rebound+1"],"picked":"Skim+1","floor":41},{"not_picked":["Go for the Eyes","Buffer"],"picked":"Coolheaded+1","floor":44}],"player_experience":348820,"relics_obtained":[{"floor":7.0,"key":"The Courier"},{"floor":8.0,"key":"Whetstone"},{"floor":9.0,"key":"DataDisk"},{"floor":20,"key":"Nilry\u0027s Codex"},{"floor":23,"key":"War Paint"},{"floor":26,"key":"Smiling Mask"},{"floor":28,"key":"Bronze Scales"},{"floor":29,"key":"Matryoshka"},{"floor":39,"key":"Unceasing Top"},{"floor":41,"key":"Bottled Flame"},{"floor":43,"key":"Anchor"},{"floor":43,"key":"Pocketwatch"}],"event_choices":[{"damage_healed":0.0,"max_hp_gain":0.0,"max_hp_loss":0.0,"gold_gain":0.0,"event_name":"Living Wall","player_choice":"Grow","floor":3.0,"gold_loss":0.0,"damage_taken":0.0,"cards_upgraded":["Sunder"]},{"damage_healed":0.0,"max_hp_gain":0.0,"max_hp_loss":0.0,"gold_gain":0.0,"event_name":"Shining Light","player_choice":"Entered Light","floor":4.0,"gold_loss":0.0,"damage_taken":15.0,"cards_upgraded":["Strike_B","Defend_B"]},{"damage_healed":0,"gold_gain":0,"player_choice":"Obtained Book","damage_taken":16,"max_hp_gain":0,"max_hp_loss":0,"event_name":"Cursed Tome","floor":20,"gold_loss":0},{"damage_healed":0,"gold_gain":0,"player_choice":"Became a Ghost","damage_taken":0,"max_hp_gain":0,"max_hp_loss":38,"event_name":"Ghosts","floor":22,"gold_loss":0,"cards_obtained":["Ghostly","Ghostly","Ghostly","Ghostly","Ghostly"]},{"damage_healed":0,"gold_gain":0,"player_choice":"Ignored","damage_taken":0,"max_hp_gain":0,"max_hp_loss":0,"event_name":"Tomb of Lord Red Mask","floor":38,"gold_loss":0},{"damage_healed":0,"gold_gain":0,"player_choice":"Fight","damage_taken":0,"max_hp_gain":0,"max_hp_loss":0,"event_name":"MindBloom","floor":39,"gold_loss":0},{"cards_removed":["Biased Cognition"],"damage_healed":0,"gold_gain":0,"player_choice":"Removed Power","damage_taken":0,"max_hp_gain":0,"max_hp_loss":0,"event_name":"Falling","floor":42,"gold_loss":0}],"is_beta":false,"boss_relics":[{"not_picked":["Sozu","Busted Crown"],"picked":"Snecko Eye"},{"not_picked":["Runic Pyramid","Lizard Tail"],"picked":"White Beast Statue"}],"items_purged_floors":[5],"is_endless":false,"potions_floor_spawned":[2,10,11,16,23,24,31,35,36,37,39,41,44],"killed_by":"Reptomancer","ascension_level":4}