{"gold_per_floor":[113,128,143,159,84,84,38,52,52,52,69,94,94,113,113,113],"floor_reached":16,"playtime":697,"items_purged":["Strike_B"],"score":109,"play_id":"2aef8778-d7ae-4d69-a57f-9b5a850ee551","local_time":"20190106225721","is_ascension_mode":true,"campfire_choices":[{"data":"Zap","floor":6,"key":"SMITH"},{"floor":15,"key":"REST"}],"neow_cost":"NONE","seed_source_timestamp":1484726982849531,"circlet_count":0,"master_deck":["Strike_B","Strike_B","Strike_B","Defend_B","Defend_B","Defend_B","Defend_B","Zap+1","Dualcast","Ball Lightning","Sweeping Beam","Conserve Battery","Sunder","Lockon","Loop"],"relics":["Cracked Core","Turnip","Calipers"],"potions_floor_usage":[16,16],"damage_taken":[{"damage":2,"enemies":"2 Louse","floor":1,"turns":2},{"damage":12,"enemies":"Small Slimes","floor":2,"turns":3},{"damage":6,"enemies":"Jaw Worm","floor":3,"turns":2},{"damage":8,"enemies":"Looter","floor":4,"turns":3},{"damage":0,"enemies":"Blue Slaver","floor":8,"turns":3},{"damage":5,"enemies":"Lots of Slimes","floor":11,"turns":3},{"damage":26,"enemies":"Lagavulin","floor":12,"turns":6},{"damage":0,"enemies":"2 Fungi Beasts","floor":14,"turns":2},{"damage":31,"enemies":"Hexaghost","floor":16,"turns":7}],"seed_played":"-3240810669874384145","potions_obtained":[{"floor":3,"key":"GamblersBrew"},{"floor":11,"key":"Fire Potion"}],"is_trial":false,"path_per_floor":["M","M","M","M","$","R","?","M","T","?","M","E","?","M","R","B"],"character_chosen":"DEFECT","items_purchased":[],"campfire_rested":1,"item_purchase_floors":[],"current_hp_per_floor":[73,61,55,47,47,47,47,47,47,40,35,9,9,9,31,0],"gold":113,"neow_bonus":"RANDOM_COLORLESS","is_prod":false,"is_daily":false,"chose_seed":false,"campfire_upgraded":1,"win_rate":0,"timestamp":1546844241,"path_taken":["M","M","M","M","$","R","?","M","T","?","M","E","?","M","R","BOSS"],"build_version":"2019-01-03v4","purchased_purges":1,"victory":false,"max_hp_per_floor":[75,75,75,75,75,75,75,75,75,75,75,75,75,75,75,75],"card_choices":[{"not_picked":["Steam","Stack"],"picked":"Ball Lightning","floor":1},{"not_picked":["FTL","Storm"],"picked":"Sweeping Beam","floor":2},{"not_picked":["Barrage","Genetic Algorithm"],"picked":"Conserve Battery","floor":3},{"not_picked":["Buffer","Sweeping Beam"],"picked":"Sunder","floor":4},{"not_picked":["Cold Snap","Sweeping Beam"],"picked":"Lockon","floor":8},{"not_picked":["Hologram","Go for the Eyes"],"picked":"Loop","floor":11},{"not_picked":["Chill","Static Discharge","Doom and Gloom"],"picked":"SKIP","floor":12},{"not_picked":["Stack","Ball Lightning","Turbo"],"picked":"SKIP","floor":14}],"player_experience":108215,"relics_obtained":[{"floor":9,"key":"Turnip"},{"floor":12,"key":"Calipers"}],"event_choices":[{"damage_healed":0,"gold_gain":0,"player_choice":"Left Gold","damage_taken":0,"max_hp_gain":0,"max_hp_loss":0,"event_name":"World of Goop","floor":7,"gold_loss":46},{"cards_removed":["Deep Breath"],"damage_healed":0,"gold_gain":0,"player_choice":"Card Removal","damage_taken":7,"max_hp_gain":0,"max_hp_loss":0,"event_name":"Golden Wing","floor":10,"gold_loss":0},{"damage_healed":0,"gold_gain":0,"player_choice":"Ignored","damage_taken":0,"max_hp_gain":0,"max_hp_loss":0,"event_name":"Shining Light","floor":13,"gold_loss":0}],"is_beta":false,"boss_relics":[],"items_purged_floors":[5],"is_endless":false,"potions_floor_spawned":[3,11],"killed_by":"Hexaghost","ascension_level":1}