{"gold_per_floor":[116,131,31,41,58,91,102,102,125,145,145,180,191,226,226,331,331,348,366,366,376,70,97,126,167,234,263,275,297,327,350,362,374],"floor_reached":33,"playtime":2584,"items_purged":["Shame","Writhe"],"score":444,"play_id":"5e5cafaf-0ed6-435a-98b5-2b5fccfd17ed","local_time":"20180926135452","is_ascension_mode":true,"campfire_choices":[{"data":"Armaments","floor":8,"key":"SMITH"},{"floor":15,"key":"REST"},{"floor":28,"key":"REST"},{"floor":32,"key":"REST"}],"neow_cost":"CURSE","seed_source_timestamp":402182779603531,"circlet_count":0,"master_deck":["Strike_R","Strike_R","Strike_R","Strike_R","Strike_R","Defend_R","Defend_R","Defend_R","Defend_R","Bash","Inflame","Anger","Headbutt","Inflame","Iron Wave","Thunderclap","Armaments+1","Shrug It Off","Anger","Shockwave","Shrug It Off","Feed","Clothesline+1","Searing Blow","Anger","Rampage","Flex","Demon Form","Shrug It Off","Double Tap","Combust+1","Perfected Strike"],"relics":["Burning Blood","Centennial Puzzle","Blood Vial","Potion Belt","Vajra","Sozu","Mercury Hourglass","Lee\u0027s Waffle","MawBank","Bottled Flame","Lantern"],"potions_floor_usage":[21,33],"damage_taken":[{"damage":16,"enemies":"Small Slimes","floor":1,"turns":4},{"damage":11,"enemies":"2 Louse","floor":2,"turns":4},{"damage":1,"enemies":"Cultist","floor":4,"turns":3},{"damage":7,"enemies":"Looter","floor":5,"turns":3},{"damage":25,"enemies":"3 Sentries","floor":6,"turns":6},{"damage":7,"enemies":"2 Fungi Beasts","floor":7,"turns":3},{"damage":8,"enemies":"Red Slaver","floor":10,"turns":3},{"damage":7,"enemies":"Lagavulin","floor":12,"turns":6},{"damage":16,"enemies":"Lots of Slimes","floor":13,"turns":2},{"damage":16,"enemies":"Gremlin Nob","floor":14,"turns":4},{"damage":59,"enemies":"The Guardian","floor":16,"turns":9},{"damage":0,"enemies":"3 Byrds","floor":18,"turns":5},{"damage":16,"enemies":"Spheric Guardian","floor":19,"turns":4},{"damage":8,"enemies":"Snecko","floor":21,"turns":4},{"damage":39,"enemies":"Slavers","floor":23,"turns":5},{"damage":22,"enemies":"Shelled Parasite and Fungi","floor":24,"turns":5},{"damage":42,"enemies":"Gremlin Leader","floor":25,"turns":7},{"damage":22,"enemies":"Sentry and Sphere","floor":27,"turns":5},{"damage":33,"enemies":"Snake Plant","floor":29,"turns":5},{"damage":35,"enemies":"Shelled Parasite and Fungi","floor":30,"turns":5},{"damage":10,"enemies":"3 Cultists","floor":31,"turns":4},{"damage":85,"enemies":"Automaton","floor":33,"turns":6}],"seed_played":"-5667057893370029383","potions_obtained":[{"floor":2,"key":"Swift Potion"},{"floor":5,"key":"PowerPotion"},{"floor":7,"key":"SmokeBomb"},{"floor":16,"key":"Strength Potion"}],"is_trial":false,"path_per_floor":["M","M","$","M","M","E","M","R","T","M","?","E","M","E","R","B",null,"M","M","?","M","$","E","M","E","T","M","R","M","M","M","R"],"character_chosen":"IRONCLAD","items_purchased":["Headbutt","Lee\u0027s Waffle"],"campfire_rested":3,"item_purchase_floors":[3,22],"current_hp_per_floor":[86,81,81,86,85,66,65,65,65,65,70,71,63,55,85,34,84,95,87,87,90,114,84,74,43,43,32,70,45,21,23,63,0],"gold":374,"neow_bonus":"TWENTY_PERCENT_HP_BONUS","is_prod":false,"is_daily":false,"chose_seed":false,"campfire_upgraded":1,"win_rate":0,"timestamp":1537984492,"path_taken":["M","M","$","M","M","E","M","R","T","M","?","E","M","E","R","BOSS","M","M","?","M","$","E","M","E","T","M","R","M","M","?","R","BOSS"],"build_version":"2018-09-20","purchased_purges":2,"victory":false,"max_hp_per_floor":[96,96,96,96,96,96,96,96,96,96,101,101,101,101,101,101,101,104,104,104,107,114,117,121,124,124,127,127,127,130,134,134,134],"card_choices":[{"not_picked":["Evolve","Infernal Blade"],"picked":"Inflame","floor":1},{"not_picked":["Cleave","Wild Strike"],"picked":"Anger","floor":2},{"not_picked":["Warcry","Clash"],"picked":"Inflame","floor":4},{"not_picked":["Second Wind","Flex"],"picked":"Iron Wave","floor":5},{"not_picked":["Flex","Berserk"],"picked":"Thunderclap","floor":6},{"not_picked":["Entrench","Flex"],"picked":"Armaments","floor":7},{"not_picked":["Twin Strike","Dropkick"],"picked":"Shrug It Off","floor":10},{"not_picked":["Havoc","Perfected Strike"],"picked":"Anger","floor":12},{"not_picked":["Dropkick","Dual Wield"],"picked":"Shockwave","floor":13},{"not_picked":["Blood for Blood","Flex"],"picked":"Shrug It Off","floor":14},{"not_picked":["Bludgeon","Dark Embrace"],"picked":"Feed","floor":16},{"not_picked":["Intimidate","Rupture"],"picked":"Clothesline+1","floor":18},{"not_picked":["Intimidate","Cleave"],"picked":"Searing Blow","floor":19},{"not_picked":["Sever Soul","Clash"],"picked":"Anger","floor":21},{"not_picked":["Entrench","Thunderclap"],"picked":"Rampage","floor":23},{"not_picked":["Corruption+1","Armaments+1"],"picked":"Flex","floor":24},{"not_picked":["Entrench","Body Slam"],"picked":"Demon Form","floor":25},{"not_picked":["Body Slam","Flex"],"picked":"Shrug It Off","floor":27},{"not_picked":["Sword Boomerang","Havoc"],"picked":"Double Tap","floor":29},{"not_picked":["Shockwave","Second Wind"],"picked":"Combust+1","floor":30},{"not_picked":["Sentinel","Wild Strike+1"],"picked":"Perfected Strike","floor":31}],"player_experience":475802,"relics_obtained":[{"floor":6,"key":"Centennial Puzzle"},{"floor":9,"key":"Blood Vial"},{"floor":12,"key":"Potion Belt"},{"floor":14,"key":"Vajra"},{"floor":23,"key":"MawBank"},{"floor":25,"key":"Bottled Flame"},{"floor":26,"key":"Lantern"}],"event_choices":[{"event_name":"Big Fish","player_choice":"Donut","floor":11,"damage_taken":0},{"event_name":"The Mausoleum","player_choice":"Yes","floor":20,"damage_taken":0}],"is_beta":false,"boss_relics":[{"not_picked":["Lizard Tail","Orrery"],"picked":"Sozu"}],"items_purged_floors":[3,22],"is_endless":false,"potions_floor_spawned":[2,5,7,16,19,21,24,27,29,31],"killed_by":"Automaton","ascension_level":5}