{"gold_per_floor":[363,378,392,403,414,444,444,474,498,498,57,57,86,99,99,196,196,216,233,244,6,6,68,68,103,103,103,118,135,161,171,171,171],"floor_reached":33,"playtime":6186,"items_purged":["Defend_R","Strike_R"],"score":433,"play_id":"ab5b2400-71ad-42f0-9da7-b5bc035cfcf9","local_time":"20181003161506","is_ascension_mode":true,"campfire_choices":[{"floor":7,"key":"REST"},{"floor":10,"key":"REST"},{"data":"Armaments","floor":12,"key":"SMITH"},{"floor":15,"key":"REST"},{"data":"Carnage","floor":32,"key":"SMITH"}],"neow_cost":"PERCENT_DAMAGE","seed_source_timestamp":1011733364861039,"circlet_count":0,"master_deck":["Strike_R","Strike_R","Strike_R","Strike_R","Defend_R","Defend_R","Defend_R","Bash","Shrug It Off","Headbutt","Armaments+1","Feel No Pain","Clothesline","Immolate","Burning Pact","Inflame","Shockwave","Shockwave","Pommel Strike","Pommel Strike","Reaper","Burning Pact+1","Carnage+1","Juggernaut","Iron Wave+1","Writhe","Dropkick","Necronomicurse","Flame Barrier"],"relics":["Burning Blood","Boot","Dream Catcher","Anchor","Medical Kit","Bag of Marbles","Coffee Dripper","Tiny Chest","Mummified Hand","Juzu Bracelet","The Courier","Necronomicon","Red Mask"],"potions_floor_usage":[4,19,22,23,23,28,30,30,30,31,33],"damage_taken":[{"damage":6,"enemies":"Cultist","floor":1,"turns":4},{"damage":2,"enemies":"Jaw Worm","floor":2,"turns":4},{"damage":7,"enemies":"Small Slimes","floor":3,"turns":3},{"damage":19,"enemies":"3 Louse","floor":4,"turns":7},{"damage":2,"enemies":"Looter","floor":5,"turns":4},{"damage":34,"enemies":"Gremlin Nob","floor":6,"turns":5},{"damage":28,"enemies":"3 Sentries","floor":8,"turns":13},{"damage":27,"enemies":"Lagavulin","floor":13,"turns":7},{"damage":15,"enemies":"Exordium Thugs","floor":14,"turns":4},{"damage":24,"enemies":"Hexaghost","floor":16,"turns":12},{"damage":26,"enemies":"2 Thieves","floor":18,"turns":4},{"damage":27,"enemies":"3 Byrds","floor":19,"turns":5},{"damage":16,"enemies":"Centurion and Healer","floor":20,"turns":5},{"damage":35,"enemies":"Slavers","floor":23,"turns":4},{"damage":18,"enemies":"Gremlin Leader","floor":25,"turns":7},{"damage":0,"enemies":"Sentry and Sphere","floor":28,"turns":3},{"damage":0,"enemies":"Snecko","floor":29,"turns":3},{"damage":36,"enemies":"Masked Bandits","floor":30,"turns":4},{"damage":14,"enemies":"3 Cultists","floor":31,"turns":5},{"damage":30,"enemies":"Champ","floor":33,"turns":8}],"seed_played":"7622131979240249206","potions_obtained":[{"floor":1,"key":"SkillPotion"},{"floor":4,"key":"Swift Potion"},{"floor":5,"key":"Swift Potion"},{"floor":14,"key":"LiquidBronze"},{"floor":19,"key":"AttackPotion"},{"floor":22,"key":"Fruit Juice"},{"floor":22,"key":"SpeedPotion"},{"floor":23,"key":"Dexterity Potion"},{"floor":29,"key":"EntropicBrew"}],"is_trial":false,"path_per_floor":["M","M","M","M","M","E","R","E","T","R","$","R","E","M","R","B",null,"M","M","M","$","?","E","?","E","T","?","M","M","?","M","R"],"character_chosen":"IRONCLAD","items_purchased":["Medical Kit","Inflame","Shockwave","Juggernaut"],"campfire_rested":3,"item_purchase_floors":[11,11,11,21],"current_hp_per_floor":[51,55,54,41,45,17,41,19,19,43,43,43,22,13,37,19,65,62,45,47,47,52,41,41,38,38,22,28,46,16,8,8,0],"gold":171,"neow_bonus":"TWO_FIFTY_GOLD","is_prod":false,"is_daily":false,"chose_seed":false,"campfire_upgraded":2,"win_rate":0,"timestamp":1538597706,"path_taken":["M","M","M","?","M","E","R","E","T","R","$","R","E","M","R","BOSS","M","M","M","$","?","E","?","E","T","?","M","M","?","M","R","BOSS"],"build_version":"2018-09-27","purchased_purges":2,"victory":false,"max_hp_per_floor":[80,80,80,80,80,80,80,80,80,80,80,80,80,80,80,80,80,80,80,80,80,85,85,85,85,85,85,85,85,85,85,85,85],"card_choices":[{"not_picked":["Rupture","Sever Soul"],"picked":"Shrug It Off","floor":1},{"not_picked":["Anger","Havoc"],"picked":"Headbutt","floor":2},{"not_picked":["Cleave","Twin Strike","Sever Soul"],"picked":"SKIP","floor":3},{"not_picked":["Anger","Clothesline"],"picked":"Armaments","floor":4},{"not_picked":["Twin Strike","Searing Blow"],"picked":"Feel No Pain","floor":5},{"not_picked":["Cleave","Rampage"],"picked":"Clothesline","floor":6},{"not_picked":["Shrug It Off","Clash"],"picked":"Immolate","floor":8},{"not_picked":["Warcry","Shrug It Off"],"picked":"Burning Pact","floor":10},{"not_picked":["Armaments","Clothesline"],"picked":"Shockwave","floor":13},{"not_picked":["Fire Breathing","Brutality"],"picked":"Pommel Strike","floor":14},{"not_picked":["Shockwave","Havoc"],"picked":"Pommel Strike","floor":15},{"not_picked":["Limit Break","Fiend Fire"],"picked":"Reaper","floor":16},{"not_picked":["Wild Strike","Dual Wield"],"picked":"Burning Pact+1","floor":18},{"not_picked":["Second Wind","Heavy Blade"],"picked":"Carnage","floor":19},{"not_picked":["Headbutt","Bloodletting","Thunderclap"],"picked":"SKIP","floor":20},{"not_picked":["Headbutt","Bloodletting","Thunderclap"],"picked":"SKIP","floor":20},{"not_picked":["Pommel Strike+1","Battle Trance"],"picked":"Iron Wave+1","floor":23},{"not_picked":["Body Slam","Intimidate+1"],"picked":"Dropkick","floor":25},{"not_picked":["Clash","Headbutt","Sever Soul+1"],"picked":"SKIP","floor":28},{"not_picked":["Warcry","Headbutt"],"picked":"Flame Barrier","floor":29},{"not_picked":["Warcry","Searing Blow","Havoc"],"picked":"SKIP","floor":31}],"player_experience":543170,"relics_obtained":[{"floor":6,"key":"Boot"},{"floor":8,"key":"Dream Catcher"},{"floor":9,"key":"Anchor"},{"floor":13,"key":"Bag of Marbles"},{"floor":23,"key":"Tiny Chest"},{"floor":25,"key":"Juzu Bracelet"},{"floor":26,"key":"The Courier"},{"floor":27,"key":"Necronomicon"},{"floor":30,"key":"Red Mask"}],"event_choices":[{"event_name":"The Lab","player_choice":"Got Potions","floor":22,"damage_taken":0},{"event_name":"The Mausoleum","player_choice":"Yes","floor":24,"damage_taken":0},{"event_name":"Cursed Tome","player_choice":"Obtained Book","floor":27,"damage_taken":0},{"event_name":"Masked Bandits","player_choice":"Fought Bandits","floor":30,"damage_taken":0}],"is_beta":false,"boss_relics":[{"not_picked":["Snecko Eye","Pandora\u0027s Box"],"picked":"Coffee Dripper"}],"items_purged_floors":[11,21],"is_endless":false,"potions_floor_spawned":[1,4,5,14,16,19,23,29],"killed_by":"Champ","ascension_level":8}