{"gold_per_floor":[119,134,134,59,73,73,98,115,140,151,51,63,63,79,79,183,183,197,217,16,16,35,35,45,45,45,45,62,62,62],"floor_reached":30,"playtime":2327,"items_purged":["Strike_G","Strike_G","Strike_G"],"score":294,"play_id":"8edeff9c-540e-411e-aa1e-5a694282363b","local_time":"20190105025331","is_ascension_mode":true,"campfire_choices":[{"data":"Neutralize","floor":6,"key":"SMITH"},{"data":"Backflip","floor":15,"key":"SMITH"},{"data":"Noxious Fumes","floor":23,"key":"SMITH"},{"data":"Bouncing Flask","floor":25,"key":"SMITH"},{"data":"Tools of the Trade","floor":27,"key":"SMITH"}],"neow_cost":"NONE","seed_source_timestamp":348771741665881,"circlet_count":0,"master_deck":["Defend_G+1","Defend_G","Defend_G","Defend_G","Defend_G","Strike_G","Strike_G","Survivor","Neutralize+1","Well Laid Plans","Cloak And Dagger+1","Bullet Time","Bouncing Flask+1","Backflip+1","Leg Sweep","Tools of the Trade+1","Noxious Fumes+1","Deadly Poison+1","Blur"],"relics":["Ring of the Snake","Bronze Scales","Juzu Bracelet","War Paint","WristBlade","Molten Egg 2"],"potions_floor_usage":[],"damage_taken":[{"damage":0,"enemies":"2 Louse","floor":1,"turns":5},{"damage":0,"enemies":"Cultist","floor":2,"turns":5},{"damage":0,"enemies":"Small Slimes","floor":5,"turns":4},{"damage":23,"enemies":"3 Sentries","floor":7,"turns":12},{"damage":0,"enemies":"2 Fungi Beasts","floor":8,"turns":4},{"damage":5,"enemies":"Lots of Slimes","floor":10,"turns":4},{"damage":0,"enemies":"3 Louse","floor":12,"turns":3},{"damage":0,"enemies":"Looter","floor":14,"turns":3},{"damage":5,"enemies":"The Guardian","floor":16,"turns":11},{"damage":2,"enemies":"Shell Parasite","floor":18,"turns":5},{"damage":9,"enemies":"2 Thieves","floor":19,"turns":4},{"damage":9,"enemies":"Snake Plant","floor":22,"turns":5},{"damage":2,"enemies":"Snecko","floor":24,"turns":5},{"damage":29,"enemies":"3 Cultists","floor":28,"turns":6},{"damage":15,"enemies":"Snake Plant","floor":30,"turns":3}],"seed_played":"-7661033527857412977","potions_obtained":[{"floor":2,"key":"Block Potion"},{"floor":7,"key":"Swift Potion"},{"floor":12,"key":"SteroidPotion"},{"floor":22,"key":"SkillPotion"},{"floor":24,"key":"Fruit Juice"}],"is_trial":false,"path_per_floor":["M","M","?","$","M","R","E","M","T","M","$","M","?","M","R","B",null,"M","M","$","?","M","R","M","R","T","R","M","$","M"],"character_chosen":"THE_SILENT","items_purchased":["Noxious Fumes"],"campfire_rested":0,"item_purchase_floors":[20],"current_hp_per_floor":[77,77,77,77,77,77,54,54,54,49,49,49,54,54,54,49,82,80,71,71,55,46,46,44,44,44,44,15,15,0],"gold":62,"neow_bonus":"TEN_PERCENT_HP_BONUS","is_prod":false,"is_daily":false,"chose_seed":false,"campfire_upgraded":5,"win_rate":0,"timestamp":1546653211,"path_taken":["M","M","?","$","M","R","E","M","T","M","$","M","?","M","R","BOSS","M","M","$","?","M","R","M","R","T","R","M","$","M"],"build_version":"2019-01-03v4","purchased_purges":3,"victory":false,"max_hp_per_floor":[77,77,77,77,77,77,77,77,77,77,77,77,82,82,82,82,82,82,82,82,87,87,87,87,87,87,87,87,87,87],"card_choices":[{"not_picked":["Prepared","Bane"],"picked":"Well Laid Plans","floor":1},{"not_picked":["Accuracy","Acrobatics","Quick Slash"],"picked":"SKIP","floor":2},{"not_picked":["Backstab","Choke"],"picked":"Cloak And Dagger","floor":5},{"not_picked":["Flying Knee","PiercingWail"],"picked":"Bullet Time","floor":7},{"not_picked":["Prepared","Flechettes"],"picked":"Bouncing Flask","floor":8},{"not_picked":["Finisher","Dagger Throw","Underhanded Strike"],"picked":"SKIP","floor":10},{"not_picked":["PiercingWail","Setup"],"picked":"Backflip","floor":12},{"not_picked":["Escape Plan","Deflect"],"picked":"Leg Sweep","floor":14},{"not_picked":["Die Die Die","Envenom"],"picked":"Tools of the Trade","floor":16},{"not_picked":["Underhanded Strike+1","Quick Slash+1","Outmaneuver"],"picked":"SKIP","floor":18},{"not_picked":["Slice","Finisher","Dagger Spray"],"picked":"SKIP","floor":19},{"not_picked":["Flying Knee","Underhanded Strike"],"picked":"Deadly Poison+1","floor":22},{"not_picked":["Setup","All Out Attack","Quick Slash+1"],"picked":"SKIP","floor":24},{"not_picked":["Deflect","Dodge and Roll"],"picked":"Blur","floor":28}],"player_experience":154138,"relics_obtained":[{"floor":7,"key":"Juzu Bracelet"},{"floor":9,"key":"War Paint"},{"floor":26,"key":"Molten Egg 2"}],"event_choices":[{"damage_healed":0,"gold_gain":0,"player_choice":"Gave Potion","damage_taken":0,"relics_obtained":["Bronze Scales"],"max_hp_gain":0,"max_hp_loss":0,"event_name":"WeMeetAgain","floor":3,"gold_loss":0},{"damage_healed":0,"gold_gain":0,"player_choice":"Donut","damage_taken":0,"max_hp_gain":5,"max_hp_loss":0,"event_name":"Big Fish","floor":13,"gold_loss":0},{"damage_healed":0,"gold_gain":0,"player_choice":"Shed Blood","damage_taken":21,"max_hp_gain":5,"max_hp_loss":0,"event_name":"Forgotten Altar","floor":21,"gold_loss":0}],"is_beta":false,"boss_relics":[{"not_picked":["Ectoplasm","Eternal Feather"],"picked":"WristBlade"}],"items_purged_floors":[4,11,20],"is_endless":false,"potions_floor_spawned":[2,7,12,22,24,28],"killed_by":"Snake Plant","ascension_level":3}