{"gold_per_floor":[114,114,124,135,135,169,169,195,243,243,257,273,288,44,44,121,121,137,37,50,68,101,101,101,115,187,187,222,222,222,253,253,326,326,337,349,24,40,86,416,416,444,498,526,542,542,542,363,363,363,363,363,363,146,173,173],"floor_reached":56,"playtime":5760,"items_purged":["Strike_B","Strike_B","Barrage"],"score":2091,"play_id":"88662735-fdc2-481b-a956-0f3c3b163288","local_time":"20190131231647","is_ascension_mode":true,"campfire_choices":[{"floor":7,"key":"REST"},{"data":"Go for the Eyes","floor":10,"key":"SMITH"},{"floor":15,"key":"REST"},{"data":"Biased Cognition","floor":23,"key":"SMITH"},{"data":"Conserve Battery","floor":27,"key":"SMITH"},{"data":"Hologram","floor":30,"key":"SMITH"},{"data":"Skim","floor":32,"key":"SMITH"},{"floor":41,"key":"REST"},{"floor":49,"key":"RECALL"},{"data":"Loop","floor":53,"key":"SMITH"}],"neow_cost":"NONE","seed_source_timestamp":1209126156697961,"circlet_count":0,"master_deck":["AscendersBane","Defend_B","Defend_B","Defend_B","Defend_B","Zap+1","Dualcast","Rebound","Cold Snap","Melter","Go for the Eyes+1","Ball Lightning","Leap","Hologram+1","Biased Cognition+1","Conserve Battery+1","Chaos+1","Skim+1","Echo Form","Compile Driver+1","Rainbow","Loop+1","Glacier+1","Loop+1","Darkness+1","Multi-Cast","Master of Strategy","Coolheaded","Echo Form"],"relics":["Cracked Core","Question Card","Omamori","Oddly Smooth Stone","Bag of Marbles","Anchor","Busted Crown","Red Mask","Lantern","Pantograph","Ancient Tea Set","PreservedInsect","Nuclear Battery","Gambling Chip","Ice Cream","Old Coin","Strawberry","DataDisk","Shuriken","DollysMirror","Happy Flower"],"potions_floor_usage":[13,13,16,22,25,28,35,55,56,56,56],"damage_taken":[{"damage":0,"enemies":"Small Slimes","floor":1,"turns":2},{"damage":0,"enemies":"Cultist","floor":3,"turns":3},{"damage":3,"enemies":"2 Louse","floor":4,"turns":2},{"damage":28,"enemies":"Gremlin Nob","floor":6,"turns":4},{"damage":22,"enemies":"Lagavulin","floor":8,"turns":5},{"damage":11,"enemies":"Looter","floor":11,"turns":2},{"damage":0,"enemies":"Exordium Thugs","floor":12,"turns":4},{"damage":2,"enemies":"Exordium Wildlife","floor":13,"turns":2},{"damage":9,"enemies":"Hexaghost","floor":16,"turns":9},{"damage":5,"enemies":"Shell Parasite","floor":18,"turns":3},{"damage":0,"enemies":"Chosen","floor":20,"turns":3},{"damage":8,"enemies":"Snake Plant","floor":21,"turns":3},{"damage":0,"enemies":"Masked Bandits","floor":22,"turns":2},{"damage":2,"enemies":"Snecko","floor":25,"turns":5},{"damage":8,"enemies":"Slavers","floor":28,"turns":4},{"damage":0,"enemies":"Book of Stabbing","floor":31,"turns":5},{"damage":27,"enemies":"Automaton","floor":33,"turns":11},{"damage":5,"enemies":"3 Darklings","floor":35,"turns":5},{"damage":0,"enemies":"3 Shapes","floor":36,"turns":5},{"damage":13,"enemies":"Sphere and 2 Shapes","floor":38,"turns":5},{"damage":8,"enemies":"2 Orb Walkers","floor":39,"turns":6},{"damage":0,"enemies":"Giant Head","floor":40,"turns":8},{"damage":0,"enemies":"Nemesis","floor":42,"turns":5},{"damage":14,"enemies":"Giant Head","floor":44,"turns":7},{"damage":17,"enemies":"Jaw Worm Horde","floor":45,"turns":5},{"damage":10,"enemies":"Awakened One","floor":50,"turns":13},{"damage":3,"enemies":"Donu and Deca","floor":51,"turns":10},{"damage":8,"enemies":"Shield and Spear","floor":55,"turns":3},{"damage":81,"enemies":"The Heart","floor":56,"turns":9}],"seed_played":"-7191900482938747888","potions_obtained":[{"floor":1,"key":"Dexterity Potion"},{"floor":8,"key":"Strength Potion"},{"floor":11,"key":"EntropicBrew"},{"floor":12,"key":"FocusPotion"},{"floor":13,"key":"AttackPotion"},{"floor":20,"key":"Explosive Potion"},{"floor":22,"key":"Regen Potion"},{"floor":25,"key":"Weak Potion"},{"floor":28,"key":"Swift Potion"},{"floor":35,"key":"PowerPotion"},{"floor":45,"key":"EntropicBrew"}],"is_trial":false,"path_per_floor":["M","?","M","M","?","E","R","E","T","R","M","M","M","$","R","B",null,"M","$","M","M","?","R","?","M","T","R","E","?","R","E","R","B",null,"M","M","$","M","?","E","R","E","T","E","M","T","?","$","R","B","B",null,"R","$","E","B"],"character_chosen":"DEFECT","items_purchased":["Anchor","Gambling Chip","Coolheaded","DollysMirror"],"campfire_rested":3,"item_purchase_floors":[14,37,48,54],"current_hp_per_floor":[64,46,46,43,43,15,36,14,14,14,3,3,1,1,22,13,57,52,52,52,44,44,44,44,56,56,56,48,48,48,48,48,44,64,59,59,59,46,38,38,59,66,66,52,35,35,35,35,35,50,72,77,77,77,69,0],"gold":173,"neow_bonus":"UPGRADE_CARD","is_prod":false,"is_daily":false,"chose_seed":false,"campfire_upgraded":6,"win_rate":0,"timestamp":1549005407,"path_taken":["M","?","M","M","?","E","R","E","T","R","M","M","?","$","R","BOSS","M","$","M","M","?","R","?","M","T","R","E","?","R","E","R","BOSS","M","M","$","M","?","E","R","E","T","E","M","?","?","$","R","BOSS","BOSS","R","$","E","BOSS"],"build_version":"2019-01-23","purchased_purges":3,"victory":false,"max_hp_per_floor":[71,71,71,71,71,71,71,71,71,71,71,71,71,71,71,71,71,71,71,71,71,71,71,71,71,71,71,71,71,71,71,71,71,71,71,71,71,71,71,71,71,78,78,78,78,78,78,78,78,78,78,78,78,78,78,78],"card_choices":[{"not_picked":["Recycle","Coolheaded"],"picked":"Rebound","floor":1},{"not_picked":["Leap","Hologram","Stack"],"picked":"Cold Snap","floor":3},{"not_picked":["Coolheaded","Rainbow","Turbo"],"picked":"Melter","floor":4},{"not_picked":["Sweeping Beam","White Noise","Doom and Gloom"],"picked":"Barrage","floor":6},{"not_picked":["Beam Cell","Doom and Gloom","White Noise"],"picked":"Go for the Eyes","floor":8},{"not_picked":["Capacitor","Darkness","Heatsinks"],"picked":"Ball Lightning","floor":11},{"not_picked":["Self Repair","Scrape","Gash"],"picked":"Leap","floor":12},{"not_picked":["Rip and Tear","Rebound","Force Field"],"picked":"Hologram","floor":13},{"not_picked":["All For One","Seek","Multi-Cast"],"picked":"Biased Cognition","floor":16},{"not_picked":["Scrape"],"picked":"Conserve Battery","floor":18},{"not_picked":["Beam Cell","Scrape"],"picked":"SKIP","floor":20},{"not_picked":["Barrage"],"picked":"Chaos+1","floor":21},{"not_picked":["Rip and Tear"],"picked":"Skim","floor":22},{"not_picked":["Streamline"],"picked":"Echo Form","floor":25},{"not_picked":["Conserve Battery"],"picked":"Compile Driver+1","floor":28},{"not_picked":["Sweeping Beam","Rebound"],"picked":"SKIP","floor":31},{"not_picked":["All For One"],"picked":"Rainbow","floor":33},{"not_picked":["Beam Cell"],"picked":"Loop","floor":35},{"not_picked":["Gash","Lockon+1"],"picked":"SKIP","floor":36},{"not_picked":["Redo+1"],"picked":"Glacier+1","floor":38},{"not_picked":["BootSequence"],"picked":"Loop+1","floor":39},{"not_picked":["Leap"],"picked":"Darkness+1","floor":40},{"not_picked":["Steam+1","Streamline+1"],"picked":"SKIP","floor":42},{"not_picked":["Stack","Turbo"],"picked":"SKIP","floor":44},{"not_picked":["Beam Cell"],"picked":"Multi-Cast","floor":45},{"not_picked":["Trip"],"picked":"Master of Strategy","floor":47},{"not_picked":["Steam Power","Sweeping Beam+1"],"picked":"SKIP","floor":55}],"player_experience":755844,"relics_obtained":[{"floor":6,"key":"Omamori"},{"floor":8,"key":"Oddly Smooth Stone"},{"floor":9,"key":"Bag of Marbles"},{"floor":22,"key":"Red Mask"},{"floor":26,"key":"Pantograph"},{"floor":28,"key":"Ancient Tea Set"},{"floor":31,"key":"PreservedInsect"},{"floor":39,"key":"Ice Cream"},{"floor":40,"key":"Old Coin"},{"floor":42,"key":"Strawberry"},{"floor":44,"key":"DataDisk"},{"floor":46,"key":"Shuriken"},{"floor":55,"key":"Happy Flower"}],"event_choices":[{"damage_healed":0,"gold_gain":0,"player_choice":"Success","damage_taken":18,"relics_obtained":["Question Card"],"max_hp_gain":0,"max_hp_loss":0,"event_name":"Scrap Ooze","floor":2,"gold_loss":0},{"cards_removed":["Strike_B"],"damage_healed":0,"gold_gain":0,"player_choice":"Purged","damage_taken":0,"max_hp_gain":0,"max_hp_loss":0,"event_name":"Purifier","floor":5,"gold_loss":0},{"damage_healed":0,"gold_gain":0,"player_choice":"Fought Bandits","damage_taken":0,"max_hp_gain":0,"max_hp_loss":0,"event_name":"Masked Bandits","floor":22,"gold_loss":0},{"damage_healed":0,"gold_gain":0,"player_choice":"Opened","damage_taken":0,"relics_obtained":["Lantern"],"max_hp_gain":0,"max_hp_loss":0,"event_name":"The Mausoleum","floor":24,"gold_loss":0,"cards_obtained":["Writhe"]},{"cards_removed":["Strike_B"],"damage_healed":0,"gold_gain":0,"player_choice":"Purged","damage_taken":0,"max_hp_gain":0,"max_hp_loss":0,"event_name":"Purifier","floor":29,"gold_loss":0},{"damage_healed":0,"gold_gain":0,"player_choice":"Fight","damage_taken":0,"max_hp_gain":0,"max_hp_loss":0,"event_name":"Mysterious Sphere","floor":39,"gold_loss":0},{"damage_healed":0,"gold_gain":0,"player_choice":"Memory 1","damage_taken":0,"max_hp_gain":0,"max_hp_loss":0,"event_name":"SensoryStone","floor":47,"gold_loss":0}],"is_beta":false,"boss_relics":[{"not_picked":["Runic Pyramid","Ectoplasm"],"picked":"Busted Crown"},{"not_picked":["Eternal Feather","FrozenCore"],"picked":"Nuclear Battery"}],"items_purged_floors":[14,19,48],"is_endless":false,"potions_floor_spawned":[1,8,11,12,13,20,22,25,28,35,40,45],"killed_by":"The Heart","ascension_level":20}