{"gold_per_floor":[144,189,234,279,279,399,424,424,499,544,589,634,634,679,679,979,979,1024,1069,996,996,996,996,996,1086,1111,1156,1201,1201,1246,1291,1291,1591,1591,1636,1636,942,942,987,1077,1077,1122,1122,1167,1167,215,305,350,350,350],"floor_reached":51,"playtime":3153,"items_purged":["Juggernaut"],"score":958,"play_id":"97afc1e7-e328-43ea-9a31-d29790c95544","local_time":"20181105023751","daily_mods":["Cursed Run","Time Dilation","Midas"],"is_ascension_mode":false,"campfire_choices":[{"floor":8,"key":"REST"},{"floor":15,"key":"REST"},{"floor":23,"key":"REST"},{"floor":29,"key":"REST"},{"floor":32,"key":"REST"},{"floor":45,"key":"REST"},{"floor":49,"key":"REST"}],"neow_cost":"","seed_source_timestamp":0,"circlet_count":0,"master_deck":["Strike_R","Strike_R","Strike_R","Strike_R","Defend_R","Defend_R","Defend_R","Defend_R","Bash","Warcry","Pommel Strike","Clash","Shrug It Off","Regret","Clash","Normality","Normality","Sever Soul","Hemokinesis","Sever Soul","Injury","Fiend Fire","Clash","Clothesline+1","Feel No Pain","RitualDagger","Parasite","Sentinel","Shame","Clash+1","Pommel Strike","Limit Break","Shame","Dark Embrace","Hemokinesis+1","Mind Blast","Corruption","Dramatic Entrance","Clash","Pain","Pommel Strike+1","Doubt","Infernal Blade","Impatience","Violence","Corruption+1","Brutality+1","Burning Pact","Pain"],"special_seed":17840,"relics":["Cursed Key","Darkstone Periapt","Du-Vu Doll","Boot","Tiny Chest","Oddly Smooth Stone","Sundial","Velvet Choker","Kunai","Orichalcum","Art of War","White Beast Statue","Pen Nib","Mango","Girya","WarpedTongs","Champion Belt","Sling","Frozen Egg 2","Lantern","Blue Candle"],"potions_floor_usage":[12,25,33,35,42,47,50,50],"damage_taken":[{"damage":9,"enemies":"2 Louse","floor":1,"turns":2},{"damage":6,"enemies":"Jaw Worm","floor":2,"turns":3},{"damage":1,"enemies":"Cultist","floor":3,"turns":3},{"damage":7,"enemies":"Blue Slaver","floor":4,"turns":2},{"damage":17,"enemies":"Lagavulin","floor":6,"turns":5},{"damage":4,"enemies":"2 Fungi Beasts","floor":10,"turns":4},{"damage":0,"enemies":"Looter","floor":11,"turns":1},{"damage":0,"enemies":"Exordium Thugs","floor":12,"turns":2},{"damage":7,"enemies":"2 Fungi Beasts","floor":14,"turns":3},{"damage":61,"enemies":"The Guardian","floor":16,"turns":7},{"damage":3,"enemies":"Spheric Guardian","floor":18,"turns":3},{"damage":26,"enemies":"3 Byrds","floor":19,"turns":4},{"damage":5,"enemies":"Book of Stabbing","floor":25,"turns":2},{"damage":3,"enemies":"3 Cultists","floor":27,"turns":3},{"damage":18,"enemies":"Chosen and Byrds","floor":28,"turns":4},{"damage":3,"enemies":"Snake Plant","floor":30,"turns":2},{"damage":28,"enemies":"Shelled Parasite and Fungi","floor":31,"turns":4},{"damage":36,"enemies":"Automaton","floor":33,"turns":6},{"damage":13,"enemies":"Orb Walker","floor":35,"turns":3},{"damage":1,"enemies":"3 Darklings","floor":39,"turns":2},{"damage":17,"enemies":"Nemesis","floor":40,"turns":3},{"damage":12,"enemies":"Writhing Mass","floor":42,"turns":2},{"damage":22,"enemies":"Jaw Worm Horde","floor":44,"turns":3},{"damage":5,"enemies":"Giant Head","floor":47,"turns":4},{"damage":25,"enemies":"4 Shapes","floor":48,"turns":2},{"damage":45,"enemies":"Time Eater","floor":50,"turns":4}],"seed_played":"8055105580141425642","potions_obtained":[{"floor":1,"key":"Explosive Potion"},{"floor":2,"key":"EssenceOfSteel"},{"floor":4,"key":"Dexterity Potion"},{"floor":12,"key":"Regen Potion"},{"floor":19,"key":"PowerPotion"},{"floor":27,"key":"Poison Potion"},{"floor":33,"key":"Fire Potion"},{"floor":35,"key":"GamblersBrew"},{"floor":39,"key":"Weak Potion"},{"floor":42,"key":"Energy Potion"},{"floor":44,"key":"Block Potion"},{"floor":47,"key":"FearPotion"},{"floor":48,"key":"BloodPotion"}],"is_trial":false,"path_per_floor":["M","M","M","M","?","E","T","R","T","M","M","M","?","M","R","B",null,"M","M","$","?","?","R","T","E","T","M","M","R","M","M","R","B",null,"M","?","$","?","M","E","?","M","T","M","R","$","E","M","R","B",null],"character_chosen":"IRONCLAD","items_purchased":["Feel No Pain","Corruption","Pen Nib","Mango","Dramatic Entrance","Impatience","Violence","Sling","Frozen Egg 2","Corruption+1","Lantern"],"campfire_rested":7,"item_purchase_floors":[20,37,37,37,37,46,46,46,46,46,46],"current_hp_per_floor":[71,65,64,57,63,46,52,79,85,81,81,81,81,74,98,43,104,101,75,75,69,69,100,106,101,107,104,86,116,113,85,116,86,122,109,109,123,123,122,105,111,99,105,83,125,125,120,95,137,98],"gold":350,"neow_bonus":"","is_prod":false,"is_daily":true,"chose_seed":false,"campfire_upgraded":0,"win_rate":0.0,"timestamp":1541403471,"path_taken":["M","M","M","M","?","E","?","R","T","M","M","M","?","M","R","BOSS","M","?","$","?","?","R","?","E","T","M","M","R","?","M","R","BOSS","M","?","$","?","M","E","?","?","T","M","R","$","E","M","R","BOSS"],"build_version":"2018-11-01","purchased_purges":1,"victory":true,"max_hp_per_floor":[80,80,80,80,86,86,92,92,98,98,98,98,98,98,98,104,104,104,104,104,104,104,104,110,110,116,116,116,116,116,116,116,122,122,122,122,136,129,129,129,135,135,141,141,141,141,141,141,141,147],"card_choices":[{"not_picked":["Disarm","Body Slam"],"picked":"Warcry","floor":1},{"not_picked":["Body Slam","Hemokinesis"],"picked":"Pommel Strike","floor":2},{"not_picked":["Twin Strike","Offering"],"picked":"Clash","floor":3},{"not_picked":["Dual Wield","Wild Strike"],"picked":"Shrug It Off","floor":4},{"not_picked":["Twin Strike","Dual Wield"],"picked":"Clash","floor":6},{"not_picked":["Heavy Blade","Wild Strike"],"picked":"Sever Soul","floor":10},{"not_picked":["Twin Strike","Heavy Blade","Cleave"],"picked":"SKIP","floor":11},{"not_picked":["Shockwave","Heavy Blade"],"picked":"Hemokinesis","floor":12},{"not_picked":["Whirlwind","Entrench"],"picked":"Sever Soul","floor":14},{"not_picked":["Bludgeon","Impervious"],"picked":"Fiend Fire","floor":16},{"not_picked":["Infernal Blade","Pommel Strike"],"picked":"Clash","floor":18},{"not_picked":["Twin Strike","Power Through"],"picked":"Clothesline+1","floor":19},{"not_picked":["Flame Barrier+1","Headbutt"],"picked":"Sentinel","floor":25},{"not_picked":["Thunderclap+1","Wild Strike"],"picked":"Clash+1","floor":27},{"not_picked":["Perfected Strike","Twin Strike"],"picked":"Pommel Strike","floor":28},{"not_picked":["Headbutt","Spot Weakness"],"picked":"Limit Break","floor":30},{"not_picked":["Spot Weakness+1","Seeing Red","Flame Barrier"],"picked":"SKIP","floor":31},{"not_picked":["Offering","Brutality"],"picked":"Dark Embrace","floor":33},{"not_picked":["True Grit","Flex"],"picked":"Hemokinesis+1","floor":35},{"not_picked":["Madness","Discovery"],"picked":"Mind Blast","floor":36},{"not_picked":["Evolve+1","Spot Weakness+1"],"picked":"Clash","floor":39},{"not_picked":["Body Slam+1","Perfected Strike","Whirlwind"],"picked":"SKIP","floor":40},{"not_picked":["Cleave+1","True Grit"],"picked":"Pommel Strike+1","floor":42},{"not_picked":["Inflame+1","Thunderclap+1"],"picked":"Infernal Blade","floor":44},{"not_picked":["Dual Wield","Sword Boomerang+1"],"picked":"Brutality+1","floor":47},{"not_picked":["Carnage","Disarm"],"picked":"Burning Pact","floor":48}],"player_experience":16874,"relics_obtained":[{"floor":6,"key":"Tiny Chest"},{"floor":7,"key":"Oddly Smooth Stone"},{"floor":9,"key":"Sundial"},{"floor":24,"key":"Kunai"},{"floor":25,"key":"Orichalcum"},{"floor":26,"key":"Art of War"},{"floor":40,"key":"Girya"},{"floor":43,"key":"Champion Belt"},{"floor":47,"key":"Blue Candle"}],"event_choices":[{"damage_healed":0,"gold_gain":0,"player_choice":"Box","damage_taken":0,"relics_obtained":["Boot"],"max_hp_gain":0,"max_hp_loss":0,"event_name":"Big Fish","floor":5,"gold_loss":0,"cards_obtained":["Regret"]},{"damage_healed":0,"gold_gain":0,"cards_transformed":["Strike_R"],"player_choice":"Transformed","damage_taken":0,"max_hp_gain":0,"max_hp_loss":0,"event_name":"Transmorgrifier","floor":13,"gold_loss":0,"cards_obtained":["Juggernaut"]},{"damage_healed":0,"gold_gain":0,"player_choice":"Joined the Cult","damage_taken":6,"max_hp_gain":0,"max_hp_loss":0,"event_name":"Nest","floor":21,"gold_loss":0,"cards_obtained":["RitualDagger"]},{"damage_healed":0,"gold_gain":0,"player_choice":"Ignored","damage_taken":0,"max_hp_gain":0,"max_hp_loss":0,"event_name":"Ghosts","floor":22,"gold_loss":0},{"damage_healed":0,"gold_gain":0,"player_choice":"Memory 1","damage_taken":0,"max_hp_gain":0,"max_hp_loss":0,"event_name":"SensoryStone","floor":36,"gold_loss":0},{"damage_healed":0,"gold_gain":0,"player_choice":"Max HP","damage_taken":0,"max_hp_gain":0,"max_hp_loss":7,"event_name":"Winding Halls","floor":38,"gold_loss":0},{"damage_healed":0,"gold_gain":0,"player_choice":"Rummage","damage_taken":0,"relics_obtained":["WarpedTongs"],"max_hp_gain":0,"max_hp_loss":0,"event_name":"Accursed Blacksmith","floor":41,"gold_loss":0,"cards_obtained":["Pain"]}],"is_beta":false,"boss_relics":[{"not_picked":["Calling Bell","Mark of Pain"],"picked":"Velvet Choker"},{"not_picked":["Lizard Tail","Coffee Dripper"],"picked":"White Beast Statue"}],"items_purged_floors":[37],"is_endless":false,"potions_floor_spawned":[1,2,4,6,12,16,19,27,33,35,39,40,42,44,47,48],"ascension_level":0}