{"gold_per_floor":[116,135,35,35,50,86,86,107,107,180,199,199,239,253,253,346,346,337,361,31,55,55,84,84,103,130,130,148,181,61,86,86,164,164,177,188,14,14,31,31,59,79,125,125,136,168,48,58,58,58],"floor_reached":51,"playtime":6644,"items_purged":["Doubt","Strike_G","Strike_G","Injury"],"score":1497,"play_id":"55d64d9c-40ee-43a5-be4d-f3d915d314ef","local_time":"20190127030333","is_ascension_mode":true,"campfire_choices":[{"floor":7.0,"key":"REST"},{"floor":12.0,"key":"REST"},{"floor":15.0,"key":"REST"},{"floor":24,"key":"REST"},{"data":"Footwork","floor":32,"key":"SMITH"},{"data":"Footwork","floor":40,"key":"SMITH"},{"data":"After Image","floor":44,"key":"SMITH"},{"data":"Well Laid Plans","floor":49,"key":"SMITH"}],"neow_cost":"CURSE","seed_source_timestamp":27138585057011,"circlet_count":0,"master_deck":["AscendersBane","Defend_G","Defend_G","Defend_G","Defend_G","Defend_G","Strike_G+1","Strike_G","Strike_G+1","Survivor","Neutralize","Noxious Fumes","Noxious Fumes","Deflect","Crippling Poison","Acrobatics","Footwork+1","Tactician","Sucker Punch","Adrenaline","PiercingWail+1","Reflex","Dodge and Roll","Acrobatics","Blur","Blur","Prepared+1","Noxious Fumes","Footwork+1","Noxious Fumes","Bouncing Flask+1","After Image+1","Caltrops","Cloak And Dagger","Madness","Madness","Leg Sweep","Blur","Well Laid Plans+1","Backflip+1","Dodge and Roll+1"],"special_seed":0,"relics":["Ring of the Snake","Mango","Bloody Idol","Orichalcum","Anchor","The Courier","Bottled Tornado","Sozu","TwistedFunnel","Bird Faced Urn","Oddly Smooth Stone","Ancient Tea Set","Bottled Lightning","Cursed Key","Dream Catcher","Whetstone","Ice Cream"],"potions_floor_usage":[],"damage_taken":[{"damage":8.0,"enemies":"Jaw Worm","floor":1.0,"turns":9.0},{"damage":5.0,"enemies":"Cultist","floor":2.0,"turns":5.0},{"damage":0.0,"enemies":"Small Slimes","floor":5.0,"turns":5.0},{"damage":28.0,"enemies":"3 Sentries","floor":6.0,"turns":9.0},{"damage":9.0,"enemies":"3 Louse","floor":8.0,"turns":3.0},{"damage":0.0,"enemies":"Exordium Thugs","floor":11.0,"turns":4.0},{"damage":31.0,"enemies":"Gremlin Nob","floor":13.0,"turns":6.0},{"damage":2.0,"enemies":"Blue Slaver","floor":14.0,"turns":5.0},{"damage":14.0,"enemies":"The Guardian","floor":16.0,"turns":13.0},{"damage":2.0,"enemies":"2 Thieves","floor":18.0,"turns":5.0},{"damage":17.0,"enemies":"3 Byrds","floor":19.0,"turns":5.0},{"damage":1,"enemies":"3 Cultists","floor":21,"turns":5},{"damage":20,"enemies":"Gremlin Leader","floor":23,"turns":8},{"damage":3,"enemies":"Snake Plant","floor":25,"turns":6},{"damage":12,"enemies":"Snecko","floor":28,"turns":7},{"damage":1,"enemies":"Book of Stabbing","floor":29,"turns":8},{"damage":10,"enemies":"Gremlin Leader","floor":31,"turns":7},{"damage":2,"enemies":"Collector","floor":33,"turns":10},{"damage":4,"enemies":"Orb Walker","floor":35,"turns":4},{"damage":0,"enemies":"3 Darklings","floor":36,"turns":6},{"damage":7,"enemies":"Maw","floor":39,"turns":9},{"damage":31,"enemies":"Giant Head","floor":41,"turns":12},{"damage":4,"enemies":"Sphere and 2 Shapes","floor":42,"turns":5},{"damage":43,"enemies":"4 Shapes","floor":45,"turns":5},{"damage":0,"enemies":"Reptomancer","floor":46,"turns":8},{"damage":0,"enemies":"Spire Growth","floor":48,"turns":8},{"damage":0,"enemies":"Time Eater","floor":50,"turns":17}],"seed_played":"882248068540331103","potions_obtained":[{"floor":1.0,"key":"FearPotion"},{"floor":2.0,"key":"AttackPotion"},{"floor":13.0,"key":"Block Potion"}],"is_trial":false,"path_per_floor":["M","M","$","?","M","E","R","M","T","T","M","R","E","M","R","B",null,"M","M","$","M","?","E","R","M","T","?","M","E","$","E","R","B",null,"M","M","$","?","M","R","E","M","T","R","M","E","$","M","R","B",null],"character_chosen":"THE_SILENT","items_purchased":["Deflect","TwistedFunnel","Reflex","Dodge and Roll","Footwork","Noxious Fumes","Caltrops","Cloak And Dagger"],"campfire_rested":4,"item_purchase_floors":[3,20,20,20,30,30,37,37],"current_hp_per_floor":[65,60,60,60,60,32,53,44,44,44,44,65,34,32,53,39,64,62,45,45,44,44,29,50,58,63,63,62,72,72,67,67,72,72,72,72,72,59,72,72,48,63,68,68,38,61,61,72,72,72],"gold":58,"neow_bonus":"ONE_RARE_RELIC","is_prod":false,"is_daily":false,"chose_seed":false,"campfire_upgraded":4,"win_rate":0,"timestamp":1548576213,"path_taken":["M","M","$","?","M","E","R","M","T","?","M","R","E","M","R","BOSS","M","M","$","M","?","E","R","M","T","?","M","E","?","E","R","BOSS","M","M","$","?","M","R","E","M","T","R","M","E","$","M","R","BOSS"],"build_version":"2019-01-23","purchased_purges":4,"victory":true,"max_hp_per_floor":[80,80,80,72,72,72,72,72,72,72,72,72,72,72,72,72,72,72,72,72,72,72,72,72,72,72,72,72,72,72,72,72,72,72,72,72,72,72,72,72,72,72,72,72,72,72,72,72,72,72],"card_choices":[{"not_picked":["Outmaneuver","Blur"],"picked":"Noxious Fumes","floor":1.0},{"not_picked":["Sucker Punch","Quick Slash"],"picked":"Noxious Fumes","floor":2.0},{"not_picked":["Acrobatics","Dash"],"picked":"Crippling Poison","floor":5.0},{"not_picked":["Prepared","Dagger Spray"],"picked":"Acrobatics","floor":6.0},{"not_picked":["Underhanded Strike","Prepared"],"picked":"Footwork","floor":8.0},{"not_picked":["Flying Knee","Storm of Steel","Tactician"],"picked":"SKIP","floor":11.0},{"not_picked":["Flying Knee","Storm of Steel"],"picked":"Tactician","floor":11.0},{"not_picked":["Quick Slash","Dagger Spray"],"picked":"Sucker Punch","floor":13.0},{"not_picked":["Slice","Acrobatics","Bane"],"picked":"SKIP","floor":14.0},{"not_picked":["Glass Knife","Phantasmal Killer"],"picked":"Adrenaline","floor":16.0},{"not_picked":["Poisoned Stab","Flying Knee+1","Flechettes"],"picked":"SKIP","floor":18.0},{"not_picked":["Acrobatics","Blade Dance"],"picked":"PiercingWail+1","floor":19.0},{"not_picked":["Masterful Stab","Deadly Poison"],"picked":"Acrobatics","floor":21},{"not_picked":["Prepared+1","Flechettes"],"picked":"Blur","floor":23},{"not_picked":["Bane","Sucker Punch"],"picked":"Blur","floor":25},{"not_picked":["Blade Dance","PiercingWail+1"],"picked":"Prepared+1","floor":28},{"not_picked":["Tactician+1","Dodge and Roll"],"picked":"Noxious Fumes","floor":29},{"not_picked":["Setup","Bane"],"picked":"Bouncing Flask+1","floor":31},{"not_picked":["Malaise","A Thousand Cuts"],"picked":"After Image","floor":33},{"not_picked":["Acrobatics","Reflex","Underhanded Strike"],"picked":"SKIP","floor":35},{"not_picked":["Outmaneuver+1","Deadly Poison","Blade Dance"],"picked":"SKIP","floor":36},{"not_picked":["Outmaneuver+1","Accuracy"],"picked":"Leg Sweep","floor":39},{"not_picked":["Deadly Poison","Outmaneuver+1"],"picked":"Blur","floor":41},{"not_picked":["Blade Dance","Underhanded Strike"],"picked":"Well Laid Plans","floor":42},{"not_picked":["Sucker Punch","Masterful Stab"],"picked":"Backflip+1","floor":45},{"not_picked":["Wraith Form v2","Poisoned Stab+1"],"picked":"Dodge and Roll+1","floor":46},{"not_picked":["Prepared","Outmaneuver","Flying Knee"],"picked":"SKIP","floor":48}],"player_experience":932272,"relics_obtained":[{"floor":6.0,"key":"Orichalcum"},{"floor":9.0,"key":"Anchor"},{"floor":10.0,"key":"The Courier"},{"floor":13.0,"key":"Bottled Tornado"},{"floor":23,"key":"Bird Faced Urn"},{"floor":26,"key":"Oddly Smooth Stone"},{"floor":29,"key":"Ancient Tea Set"},{"floor":31,"key":"Bottled Lightning"},{"floor":41,"key":"Dream Catcher"},{"floor":43,"key":"Whetstone"},{"floor":46,"key":"Ice Cream"}],"event_choices":[{"damage_healed":0.0,"max_hp_gain":0.0,"max_hp_loss":8.0,"gold_gain":0.0,"event_name":"Golden Idol","player_choice":"Lose Max HP","floor":4.0,"gold_loss":0.0,"damage_taken":0.0,"relics_obtained":["Golden Idol"]},{"damage_healed":0,"gold_gain":0,"player_choice":"Gave Idol","damage_taken":0,"relics_obtained":["Bloody Idol"],"max_hp_gain":0,"max_hp_loss":0,"event_name":"Forgotten Altar","floor":22,"relics_lost":["Golden Idol"],"gold_loss":0},{"damage_healed":0,"gold_gain":0,"player_choice":"Ignored","damage_taken":0,"max_hp_gain":0,"max_hp_loss":0,"event_name":"Vampires","floor":27,"gold_loss":0},{"damage_healed":0,"gold_gain":0,"player_choice":"Embrace Madness","damage_taken":13,"max_hp_gain":0,"max_hp_loss":0,"event_name":"Winding Halls","floor":38,"gold_loss":0,"cards_obtained":["Madness","Madness"]}],"is_beta":false,"boss_relics":[{"not_picked":["Ectoplasm","Coffee Dripper"],"picked":"Sozu"},{"not_picked":["Astrolabe","Fusion Hammer"],"picked":"Cursed Key"}],"items_purged_floors":[3,20,37,47],"is_endless":false,"potions_floor_spawned":[1,2,13,14,16,19,29,31,36,41,46,48],"ascension_level":16}