{"gold_per_floor":[116,129,148,161,161,221,221,241,288,307,307,335,351,7,7,84,84,96,106,106,120,131,131,146,146,146,178,178,93,106,18,18,18],"floor_reached":33,"playtime":3567,"items_purged":["Strike_B"],"score":570,"play_id":"11a17c9b-fd6d-442b-89ef-0c3710fc8729","local_time":"20190204215436","is_ascension_mode":true,"campfire_choices":[{"floor":11.0,"key":"REST"},{"data":"White Noise","floor":15.0,"key":"SMITH"},{"floor":25,"key":"REST"},{"floor":32,"key":"REST"}],"neow_cost":"NONE","seed_source_timestamp":0,"circlet_count":0,"master_deck":["AscendersBane","Defend_B","Defend_B","Defend_B","Defend_B","Zap+1","Dualcast","Stack","White Noise","Ball Lightning","Go for the Eyes","BootSequence","Sunder","Ball Lightning","White Noise+1","Go for the Eyes","Cold Snap","Echo Form","Hologram","Compile Driver+1","Bite","Bite","Bite","Bite","Bite","Stack","Defragment"],"special_seed":0,"relics":["Cracked Core","Tiny Chest","Ornamental Fan","Lee\u0027s Waffle","Busted Crown","Nilry\u0027s Codex","Dodecahedron","Orichalcum","Shuriken"],"potions_floor_usage":[27,30,30],"damage_taken":[{"damage":7.0,"enemies":"Jaw Worm","floor":1.0,"turns":3.0},{"damage":3.0,"enemies":"2 Louse","floor":2.0,"turns":4.0},{"damage":11.0,"enemies":"Small Slimes","floor":3.0,"turns":4.0},{"damage":13.0,"enemies":"3 Louse","floor":4.0,"turns":3.0},{"damage":31.0,"enemies":"Gremlin Nob","floor":6.0,"turns":4.0},{"damage":0.0,"enemies":"Blue Slaver","floor":8.0,"turns":3.0},{"damage":8.0,"enemies":"Exordium Thugs","floor":10.0,"turns":4.0},{"damage":22.0,"enemies":"3 Sentries","floor":12.0,"turns":6.0},{"damage":4.0,"enemies":"Red Slaver","floor":13.0,"turns":3.0},{"damage":44.0,"enemies":"Hexaghost","floor":16.0,"turns":11.0},{"damage":17.0,"enemies":"2 Thieves","floor":18.0,"turns":4.0},{"damage":12.0,"enemies":"Spheric Guardian","floor":19.0,"turns":4.0},{"damage":26.0,"enemies":"Cultist and Chosen","floor":21.0,"turns":6.0},{"damage":17.0,"enemies":"Centurion and Healer","floor":22.0,"turns":6.0},{"damage":12,"enemies":"Sentry and Sphere","floor":24,"turns":4},{"damage":29,"enemies":"Book of Stabbing","floor":27,"turns":6},{"damage":7,"enemies":"Snecko","floor":30,"turns":5},{"damage":54,"enemies":"Collector","floor":33,"turns":7}],"seed_played":"3447113503138865706","potions_obtained":[{"floor":1.0,"key":"EssenceOfSteel"},{"floor":4.0,"key":"Fire Potion"},{"floor":13.0,"key":"Fire Potion"},{"floor":16.0,"key":"Regen Potion"},{"floor":21.0,"key":"Strength Potion"},{"floor":24,"key":"Dexterity Potion"},{"floor":27,"key":"Fruit Juice"}],"is_trial":false,"path_per_floor":["M","M","M","M","?","E","?","M","T","M","R","E","M","$","R","B",null,"M","M","?","M","M","?","M","R","T","E","?","?","M","$","R","B"],"character_chosen":"DEFECT","items_purchased":["Lee\u0027s Waffle","Cold Snap","Defragment"],"campfire_rested":3,"item_purchase_floors":[14,14,31],"current_hp_per_floor":[64,61,50,37,63,32,32,32,32,26,49,29,27,85,85,41,74,59,49,28,16,1,18,8,33,33,6,6,6,14,14,41,0],"gold":18,"neow_bonus":"TEN_PERCENT_HP_BONUS","is_prod":false,"is_daily":false,"chose_seed":false,"campfire_upgraded":1,"win_rate":0,"timestamp":1549335276,"path_taken":["M","M","M","M","?","E","?","M","T","M","R","E","?","$","R","BOSS","M","M","?","M","M","?","M","R","T","E","?","?","M","?","R","BOSS"],"build_version":"2019-01-23","purchased_purges":1,"victory":false,"max_hp_per_floor":[78,78,78,78,78,78,78,78,78,78,78,78,78,85,85,85,85,85,85,85,85,85,85,85,85,85,85,85,85,90,90,90,90],"card_choices":[{"not_picked":["Chaos","Static Discharge"],"picked":"Stack","floor":1.0},{"not_picked":["Streamline","Sweeping Beam"],"picked":"White Noise","floor":2.0},{"not_picked":["Beam Cell","Hologram"],"picked":"Ball Lightning","floor":3.0},{"not_picked":["Barrage","Ball Lightning"],"picked":"Go for the Eyes","floor":4.0},{"not_picked":["Turbo","Auto Shields"],"picked":"BootSequence","floor":6.0},{"not_picked":["Leap","Turbo"],"picked":"Sunder","floor":8.0},{"not_picked":["Stack","Hyperbeam"],"picked":"Ball Lightning","floor":10.0},{"not_picked":["Redo","Chill"],"picked":"White Noise","floor":12.0},{"not_picked":["Ball Lightning","Gash"],"picked":"Go for the Eyes","floor":13.0},{"not_picked":["Machine Learning","Biased Cognition"],"picked":"Echo Form","floor":16.0},{"not_picked":[],"picked":"Hologram","floor":18.0},{"not_picked":["Compile Driver"],"picked":"SKIP","floor":19.0},{"not_picked":["Streamline"],"picked":"SKIP","floor":21.0},{"not_picked":["Recycle"],"picked":"SKIP","floor":22},{"not_picked":["Hologram"],"picked":"SKIP","floor":24},{"not_picked":[],"picked":"Compile Driver+1","floor":27},{"not_picked":[],"picked":"Stack","floor":30}],"player_experience":996392,"relics_obtained":[{"floor":6.0,"key":"Tiny Chest"},{"floor":9.0,"key":"Blood Vial"},{"floor":12.0,"key":"Ornamental Fan"},{"floor":20.0,"key":"Nilry\u0027s Codex"},{"floor":26,"key":"Dodecahedron"},{"floor":27,"key":"Orichalcum"}],"event_choices":[{"damage_healed":26.0,"max_hp_gain":0.0,"max_hp_loss":0.0,"gold_gain":0.0,"event_name":"Big Fish","player_choice":"Banana","floor":5.0,"gold_loss":0.0,"damage_taken":0.0},{"damage_healed":0.0,"max_hp_gain":0.0,"max_hp_loss":0.0,"gold_gain":0.0,"event_name":"Living Wall","player_choice":"Grow","floor":7.0,"gold_loss":0.0,"damage_taken":0.0,"cards_upgraded":["Zap"]},{"damage_healed":0.0,"max_hp_gain":0.0,"max_hp_loss":0.0,"gold_gain":0.0,"event_name":"Cursed Tome","player_choice":"Obtained Book","floor":20.0,"gold_loss":0.0,"damage_taken":21.0},{"damage_healed":17,"gold_gain":0,"player_choice":"Heal","damage_taken":0,"max_hp_gain":0,"max_hp_loss":0,"event_name":"The Library","floor":23,"gold_loss":0},{"damage_healed":0,"gold_gain":0,"player_choice":"Became a vampire (Vial)","damage_taken":0,"max_hp_gain":0,"max_hp_loss":0,"event_name":"Vampires","floor":28,"relics_lost":["Blood Vial"],"gold_loss":0,"cards_obtained":["Bite","Bite","Bite","Bite","Bite"]},{"damage_healed":0,"gold_gain":0,"player_choice":"Obtained Relic","damage_taken":0,"relics_obtained":["Shuriken"],"max_hp_gain":0,"max_hp_loss":0,"event_name":"Addict","floor":29,"gold_loss":85}],"is_beta":false,"boss_relics":[{"not_picked":["Philosopher\u0027s Stone","White Beast Statue"],"picked":"Busted Crown"}],"items_purged_floors":[14],"is_endless":false,"potions_floor_spawned":[1,4,8,13,16,21,24,27],"killed_by":"Collector","ascension_level":17}