{"gold_per_floor":[119,44,44,64,76,76,91,91,91,241,241,275,175,195,195,195],"floor_reached":16,"playtime":316,"items_purged":["Pain","Doubt"],"score":200,"play_id":"7958b802-1db2-4dbf-84b7-62bd61968723","local_time":"20190213025233","is_ascension_mode":true,"campfire_choices":[{"data":"Bash","floor":6.0,"key":"SMITH"},{"data":"Inflame","floor":11.0,"key":"SMITH"},{"floor":15.0,"key":"REST"}],"neow_cost":"CURSE","seed_source_timestamp":35692917517700,"circlet_count":0,"master_deck":["AscendersBane","Strike_R","Strike_R","Strike_R","Strike_R","Strike_R+1","Defend_R","Defend_R","Defend_R","Bash+1","True Grit","Offering+1","Sword Boomerang","Inflame+1","Inflame"],"special_seed":0,"relics":["Burning Blood","Charon\u0027s Ashes","Darkstone Periapt","Blue Candle"],"potions_floor_usage":[16],"damage_taken":[{"damage":18.0,"enemies":"Jaw Worm","floor":1.0,"turns":5.0},{"damage":6.0,"enemies":"Cultist","floor":4.0,"turns":3.0},{"damage":2.0,"enemies":"2 Louse","floor":5.0,"turns":3.0},{"damage":11.0,"enemies":"Looter","floor":7.0,"turns":2.0},{"damage":17.0,"enemies":"Gremlin Nob","floor":12.0,"turns":3.0},{"damage":16.0,"enemies":"Blue Slaver","floor":14.0,"turns":3.0},{"damage":41,"enemies":"The Guardian","floor":16,"turns":6}],"seed_played":"8612560307032443829","potions_obtained":[{"floor":5.0,"key":"Ancient Potion"},{"floor":7.0,"key":"Block Potion"},{"floor":12.0,"key":"Explosive Potion"}],"is_trial":false,"path_per_floor":["M","$","?","M","M","R","M","?","T","?","R","E","$","M","R","B"],"character_chosen":"IRONCLAD","items_purchased":[],"campfire_rested":1,"item_purchase_floors":[],"current_hp_per_floor":[56,56,56,56,60,60,55,32,32,38,38,27,27,17,41,0],"gold":195,"neow_bonus":"ONE_RARE_RELIC","is_prod":false,"is_daily":false,"chose_seed":false,"campfire_upgraded":2,"win_rate":0,"timestamp":1550019153,"path_taken":["M","$","?","?","M","R","M","?","T","?","R","E","$","M","R","BOSS"],"build_version":"2019-01-23","purchased_purges":2,"victory":false,"max_hp_per_floor":[75,75,75,75,75,75,75,75,75,81,81,81,81,81,81,81],"card_choices":[{"not_picked":["Rampage","Wild Strike"],"picked":"True Grit","floor":1.0},{"not_picked":["True Grit","Anger"],"picked":"Sword Boomerang","floor":4.0},{"not_picked":["Entrench","Wild Strike"],"picked":"Inflame","floor":5.0},{"not_picked":["Heavy Blade","Rampage","Reckless Charge"],"picked":"SKIP","floor":7.0},{"not_picked":["Intimidate","Evolve","Barricade"],"picked":"SKIP","floor":12.0},{"not_picked":["Sword Boomerang","Wild Strike"],"picked":"Inflame","floor":14.0}],"player_experience":732614,"relics_obtained":[{"floor":9.0,"key":"Darkstone Periapt"},{"floor":12.0,"key":"Blue Candle"}],"event_choices":[{"damage_healed":0.0,"max_hp_gain":0.0,"max_hp_loss":0.0,"gold_gain":0.0,"cards_transformed":["Defend_R"],"event_name":"Transmorgrifier","player_choice":"Transformed","floor":3.0,"gold_loss":0.0,"damage_taken":0.0,"cards_obtained":["Offering"]},{"damage_healed":0.0,"max_hp_gain":0.0,"max_hp_loss":0.0,"gold_gain":0.0,"event_name":"Shining Light","player_choice":"Entered Light","floor":8.0,"gold_loss":0.0,"damage_taken":23.0,"cards_upgraded":["Offering","Strike_R"]},{"damage_healed":0.0,"max_hp_gain":0.0,"max_hp_loss":0.0,"gold_gain":150.0,"event_name":"Liars Game","player_choice":"AGREE","floor":10.0,"gold_loss":0.0,"damage_taken":0.0,"cards_obtained":["Doubt"]}],"is_beta":false,"boss_relics":[],"items_purged_floors":[2,13],"is_endless":false,"potions_floor_spawned":[5,7,12],"killed_by":"The Guardian","ascension_level":20}