{"gold_per_floor":[116,93,22,36,36,36,68,86,86,97,97,108,118,152,152,248,248,263,37,48,58,58,89,89,89],"floor_reached":25,"playtime":1101,"items_purged":["Strike_B"],"score":271,"play_id":"9d2f73ef-0ad6-4651-9d79-78222f3d0556","local_time":"20190107205943","is_ascension_mode":true,"campfire_choices":[{"data":"Zap","floor":6,"key":"SMITH"},{"data":"Loop","floor":11,"key":"SMITH"},{"data":"Dualcast","floor":15,"key":"SMITH"},{"floor":24,"key":"REST"}],"neow_cost":"NONE","seed_source_timestamp":1563668694744298,"circlet_count":0,"master_deck":["Strike_B","Strike_B","Strike_B","Defend_B","Defend_B","Defend_B","Defend_B","Zap+1","Dualcast+1","Cold Snap","Ball Lightning","Loop+1","Rip and Tear+1","Beam Cell+1","Go for the Eyes+1","Echo Form","Hologram","Skim+1","Glacier","Blizzard+1"],"relics":["Cracked Core","NeowsBlessing","Molten Egg 2","Dodecahedron","Blood Vial","Shuriken","Eternal Feather","Happy Flower","Shovel"],"potions_floor_usage":[14,18,20,23,25],"damage_taken":[{"damage":0,"enemies":"Cultist","floor":1,"turns":1},{"damage":0,"enemies":"Small Slimes","floor":4,"turns":1},{"damage":0,"enemies":"3 Sentries","floor":7,"turns":1},{"damage":6,"enemies":"Jaw Worm","floor":8,"turns":2},{"damage":4,"enemies":"3 Louse","floor":10,"turns":3},{"damage":2,"enemies":"Blue Slaver","floor":12,"turns":2},{"damage":11,"enemies":"Exordium Wildlife","floor":13,"turns":3},{"damage":7,"enemies":"Gremlin Nob","floor":14,"turns":3},{"damage":20,"enemies":"Hexaghost","floor":16,"turns":7},{"damage":15,"enemies":"3 Byrds","floor":18,"turns":4},{"damage":17,"enemies":"2 Thieves","floor":20,"turns":4},{"damage":6,"enemies":"Cultist and Chosen","floor":21,"turns":4},{"damage":21,"enemies":"Gremlin Leader","floor":23,"turns":6},{"damage":59,"enemies":"Slavers","floor":25,"turns":4}],"seed_played":"-515901989178628702","potions_obtained":[{"floor":1,"key":"EssenceOfSteel"},{"floor":4,"key":"Strength Potion"},{"floor":10,"key":"PowerPotion"},{"floor":12,"key":"Weak Potion"},{"floor":14,"key":"Weak Potion"},{"floor":16,"key":"LiquidBronze"},{"floor":18,"key":"Explosive Potion"}],"is_trial":false,"path_per_floor":["M","$","$","M","?","R","E","M","T","M","R","M","M","E","R","B",null,"M","$","M","M","?","E","R","E"],"character_chosen":"DEFECT","items_purchased":["Ball Lightning","Loop","Happy Flower"],"campfire_rested":1,"item_purchase_floors":[2,3,19],"current_hp_per_floor":[75,75,75,75,57,57,57,51,51,49,49,49,40,35,35,17,75,60,60,45,41,41,22,56,0],"gold":89,"neow_bonus":"THREE_ENEMY_KILL","is_prod":false,"is_daily":false,"chose_seed":false,"campfire_upgraded":3,"win_rate":0,"timestamp":1546923583,"path_taken":["M","?","$","M","?","R","E","M","T","M","R","M","M","E","R","BOSS","M","$","M","M","?","E","R","E"],"build_version":"2019-01-03v4","purchased_purges":1,"victory":false,"max_hp_per_floor":[75,75,75,75,75,75,75,75,75,75,75,75,75,75,75,75,75,75,75,75,75,75,75,75,75],"card_choices":[{"not_picked":["Capacitor","Heatsinks"],"picked":"Cold Snap","floor":1},{"not_picked":["Double Energy","Turbo","Static Discharge"],"picked":"SKIP","floor":4},{"not_picked":["Heatsinks","Reinforced Body"],"picked":"Rip and Tear+1","floor":7},{"not_picked":["Steam","Double Energy"],"picked":"Beam Cell+1","floor":8},{"not_picked":["Cold Snap+1","Aggregate","Tempest"],"picked":"SKIP","floor":10},{"not_picked":["Fusion","Force Field","Gash+1"],"picked":"SKIP","floor":12},{"not_picked":["Beam Cell+1","Streamline+1"],"picked":"Go for the Eyes+1","floor":13},{"not_picked":["Streamline+1","BootSequence","Chaos"],"picked":"SKIP","floor":14},{"not_picked":["Reboot","Rainbow"],"picked":"Echo Form","floor":16},{"not_picked":["Doom and Gloom+1","Beam Cell+1"],"picked":"Hologram","floor":18},{"not_picked":["Tempest","Static Discharge"],"picked":"Skim+1","floor":20},{"not_picked":["Steam Power","Hologram"],"picked":"Glacier","floor":21},{"not_picked":["Core Surge+1","Conserve Battery"],"picked":"Blizzard+1","floor":23}],"player_experience":114604,"relics_obtained":[{"floor":7,"key":"Dodecahedron"},{"floor":9,"key":"Blood Vial"},{"floor":14,"key":"Shuriken"},{"floor":23,"key":"Shovel"}],"event_choices":[{"damage_healed":0,"gold_gain":0,"player_choice":"Success","damage_taken":18,"relics_obtained":["Molten Egg 2"],"max_hp_gain":0,"max_hp_loss":0,"event_name":"Scrap Ooze","floor":5,"gold_loss":0},{"damage_healed":0,"gold_gain":0,"player_choice":"Ignored","damage_taken":0,"max_hp_gain":0,"max_hp_loss":0,"event_name":"Ghosts","floor":22,"gold_loss":0}],"is_beta":false,"boss_relics":[{"not_picked":["White Beast Statue","Lizard Tail"],"picked":"Eternal Feather"}],"items_purged_floors":[19],"is_endless":false,"potions_floor_spawned":[1,4,10,12,14,16,18],"killed_by":"Slavers","ascension_level":1}