{"gold_per_floor":[112,112,37,48,60,60,92,92,92,92],"floor_reached":10,"playtime":535,"items_purged":["Strike_G"],"score":116,"play_id":"5bb83a42-4295-42ce-9940-00be643a9005","local_time":"20190110225522","is_ascension_mode":true,"campfire_choices":[{"data":"Footwork","floor":6,"key":"SMITH"}],"neow_cost":"NONE","seed_source_timestamp":571398550508,"circlet_count":0,"master_deck":["AscendersBane","Defend_G","Defend_G","Defend_G","Defend_G","Defend_G","Strike_G","Strike_G","Strike_G","Survivor","Neutralize","Footwork+1","Envenom","Terror","Deadly Poison","Crippling Poison","Deadly Poison","Grand Finale"],"special_seed":0,"relics":["Ring of the Snake","NeowsBlessing","Bottled Tornado","Dream Catcher"],"potions_floor_usage":[10,10],"damage_taken":[{"damage":0.0,"enemies":"2 Louse","floor":1.0,"turns":1.0},{"damage":0,"enemies":"Cultist","floor":4,"turns":1},{"damage":0,"enemies":"Small Slimes","floor":5,"turns":1},{"damage":26,"enemies":"Lagavulin","floor":7,"turns":8},{"damage":41,"enemies":"3 Sentries","floor":10,"turns":15}],"seed_played":"-7973549846183051600","potions_obtained":[{"floor":5,"key":"GamblersBrew"},{"floor":7,"key":"Swift Potion"}],"is_trial":false,"path_per_floor":["M","?","$","M","M","R","E","?","T","E"],"character_chosen":"THE_SILENT","items_purchased":[],"campfire_rested":0,"item_purchase_floors":[],"current_hp_per_floor":[59,59,59,59,59,59,33,33,33,0],"gold":92,"neow_bonus":"THREE_ENEMY_KILL","is_prod":false,"is_daily":false,"chose_seed":false,"campfire_upgraded":1,"win_rate":0,"timestamp":1547178922,"path_taken":["M","?","$","?","?","R","E","?","T","E"],"build_version":"2019-01-10","purchased_purges":1,"victory":false,"max_hp_per_floor":[66,66,66,66,66,66,66,66,66,66],"card_choices":[{"not_picked":["Sucker Punch","Bane"],"picked":"Footwork","floor":1.0},{"not_picked":["Outmaneuver","Dagger Spray"],"picked":"Deadly Poison","floor":4},{"not_picked":["Slice","Backstab"],"picked":"Crippling Poison","floor":5},{"not_picked":["Prepared","Dodge and Roll"],"picked":"Deadly Poison","floor":7}],"player_experience":844181,"relics_obtained":[{"floor":7,"key":"Bottled Tornado"},{"floor":9,"key":"Dream Catcher"}],"event_choices":[{"damage_healed":0,"gold_gain":0,"player_choice":"2 cards matched","damage_taken":0,"max_hp_gain":0,"max_hp_loss":0,"event_name":"Match and Keep!","floor":2,"gold_loss":0,"cards_obtained":["Envenom","Terror"]},{"damage_healed":0,"gold_gain":0,"cards_transformed":["Strike_G"],"player_choice":"Transformed","damage_taken":0,"max_hp_gain":0,"max_hp_loss":0,"event_name":"Transmorgrifier","floor":8,"gold_loss":0,"cards_obtained":["Grand Finale"]}],"is_beta":false,"boss_relics":[],"items_purged_floors":[3],"is_endless":false,"potions_floor_spawned":[5,7],"killed_by":"3 Sentries","ascension_level":15}