{"gold_per_floor":[111,189,189,189,208,243,243,243,289,5,15,48,62,79,79,181,181,193,206,259,270,63,63,96,96,96,48,75,88,88,108,108,204,204,221,221,221,191,206,219,235,44,44,44,44,60,60,80,80,80],"floor_reached":51,"playtime":1988,"items_purged":[],"score":822,"play_id":"4e0c2da0-9b61-4095-9cc0-bbbc561b8df5","local_time":"20190110195254","is_ascension_mode":false,"campfire_choices":[{"data":"Thunderclap","floor":7.0,"key":"SMITH"},{"floor":15.0,"key":"REST"},{"data":"Armaments","floor":23.0,"key":"SMITH"},{"data":"Shrug It Off","floor":32.0,"key":"SMITH"},{"floor":45.0,"key":"RECALL"},{"data":"Clothesline","floor":47.0,"key":"SMITH"},{"data":"Bite","floor":49.0,"key":"SMITH"}],"neow_cost":"NONE","seed_source_timestamp":68208733917243,"circlet_count":0,"master_deck":["Defend_R","Defend_R+1","Defend_R","Defend_R","Bash+1","Thunderclap+1","Shrug It Off+1","Clothesline+1","Flex","Anger","Cleave","Iron Wave","True Grit+1","Armaments+1","Headbutt","Warcry+1","Bite+1","Bite","Bite","Bite","Bite","Sword Boomerang","Pommel Strike+1","Twin Strike+1","Shrug It Off","Clash","Twin Strike+1","Clash+1"],"special_seed":0,"relics":["Burning Blood","Pen Nib","Letter Opener","PreservedInsect","Vajra","Oddly Smooth Stone","Coffee Dripper","Lantern","Sling","Bag of Marbles","Mercury Hourglass","Potion Belt","Runic Cube","MealTicket","Sundial"],"potions_floor_usage":[50,50,50,50,50],"damage_taken":[{"damage":10.0,"enemies":"2 Louse","floor":1.0,"turns":3.0},{"damage":2.0,"enemies":"Small Slimes","floor":5.0,"turns":3.0},{"damage":23.0,"enemies":"Lagavulin","floor":6.0,"turns":6.0},{"damage":3.0,"enemies":"Jaw Worm","floor":11.0,"turns":3.0},{"damage":9.0,"enemies":"3 Sentries","floor":12.0,"turns":5.0},{"damage":4.0,"enemies":"Gremlin Gang","floor":13.0,"turns":3.0},{"damage":13.0,"enemies":"Exordium Thugs","floor":14.0,"turns":3.0},{"damage":16.0,"enemies":"Slime Boss","floor":16.0,"turns":8.0},{"damage":1.0,"enemies":"Spheric Guardian","floor":18.0,"turns":3.0},{"damage":8.0,"enemies":"3 Byrds","floor":19.0,"turns":4.0},{"damage":15.0,"enemies":"Shelled Parasite and Fungi","floor":21.0,"turns":5.0},{"damage":0.0,"enemies":"Gremlin Leader","floor":24.0,"turns":3.0},{"damage":6.0,"enemies":"Book of Stabbing","floor":28.0,"turns":2.0},{"damage":0.0,"enemies":"Snake Plant","floor":29.0,"turns":3.0},{"damage":2.0,"enemies":"Centurion and Healer","floor":31.0,"turns":3.0},{"damage":35.0,"enemies":"Automaton","floor":33.0,"turns":10.0},{"damage":0.0,"enemies":"Orb Walker","floor":35.0,"turns":2.0},{"damage":9.0,"enemies":"3 Darklings","floor":39.0,"turns":3.0},{"damage":2.0,"enemies":"Maw","floor":40.0,"turns":5.0},{"damage":6.0,"enemies":"Transient","floor":41.0,"turns":5.0},{"damage":5.0,"enemies":"4 Shapes","floor":46.0,"turns":4.0},{"damage":14.0,"enemies":"Sphere and 2 Shapes","floor":48.0,"turns":4.0},{"damage":65,"enemies":"Donu and Deca","floor":50,"turns":11}],"seed_played":"1289340191617620683","potions_obtained":[{"floor":5.0,"key":"Weak Potion"},{"floor":6.0,"key":"Block Potion"},{"floor":21.0,"key":"Swift Potion"},{"floor":29.0,"key":"SpeedPotion"},{"floor":31.0,"key":"Energy Potion"},{"floor":35.0,"key":"Ancient Potion"},{"floor":38.0,"key":"EssenceOfSteel"},{"floor":38.0,"key":"Regen Potion"}],"is_trial":false,"path_per_floor":["M","?","?","?","M","E","R","?","T","$","M","E","M","M","R","B",null,"M","M","T","M","$","R","E","?","T","$","E","M","?","M","R","B",null,"M","?","?","?","M","M","M","$","T","$","R","M","R","M","R","B",null],"character_chosen":"IRONCLAD","items_purchased":["Shrug It Off","Vajra","Clothesline","Flex","Sling","Sword Boomerang","MealTicket"],"campfire_rested":1,"item_purchase_floors":[10,10,10,10,22,27,42],"current_hp_per_floor":[76,76,60,53,57,40,40,40,40,40,43,40,42,35,59,49,80,80,78,78,69,69,69,75,56,56,56,56,56,56,56,56,40,56,56,56,53,53,53,53,53,53,53,53,53,53,53,47,47,16],"gold":80,"neow_bonus":"UPGRADE_CARD","is_prod":false,"is_daily":false,"chose_seed":false,"campfire_upgraded":5,"win_rate":0,"timestamp":1547167974,"path_taken":["M","?","?","?","M","E","R","?","T","$","M","E","?","M","R","BOSS","M","?","?","?","$","R","E","?","T","?","E","M","?","?","R","BOSS","M","?","?","?","M","?","M","$","T","$","R","M","R","M","R","BOSS"],"build_version":"2019-01-09","purchased_purges":0,"victory":true,"max_hp_per_floor":[80,80,80,80,80,80,80,80,80,80,80,80,80,80,80,80,80,80,80,80,80,80,80,80,56,56,56,56,56,56,56,56,56,56,56,56,53,53,53,53,53,53,53,53,53,53,53,53,53,53],"card_choices":[{"not_picked":["Havoc","Evolve","Bloodletting"],"picked":"SKIP","floor":1.0},{"not_picked":["Flame Barrier","Second Wind","Fire Breathing"],"picked":"SKIP","floor":5.0},{"not_picked":["Anger","Ghostly Armor"],"picked":"Thunderclap","floor":6.0},{"not_picked":["Reckless Charge","Inflame"],"picked":"Anger","floor":11.0},{"not_picked":["Reaper","Flame Barrier"],"picked":"Cleave","floor":12.0},{"not_picked":["Clothesline","Hemokinesis","Combust"],"picked":"SKIP","floor":13.0},{"not_picked":["Corruption","Sentinel"],"picked":"Iron Wave","floor":14.0},{"not_picked":["Perfected Strike","Rampage"],"picked":"True Grit+1","floor":18.0},{"not_picked":["Shrug It Off","Sentinel+1"],"picked":"Armaments","floor":19.0},{"not_picked":["Wild Strike","Battle Trance+1"],"picked":"Headbutt","floor":21.0},{"not_picked":["Thunderclap","Demon Form"],"picked":"Warcry+1","floor":24.0},{"not_picked":["Headbutt","Reckless Charge"],"picked":"Pommel Strike+1","floor":28.0},{"not_picked":["Dropkick","Heavy Blade"],"picked":"Twin Strike+1","floor":29.0},{"not_picked":["Havoc+1","Warcry"],"picked":"Clash","floor":31.0},{"not_picked":["Infernal Blade","Sentinel+1","Inflame"],"picked":"SKIP","floor":35.0},{"not_picked":["Infernal Blade","Sentinel+1","Inflame"],"picked":"SKIP","floor":35.0},{"not_picked":["Metallicize","Battle Trance"],"picked":"Twin Strike+1","floor":39.0},{"not_picked":["Bloodletting","Combust"],"picked":"Clash+1","floor":40.0},{"not_picked":["Thunderclap+1","Ghostly Armor","Sword Boomerang+1"],"picked":"SKIP","floor":41.0},{"not_picked":["Thunderclap","Feel No Pain+1","Headbutt"],"picked":"SKIP","floor":46.0},{"not_picked":["Anger+1","Pommel Strike+1","Warcry"],"picked":"SKIP","floor":48.0}],"player_experience":528822,"relics_obtained":[{"floor":6.0,"key":"Letter Opener"},{"floor":9.0,"key":"PreservedInsect"},{"floor":12.0,"key":"Oddly Smooth Stone"},{"floor":20.0,"key":"Lantern"},{"floor":24.0,"key":"Bag of Marbles"},{"floor":26.0,"key":"Mercury Hourglass"},{"floor":28.0,"key":"Potion Belt"},{"floor":43.0,"key":"Sundial"}],"event_choices":[{"damage_healed":0.0,"max_hp_gain":0.0,"max_hp_loss":0.0,"gold_gain":78.0,"event_name":"Golden Wing","player_choice":"Gained Gold","floor":2.0,"gold_loss":0.0,"damage_taken":0.0},{"damage_healed":0.0,"max_hp_gain":0.0,"max_hp_loss":0.0,"gold_gain":0.0,"event_name":"Shining Light","player_choice":"Entered Light","floor":3.0,"gold_loss":0.0,"damage_taken":16.0,"cards_upgraded":["Strike_R","Defend_R"]},{"damage_healed":0.0,"max_hp_gain":0.0,"max_hp_loss":0.0,"gold_gain":0.0,"event_name":"Scrap Ooze","player_choice":"Success","floor":4.0,"gold_loss":0.0,"damage_taken":7.0,"relics_obtained":["Pen Nib"]},{"damage_healed":0.0,"max_hp_gain":0.0,"max_hp_loss":0.0,"gold_gain":0.0,"event_name":"Liars Game","player_choice":"Ignored","floor":8.0,"gold_loss":0.0,"damage_taken":0.0},{"damage_healed":0.0,"max_hp_gain":0.0,"max_hp_loss":24.0,"gold_gain":0.0,"event_name":"Vampires","player_choice":"Became a vampire","floor":25.0,"gold_loss":0.0,"damage_taken":0.0,"cards_obtained":["Bite","Bite","Bite","Bite","Bite"]},{"damage_healed":0.0,"max_hp_gain":0.0,"max_hp_loss":0.0,"gold_gain":0.0,"event_name":"Duplicator","player_choice":"Copied","floor":30.0,"gold_loss":0.0,"damage_taken":0.0,"cards_obtained":["Shrug It Off"]},{"damage_healed":0.0,"max_hp_gain":0.0,"max_hp_loss":0.0,"gold_gain":0.0,"event_name":"Mysterious Sphere","player_choice":"Ignored","floor":36.0,"gold_loss":0.0,"damage_taken":0.0},{"damage_healed":0.0,"max_hp_gain":0.0,"max_hp_loss":3.0,"gold_gain":0.0,"event_name":"Winding Halls","player_choice":"Max HP","floor":37.0,"gold_loss":0.0,"damage_taken":0.0},{"damage_healed":0.0,"max_hp_gain":0.0,"max_hp_loss":0.0,"gold_gain":0.0,"event_name":"The Woman in Blue","player_choice":"Bought 2 Potions","floor":38.0,"gold_loss":0.0,"damage_taken":0.0}],"is_beta":true,"boss_relics":[{"not_picked":["Snecko Eye","Runic Pyramid"],"picked":"Coffee Dripper"},{"not_picked":["Calling Bell","Orrery"],"picked":"Runic Cube"}],"items_purged_floors":[],"is_endless":false,"potions_floor_spawned":[5,6,21,29,31,35,40,46],"ascension_level":0}