{"gold_per_floor":[19,19,19,34,34,61,71,71,127,162,162,183,202,214,214,318,318,330,344,344,363,44,44,75,94,94,94,107,121,140,140,140,237,237,248,266,281,30,45,45,45,45,72,72,90,90,90,110,110,110],"floor_reached":51,"playtime":3985,"items_purged":["Strike_B","Defend_B"],"score":877,"play_id":"8f7c2823-d8bd-4875-8e40-0caf522b4d7b","local_time":"20181002223239","is_ascension_mode":true,"campfire_choices":[{"floor":8.0,"key":"REST"},{"floor":11.0,"key":"REST"},{"floor":15.0,"key":"REST"},{"floor":23,"key":"REST"},{"floor":27,"key":"REST"},{"floor":32,"key":"REST"},{"floor":40,"key":"REST"},{"floor":42,"key":"REST"},{"floor":46,"key":"REST"},{"floor":49,"key":"REST"}],"neow_cost":"NO_GOLD","seed_source_timestamp":950182295079533,"circlet_count":0,"master_deck":["Strike_B+1","Strike_B","Strike_B+1","Defend_B","Defend_B+1","Defend_B","Zap","Dualcast","Reinforced Body","Undo","Ball Lightning","Compile Driver+1","Hello World","Capacitor","Rainbow","Biased Cognition","Defragment+1","Chill","Leap+1","Conserve Battery","Loop","Stack+1","Buffer","Conserve Battery+1","Conserve Battery+1","Redo+1","Thunder Strike","Tempest+1","Redo+1","Rebound","Auto Shields+1","Madness+1","Madness+1","Clumsy","BootSequence+1","Double Energy+1"],"special_seed":0,"relics":["Cracked Core","Emotion Chip","Lantern","Tiny Chest","Kunai","Odd Mushroom","Inserter","Mercury Hourglass","Whetstone","Toxic Egg 2","Blue Candle","MutagenicStrength","Cursed Key","DataDisk","Art of War","Du-Vu Doll"],"potions_floor_usage":[16,18,25,25,33,33,33,50,50,50],"damage_taken":[{"damage":7.0,"enemies":"Jaw Worm","floor":1.0,"turns":3.0},{"damage":5.0,"enemies":"Small Slimes","floor":4.0,"turns":3.0},{"damage":20.0,"enemies":"Gremlin Nob","floor":6.0,"turns":4.0},{"damage":1.0,"enemies":"2 Louse","floor":7.0,"turns":2.0},{"damage":17.0,"enemies":"3 Sentries","floor":10.0,"turns":7.0},{"damage":9.0,"enemies":"The Mushroom Lair","floor":12.0,"turns":3.0},{"damage":0.0,"enemies":"Blue Slaver","floor":13.0,"turns":3.0},{"damage":21.0,"enemies":"Exordium Wildlife","floor":14.0,"turns":4.0},{"damage":16,"enemies":"Hexaghost","floor":16,"turns":10},{"damage":19,"enemies":"Shell Parasite","floor":18,"turns":5},{"damage":24,"enemies":"2 Thieves","floor":19,"turns":4},{"damage":18,"enemies":"Snake Plant","floor":21,"turns":5},{"damage":17,"enemies":"Gremlin Leader","floor":24,"turns":7},{"damage":0,"enemies":"Snecko","floor":25,"turns":6},{"damage":12,"enemies":"Shelled Parasite and Fungi","floor":28,"turns":9},{"damage":9,"enemies":"Centurion and Healer","floor":29,"turns":7},{"damage":0,"enemies":"Snecko","floor":30,"turns":5},{"damage":16,"enemies":"Collector","floor":33,"turns":12},{"damage":0,"enemies":"Orb Walker","floor":35,"turns":4},{"damage":10,"enemies":"3 Darklings","floor":36,"turns":5},{"damage":20,"enemies":"Reptomancer","floor":37,"turns":4},{"damage":21,"enemies":"4 Shapes","floor":39,"turns":4},{"damage":0,"enemies":"Mind Bloom Boss Battle","floor":44,"turns":7},{"damage":17,"enemies":"Spire Growth","floor":45,"turns":5},{"damage":8,"enemies":"3 Darklings","floor":48,"turns":7},{"damage":53,"enemies":"Time Eater","floor":50,"turns":10}],"seed_played":"7985400048400504572","potions_obtained":[{"floor":4.0,"key":"SpeedPotion"},{"floor":5.0,"key":"Explosive Potion"},{"floor":5.0,"key":"Swift Potion"},{"floor":5.0,"key":"FocusPotion"},{"floor":7.0,"key":"Fire Potion"},{"floor":14.0,"key":"SneckoOil"},{"floor":16,"key":"LiquidBronze"},{"floor":18,"key":"Swift Potion"},{"floor":29,"key":"LiquidBronze"},{"floor":30,"key":"Explosive Potion"},{"floor":33,"key":"GamblersBrew"},{"floor":36,"key":"PowerPotion"},{"floor":39,"key":"AttackPotion"},{"floor":48,"key":"Block Potion"}],"is_trial":false,"path_per_floor":["M","?","?","M","?","E","M","R","T","E","R","?","M","M","R","B",null,"M","M","T","M","$","R","E","M","T","R","M","M","M","?","R","B",null,"M","M","M","$","M","R","?","R","T","?","M","R","?","M","R","B"],"character_chosen":"DEFECT","items_purchased":["Whetstone","Conserve Battery","Loop","DataDisk"],"campfire_rested":10,"item_purchase_floors":[22,22,22,38],"current_hp_per_floor":[61,46,46,41,41,21,20,42,42,25,47,38,38,17,39,23,62,43,19,19,1,1,23,6,6,6,28,16,7,7,7,29,13,60,60,50,30,30,9,31,22,44,44,44,27,49,49,41,63,10],"gold":110,"neow_bonus":"ONE_RARE_RELIC","is_prod":false,"is_daily":false,"chose_seed":false,"campfire_upgraded":0,"win_rate":0,"timestamp":1538533959,"path_taken":["M","?","?","M","?","E","?","R","T","E","R","?","M","M","R","BOSS","M","?","?","M","$","R","E","M","T","R","M","M","M","?","R","BOSS","M","M","M","$","M","R","?","R","T","?","M","R","?","M","R","BOSS"],"build_version":"2018-09-27","purchased_purges":2,"victory":true,"max_hp_per_floor":[75,75,75,75,75,75,75,75,75,75,75,75,75,75,75,75,75,75,75,75,75,75,75,75,75,75,75,75,75,75,75,75,75,75,75,75,75,75,75,75,75,75,75,75,75,75,75,75,75,75],"card_choices":[{"not_picked":["Stack","Scrape"],"picked":"Reinforced Body","floor":1.0},{"not_picked":["Cold Snap","Redo"],"picked":"Undo","floor":4.0},{"not_picked":["Capacitor","Rebound"],"picked":"Ball Lightning","floor":6.0},{"not_picked":["Reprogram","Gash"],"picked":"Compile Driver","floor":7.0},{"not_picked":["FTL","Steam"],"picked":"Hello World","floor":10.0},{"not_picked":["Streamline","Loop"],"picked":"Capacitor","floor":13.0},{"not_picked":["Consume","Hologram"],"picked":"Rainbow","floor":14.0},{"not_picked":["Multi-Cast","Fission"],"picked":"Biased Cognition","floor":16},{"not_picked":["Stack","Steam+1"],"picked":"Defragment+1","floor":18},{"not_picked":["Auto Shields","Loop+1"],"picked":"Chill","floor":19},{"not_picked":["Tempest","Rip and Tear"],"picked":"Leap+1","floor":21},{"not_picked":["Go for the Eyes","Barrage"],"picked":"Stack+1","floor":24},{"not_picked":["Rebound","Stack+1"],"picked":"Buffer","floor":25},{"not_picked":["Static Discharge","Compile Driver"],"picked":"Conserve Battery+1","floor":28},{"not_picked":["Rebound","Steam+1"],"picked":"Conserve Battery+1","floor":29},{"not_picked":["Beam Cell+1","Gash+1"],"picked":"Redo+1","floor":30},{"not_picked":["Meteor Strike","Hyperbeam"],"picked":"Thunder Strike","floor":33},{"not_picked":["Aggregate+1","Rebound+1"],"picked":"Tempest+1","floor":35},{"not_picked":["Gash+1","Static Discharge"],"picked":"Redo+1","floor":36},{"not_picked":["Auto Shields+1","Conserve Battery+1"],"picked":"Rebound","floor":37},{"not_picked":["Hello World","Ball Lightning"],"picked":"Auto Shields+1","floor":39},{"not_picked":["Rip and Tear+1","Cold Snap+1"],"picked":"BootSequence+1","floor":45},{"not_picked":["Streamline","Skim+1"],"picked":"Double Energy+1","floor":48}],"player_experience":539185,"relics_obtained":[{"floor":6.0,"key":"Lantern"},{"floor":9.0,"key":"Tiny Chest"},{"floor":10.0,"key":"Kunai"},{"floor":12.0,"key":"Odd Mushroom"},{"floor":20,"key":"Mercury Hourglass"},{"floor":24,"key":"Toxic Egg 2"},{"floor":26,"key":"Blue Candle"},{"floor":43,"key":"Art of War"},{"floor":44,"key":"Du-Vu Doll"}],"event_choices":[{"event_name":"Shining Light","player_choice":"Entered Light","floor":2.0,"damage_taken":0.0},{"event_name":"The Cleric","player_choice":"Leave","floor":3.0,"damage_taken":0.0},{"event_name":"The Lab","player_choice":"Got Potions","floor":5.0,"damage_taken":0.0},{"event_name":"Mushrooms","player_choice":"Fought Mushrooms","floor":12.0,"damage_taken":0.0},{"event_name":"Drug Dealer","player_choice":"Inject Mutagens","floor":31,"damage_taken":0},{"event_name":"Winding Halls","player_choice":"Embrace Madness","floor":41,"damage_taken":0},{"event_name":"MindBloom","player_choice":"Fight","floor":44,"damage_taken":0},{"event_name":"Mysterious Sphere","player_choice":"Ignore","floor":47,"damage_taken":0}],"is_beta":false,"boss_relics":[{"not_picked":["Eternal Feather","Lizard Tail"],"picked":"Inserter"},{"not_picked":["Runic Pyramid","Snecko Eye"],"picked":"Cursed Key"}],"items_purged_floors":[22,38],"is_endless":false,"potions_floor_spawned":[4,7,14,16,18,29,30,33,36,39,48],"ascension_level":7}