{"gold_per_floor":[112,126,142,162,162,162,179,179,179,179,179,179,190,201,201,275,275,285,24,24,39,39,69,69,69,69,89,101,128,128],"floor_reached":30,"playtime":2420,"items_purged":["Strike_R"],"score":485,"play_id":"1b56e733-e426-46d2-ae29-0667a318bd33","local_time":"20190129000330","is_ascension_mode":true,"campfire_choices":[{"floor":6.0,"key":"REST"},{"floor":12.0,"key":"REST"},{"data":"Spot Weakness","floor":15.0,"key":"SMITH"},{"floor":25.0,"key":"REST"}],"neow_cost":"TEN_PERCENT_HP_LOSS","seed_source_timestamp":193020449135846,"circlet_count":0,"master_deck":["AscendersBane","Strike_R","Defend_R","Defend_R","Defend_R","Bash+1","Pummel","Heavy Blade","Seeing Red","Pommel Strike+1","Spot Weakness+1","Inflame","Offering","Power Through+1","Master of Strategy","Juggernaut","Limit Break","Clothesline"],"special_seed":0,"relics":["Burning Blood","Ornamental Fan","Sozu","Oddly Smooth Stone","Blue Candle","Turnip"],"potions_floor_usage":[],"damage_taken":[{"damage":11.0,"enemies":"Cultist","floor":1.0,"turns":4.0},{"damage":9.0,"enemies":"Small Slimes","floor":2.0,"turns":4.0},{"damage":4.0,"enemies":"Jaw Worm","floor":3.0,"turns":4.0},{"damage":24.0,"enemies":"Exordium Wildlife","floor":4.0,"turns":5.0},{"damage":34.0,"enemies":"Large Slime","floor":7.0,"turns":7.0},{"damage":11.0,"enemies":"Blue Slaver","floor":13.0,"turns":3.0},{"damage":16.0,"enemies":"Lots of Slimes","floor":14.0,"turns":4.0},{"damage":33.0,"enemies":"The Guardian","floor":16.0,"turns":7.0},{"damage":6.0,"enemies":"Spheric Guardian","floor":18.0,"turns":3.0},{"damage":12.0,"enemies":"Chosen","floor":21.0,"turns":3.0},{"damage":36.0,"enemies":"Gremlin Leader","floor":23.0,"turns":5.0},{"damage":6.0,"enemies":"Snake Plant","floor":27.0,"turns":2.0},{"damage":6.0,"enemies":"3 Cultists","floor":28.0,"turns":4.0},{"damage":38.0,"enemies":"Slavers","floor":29.0,"turns":5.0},{"damage":16,"enemies":"Snecko","floor":30,"turns":3}],"seed_played":"104192882702727365","potions_obtained":[{"floor":1.0,"key":"LiquidBronze"},{"floor":3.0,"key":"GamblersBrew"},{"floor":7.0,"key":"Regen Potion"}],"is_trial":false,"path_per_floor":["M","M","M","M","?","R","M","?","T","?","?","R","M","M","R","B",null,"M","$","?","M","$","E","$","R","T","M","M","E","M"],"character_chosen":"IRONCLAD","items_purchased":["Master of Strategy"],"campfire_rested":3,"item_purchase_floors":[19],"current_hp_per_floor":[63,60,62,44,37,57,29,29,29,29,29,49,44,46,46,19,56,56,56,56,50,50,20,20,40,40,40,40,8,0],"gold":128,"neow_bonus":"REMOVE_TWO","is_prod":false,"is_daily":false,"chose_seed":false,"campfire_upgraded":1,"win_rate":0,"timestamp":1548738210,"path_taken":["M","M","M","M","?","R","M","?","T","?","?","R","?","M","R","BOSS","M","$","?","M","?","E","?","R","T","M","M","E","?"],"build_version":"2019-01-23","purchased_purges":1,"victory":false,"max_hp_per_floor":[68,68,68,68,68,68,68,68,68,68,68,68,68,68,68,68,68,68,68,68,68,68,68,68,68,68,68,68,68,68],"card_choices":[{"not_picked":["Wild Strike","Clash"],"picked":"Pummel","floor":1.0},{"not_picked":["Hemokinesis","Fire Breathing"],"picked":"Heavy Blade","floor":2.0},{"not_picked":["Pummel","Anger"],"picked":"Seeing Red","floor":3.0},{"not_picked":["Wild Strike","Cleave","Thunderclap"],"picked":"SKIP","floor":4.0},{"not_picked":["Anger","Cleave"],"picked":"Pommel Strike","floor":7.0},{"not_picked":["Twin Strike","Wild Strike"],"picked":"Spot Weakness","floor":13.0},{"not_picked":["Body Slam","Iron Wave"],"picked":"Inflame","floor":14.0},{"not_picked":["Bludgeon","Feed"],"picked":"Offering","floor":16.0},{"not_picked":["Sword Boomerang","Heavy Blade"],"picked":"Power Through+1","floor":18.0},{"not_picked":["Havoc","Headbutt","Wild Strike"],"picked":"SKIP","floor":21.0},{"not_picked":["Bloodletting","Body Slam","Anger"],"picked":"SKIP","floor":23.0},{"not_picked":["Anger","Iron Wave+1"],"picked":"Limit Break","floor":27.0},{"not_picked":["Wild Strike","Thunderclap"],"picked":"Clothesline","floor":28.0},{"not_picked":["Feel No Pain","Wild Strike","Reckless Charge"],"picked":"SKIP","floor":29.0}],"player_experience":949858,"relics_obtained":[{"floor":9.0,"key":"Ornamental Fan"},{"floor":23.0,"key":"Oddly Smooth Stone"},{"floor":26.0,"key":"Blue Candle"},{"floor":29.0,"key":"Turnip"}],"event_choices":[{"cards_removed":["Strike_R"],"damage_healed":0.0,"max_hp_gain":0.0,"max_hp_loss":0.0,"gold_gain":0.0,"event_name":"Golden Wing","player_choice":"Card Removal","floor":5.0,"gold_loss":0.0,"damage_taken":7.0},{"damage_healed":0.0,"max_hp_gain":0.0,"max_hp_loss":0.0,"gold_gain":0.0,"event_name":"Living Wall","player_choice":"Grow","floor":8.0,"gold_loss":0.0,"damage_taken":0.0,"cards_upgraded":["Pommel Strike"]},{"damage_healed":0.0,"max_hp_gain":0.0,"max_hp_loss":0.0,"gold_gain":0.0,"event_name":"Liars Game","player_choice":"Ignored","floor":10.0,"gold_loss":0.0,"damage_taken":0.0},{"damage_healed":0.0,"max_hp_gain":0.0,"max_hp_loss":0.0,"gold_gain":0.0,"event_name":"Upgrade Shrine","player_choice":"Upgraded","floor":11.0,"gold_loss":0.0,"damage_taken":0.0,"cards_upgraded":["Bash"]},{"damage_healed":0.0,"max_hp_gain":0.0,"max_hp_loss":0.0,"gold_gain":0.0,"cards_transformed":["Strike_R"],"event_name":"Transmorgrifier","player_choice":"Transformed","floor":20.0,"gold_loss":0.0,"damage_taken":0.0,"cards_obtained":["Juggernaut"]}],"is_beta":false,"boss_relics":[{"not_picked":["Coffee Dripper","Tiny House"],"picked":"Sozu"}],"items_purged_floors":[19],"is_endless":false,"potions_floor_spawned":[1,3,7,18,29],"killed_by":"Snecko","ascension_level":17}