{"gold_per_floor":[14,30,30,30,42,77,89,102,154,124,137,157,157,187,187,289,289,309,309,17,17,34,34,34],"floor_reached":24,"playtime":1840,"items_purged":[],"score":258,"play_id":"67aecab5-f748-4b2c-badc-c9383e0d066a","local_time":"20190206224538","is_ascension_mode":true,"campfire_choices":[{"floor":13,"key":"REST"},{"floor":15,"key":"REST"},{"data":"Berserk","floor":23,"key":"SMITH"}],"neow_cost":"NO_GOLD","seed_source_timestamp":124000444405241,"circlet_count":0,"master_deck":["Defend_R+1","Defend_R+1","Defend_R+1","Defend_R+1","Bash","Intimidate","Burning Pact","Shrug It Off","True Grit","Exhume","Second Wind","Spot Weakness","Sentinel","Flex","Iron Wave","Berserk+1","Twin Strike+1","Sentinel+1","Sentinel+1","Headbutt+1","Bite","Bite","Bite","Bite","Bite","Sentinel","Pommel Strike"],"relics":["Burning Blood","Pocketwatch","Lantern","Red Skull","Matryoshka","Astrolabe","Gremlin Horn"],"potions_floor_usage":[6,6,16,16,22,24],"damage_taken":[{"damage":14,"enemies":"Jaw Worm","floor":1,"turns":4},{"damage":1,"enemies":"Cultist","floor":2,"turns":3},{"damage":0,"enemies":"2 Louse","floor":5,"turns":2},{"damage":16,"enemies":"Lagavulin","floor":6,"turns":5},{"damage":3,"enemies":"Exordium Wildlife","floor":7,"turns":5},{"damage":23,"enemies":"Exordium Thugs","floor":8,"turns":7},{"damage":3,"enemies":"Looter","floor":10,"turns":4},{"damage":10,"enemies":"3 Louse","floor":11,"turns":5},{"damage":18,"enemies":"Large Slime","floor":12,"turns":8},{"damage":71,"enemies":"Hexaghost","floor":16,"turns":15},{"damage":7,"enemies":"3 Byrds","floor":18,"turns":7},{"damage":6,"enemies":"Chosen","floor":22,"turns":5},{"damage":68,"enemies":"Slavers","floor":24,"turns":5}],"seed_played":"-7771891944929543363","potions_obtained":[{"floor":1,"key":"PowerPotion"},{"floor":2,"key":"Poison Potion"},{"floor":6,"key":"GamblersBrew"},{"floor":12,"key":"Explosive Potion"},{"floor":16,"key":"Swift Potion"},{"floor":22,"key":"SkillPotion"}],"is_trial":false,"path_per_floor":["M","M","?","$","M","E","M","M","T","M","M","M","R","?","R","B",null,"M","?","$","?","M","R","E"],"character_chosen":"IRONCLAD","items_purchased":["Sentinel","Gremlin Horn"],"campfire_rested":2,"item_purchase_floors":[20,20],"current_hp_per_floor":[72,77,77,77,80,70,73,56,56,59,55,43,67,67,80,15,80,79,56,56,56,56,56,0],"gold":34,"neow_bonus":"ONE_RARE_RELIC","is_prod":false,"is_daily":false,"chose_seed":false,"campfire_upgraded":1,"win_rate":0,"timestamp":1549511138,"path_taken":["M","M","?","?","M","E","M","M","T","M","M","M","R","?","R","BOSS","M","?","$","?","M","R","E"],"build_version":"2019-01-23","purchased_purges":0,"victory":false,"max_hp_per_floor":[80,80,80,80,80,80,80,80,80,80,80,80,80,80,80,80,80,80,56,56,56,56,56,56],"card_choices":[{"not_picked":["Uppercut","Clash"],"picked":"Intimidate","floor":1},{"not_picked":["Shrug It Off","Warcry"],"picked":"Burning Pact","floor":2},{"not_picked":["Body Slam","Twin Strike"],"picked":"True Grit","floor":5},{"not_picked":["Searing Blow","Twin Strike"],"picked":"Exhume","floor":6},{"not_picked":["Armaments","Sword Boomerang"],"picked":"Second Wind","floor":7},{"not_picked":["Rupture","Flex"],"picked":"Spot Weakness","floor":8},{"not_picked":["Sword Boomerang","Flex"],"picked":"Sentinel","floor":10},{"not_picked":["Combust","Carnage"],"picked":"Flex","floor":11},{"not_picked":["Twin Strike","Clothesline"],"picked":"Iron Wave","floor":12},{"not_picked":["Brutality","Barricade"],"picked":"Berserk","floor":16},{"not_picked":["Blood for Blood","Metallicize+1"],"picked":"Headbutt+1","floor":18},{"not_picked":["Wild Strike","Warcry"],"picked":"Pommel Strike","floor":22}],"player_experience":96567,"relics_obtained":[{"floor":6,"key":"Lantern"},{"floor":9,"key":"Red Skull"}],"event_choices":[{"damage_healed":0,"gold_gain":0,"cards_transformed":["Strike_R"],"player_choice":"Transformed","damage_taken":0,"max_hp_gain":0,"max_hp_loss":0,"event_name":"Transmorgrifier","floor":3,"gold_loss":0,"cards_obtained":["Shrug It Off"]},{"damage_healed":0,"gold_gain":30,"player_choice":"Searched \u00272\u0027 times","damage_taken":0,"relics_obtained":["Matryoshka"],"max_hp_gain":0,"max_hp_loss":0,"event_name":"Dead Adventurer","floor":14,"gold_loss":0},{"damage_healed":0,"gold_gain":0,"player_choice":"Became a vampire","damage_taken":0,"max_hp_gain":0,"max_hp_loss":24,"event_name":"Vampires","floor":19,"gold_loss":0,"cards_obtained":["Bite","Bite","Bite","Bite","Bite"]},{"damage_healed":0,"gold_gain":0,"player_choice":"Simplicity","damage_taken":0,"max_hp_gain":0,"max_hp_loss":0,"event_name":"Back to Basics","floor":21,"gold_loss":0,"cards_upgraded":["Defend_R","Defend_R","Defend_R","Defend_R"]}],"is_beta":false,"boss_relics":[{"not_picked":["Runic Dome","Lizard Tail"],"picked":"Astrolabe"}],"items_purged_floors":[],"is_endless":false,"potions_floor_spawned":[1,2,6,12,16,22],"killed_by":"Slavers","ascension_level":1}