{"gold_per_floor":[115,115,129,149,161,191,202,202,226,326,337,337,47,104,104,207,207,220,220,240,240,250,283,283,297,346,99,127,138,138,156,156,156],"floor_reached":33,"playtime":2630,"items_purged":["Thunderclap","Defend_R"],"score":339,"play_id":"09b2b630-b860-46da-a692-69c3fbf3a877","local_time":"20181226193029","is_ascension_mode":false,"campfire_choices":[{"data":"Rage","floor":8,"key":"SMITH"},{"data":"Whirlwind","floor":12,"key":"SMITH"},{"floor":15,"key":"REST"},{"data":"Heavy Blade","floor":24,"key":"SMITH"},{"data":"Double Tap","floor":30,"key":"SMITH"},{"data":"Ghostly","floor":32,"key":"SMITH"}],"neow_cost":"NONE","seed_source_timestamp":519889287632884,"circlet_count":0,"master_deck":["Strike_R","Strike_R","Strike_R","Strike_R","Strike_R","Defend_R","Defend_R+1","Defend_R","Bash","Iron Wave","Wild Strike","Perfected Strike","Clash","Rage+1","Spot Weakness","Whirlwind+1","Intimidate","Berserk","Inflame","Ghostly+1","Ghostly","Ghostly","Ghostly+1","Ghostly","Heavy Blade","Heavy Blade+1","Flex","Warcry","Flame Barrier","Double Tap+1","Dropkick+1","Perfected Strike+1","Twin Strike"],"relics":["Burning Blood","Happy Flower","Orichalcum","Juzu Bracelet","Centennial Puzzle","Eternal Feather","War Paint","Anchor","Matryoshka"],"potions_floor_usage":[16,16,18,23,28,33,33],"damage_taken":[{"damage":1,"enemies":"Cultist","floor":1,"turns":3},{"damage":8,"enemies":"2 Louse","floor":3,"turns":3},{"damage":10,"enemies":"Small Slimes","floor":4,"turns":2},{"damage":5,"enemies":"Looter","floor":5,"turns":2},{"damage":21,"enemies":"Lagavulin","floor":6,"turns":5},{"damage":10,"enemies":"Large Slime","floor":7,"turns":4},{"damage":5,"enemies":"Exordium Thugs","floor":11,"turns":4},{"damage":12,"enemies":"3 Sentries","floor":14,"turns":5},{"damage":20,"enemies":"The Guardian","floor":16,"turns":8},{"damage":13,"enemies":"3 Byrds","floor":18,"turns":3},{"damage":0,"enemies":"Chosen","floor":20,"turns":6},{"damage":0,"enemies":"Snake Plant","floor":22,"turns":4},{"damage":0,"enemies":"Book of Stabbing","floor":23,"turns":7},{"damage":0,"enemies":"3 Cultists","floor":25,"turns":4},{"damage":14,"enemies":"Slavers","floor":28,"turns":7},{"damage":2,"enemies":"Snecko","floor":29,"turns":7},{"damage":0,"enemies":"Snake Plant","floor":31,"turns":3},{"damage":62,"enemies":"Collector","floor":33,"turns":7}],"seed_played":"-4363101742537232099","potions_obtained":[{"floor":4,"key":"Energy Potion"},{"floor":5,"key":"Swift Potion"},{"floor":11,"key":"Explosive Potion"},{"floor":20,"key":"Block Potion"},{"floor":25,"key":"Swift Potion"},{"floor":28,"key":"Explosive Potion"},{"floor":31,"key":"BloodPotion"}],"is_trial":false,"path_per_floor":["M","?","M","M","M","E","M","R","T","?","M","R","$","?","R","B",null,"M","?","M","?","M","E","R","M","T","$","E","M","R","M","R","B"],"character_chosen":"IRONCLAD","items_purchased":["Intimidate","Juzu Bracelet","Double Tap"],"campfire_rested":1,"item_purchase_floors":[13,13,27],"current_hp_per_floor":[80,72,70,66,67,52,48,48,48,48,49,49,49,43,67,53,80,73,40,40,40,40,40,40,40,40,40,32,36,40,40,40,0],"gold":156,"neow_bonus":"THREE_CARDS","is_prod":false,"is_daily":false,"chose_seed":false,"campfire_upgraded":5,"win_rate":0.0,"timestamp":1545881429,"path_taken":["M","?","?","M","M","E","M","R","T","?","M","R","?","?","R","BOSS","M","?","M","?","M","E","R","M","T","$","E","M","R","M","R","BOSS"],"build_version":"2018-12-20","purchased_purges":2,"victory":false,"max_hp_per_floor":[80,80,80,80,80,80,80,80,80,80,80,80,80,80,80,80,80,80,40,40,40,40,40,40,40,40,40,40,40,40,40,40,40],"card_choices":[{"not_picked":["Sword Boomerang","Shrug It Off"],"picked":"Iron Wave","floor":0},{"not_picked":["Sword Boomerang","Iron Wave"],"picked":"Wild Strike","floor":1},{"not_picked":["Shrug It Off","Entrench"],"picked":"Perfected Strike","floor":3},{"not_picked":["Fire Breathing","Pommel Strike"],"picked":"Clash","floor":4},{"not_picked":["Perfected Strike","Ghostly Armor"],"picked":"Thunderclap","floor":5},{"not_picked":["Clothesline","Clash"],"picked":"Rage","floor":6},{"not_picked":["Juggernaut","Sword Boomerang"],"picked":"Spot Weakness","floor":7},{"not_picked":["Searing Blow","Armaments"],"picked":"Whirlwind","floor":11},{"not_picked":["Barricade","Feed"],"picked":"Berserk","floor":16},{"not_picked":["Seeing Red","Evolve+1"],"picked":"Inflame","floor":18},{"not_picked":["Perfected Strike","Flex"],"picked":"Heavy Blade","floor":20},{"not_picked":["Carnage","Corruption"],"picked":"Flex","floor":22},{"not_picked":["Body Slam","Perfected Strike"],"picked":"Warcry","floor":23},{"not_picked":["Flex","Armaments"],"picked":"Flame Barrier","floor":25},{"not_picked":["Clash","Burning Pact"],"picked":"Dropkick+1","floor":28},{"not_picked":["Flex","Corruption"],"picked":"Perfected Strike+1","floor":29},{"not_picked":["Clash","Blood for Blood"],"picked":"Twin Strike","floor":31}],"player_experience":22459,"relics_obtained":[{"floor":6,"key":"Happy Flower"},{"floor":9,"key":"Orichalcum"},{"floor":14,"key":"Centennial Puzzle"},{"floor":23,"key":"War Paint"},{"floor":26,"key":"Anchor"},{"floor":28,"key":"Matryoshka"}],"event_choices":[{"damage_healed":0,"gold_gain":0,"player_choice":"Damaged","damage_taken":8,"max_hp_gain":0,"max_hp_loss":0,"event_name":"Wheel of Change","floor":2,"gold_loss":0},{"damage_healed":0,"gold_gain":100,"player_choice":"Pray","damage_taken":0,"max_hp_gain":0,"max_hp_loss":0,"event_name":"Golden Shrine","floor":10,"gold_loss":0},{"damage_healed":0,"gold_gain":0,"player_choice":"Searched \u00272\u0027 times","damage_taken":0,"max_hp_gain":0,"max_hp_loss":0,"event_name":"Dead Adventurer","floor":14,"gold_loss":0},{"damage_healed":0,"gold_gain":0,"player_choice":"Became a Ghost","damage_taken":0,"max_hp_gain":0,"max_hp_loss":40,"event_name":"Ghosts","floor":19,"gold_loss":0,"cards_obtained":["Ghostly","Ghostly","Ghostly","Ghostly","Ghostly"]},{"damage_healed":0,"gold_gain":0,"player_choice":"Read","damage_taken":0,"max_hp_gain":0,"max_hp_loss":0,"event_name":"The Library","floor":21,"gold_loss":0,"cards_obtained":["Heavy Blade"]}],"is_beta":false,"boss_relics":[{"not_picked":["Coffee Dripper","Empty Cage"],"picked":"Eternal Feather"}],"items_purged_floors":[13,27],"is_endless":false,"potions_floor_spawned":[4,5,11,14,20,25,28,31],"killed_by":"Collector","ascension_level":0}