{"gold_per_floor":[118,133,133,133,148,148,40,56,56,56,56,69,88,88,88,191,191,204,224,76,95,195,195,195,212,212,225,243,37,51,79,79,182,182,201,214,224,74,74,74,74],"floor_reached":41,"playtime":4295,"items_purged":["Strike_G","Strike_G","Defend_G","Expertise+1"],"score":407,"play_id":"f663265f-949a-45b0-8787-b4b167e516d9","local_time":"20180930034135","is_ascension_mode":false,"campfire_choices":[{"data":"Neutralize","floor":6,"key":"SMITH"},{"data":"Footwork","floor":10,"key":"SMITH"},{"data":"Noxious Fumes","floor":15,"key":"SMITH"},{"data":"Backflip","floor":23,"key":"SMITH"},{"data":"Noxious Fumes","floor":32,"key":"SMITH"},{"data":"Defend_G","floor":40,"key":"SMITH"}],"neow_cost":"NONE","seed_source_timestamp":18677876678389,"circlet_count":0,"master_deck":["Defend_G","Defend_G","Defend_G+1","Survivor+1","Neutralize+1","Footwork+1","Backflip+1","Noxious Fumes+1","Well Laid Plans+1","Tactician+1","Poisoned Stab","Deadly Poison+1","Deflect+1","Noxious Fumes+1","Bouncing Flask+1","Blur+1","Catalyst+1","Catalyst+1"],"relics":["Ring of the Serpent","Oddly Smooth Stone","Dodecahedron","Toxic Egg 2","Astrolabe","Gremlin Horn","Matryoshka"],"potions_floor_usage":[28,28,35],"damage_taken":[{"damage":1,"enemies":"Jaw Worm","floor":1,"turns":7},{"damage":0,"enemies":"2 Louse","floor":2,"turns":3},{"damage":0,"enemies":"Cultist","floor":5,"turns":5},{"damage":1,"enemies":"Large Slime","floor":8,"turns":13},{"damage":1,"enemies":"Exordium Wildlife","floor":12,"turns":10},{"damage":0,"enemies":"Blue Slaver","floor":13,"turns":5},{"damage":41,"enemies":"Slime Boss","floor":16,"turns":14},{"damage":0,"enemies":"Chosen","floor":18,"turns":8},{"damage":0,"enemies":"Shell Parasite","floor":19,"turns":8},{"damage":0,"enemies":"Shelled Parasite and Fungi","floor":21,"turns":6},{"damage":0,"enemies":"Snecko","floor":25,"turns":6},{"damage":0,"enemies":"Chosen and Byrds","floor":27,"turns":6},{"damage":0,"enemies":"Shelled Parasite and Fungi","floor":28,"turns":5},{"damage":0,"enemies":"Snecko","floor":30,"turns":4},{"damage":7,"enemies":"Gremlin Leader","floor":31,"turns":7},{"damage":4,"enemies":"Champ","floor":33,"turns":11},{"damage":0,"enemies":"Orb Walker","floor":35,"turns":3},{"damage":0,"enemies":"3 Darklings","floor":36,"turns":5},{"damage":41,"enemies":"Sphere and 2 Shapes","floor":37,"turns":3},{"damage":43,"enemies":"Reptomancer","floor":41,"turns":2}],"seed_played":"-7022533716487478369","potions_obtained":[{"floor":1,"key":"EssenceOfSteel"},{"floor":5,"key":"SpeedPotion"},{"floor":12,"key":"Weak Potion"},{"floor":13,"key":"Dexterity Potion"},{"floor":19,"key":"Poison Potion"},{"floor":33,"key":"Fire Potion"},{"floor":35,"key":"SneckoOil"}],"is_trial":false,"path_per_floor":["M","M","?","?","M","R","$","M","T","R","$","M","M","$","R","B",null,"M","M","$","M","?","R","?","M","T","M","M","$","M","E","R","B",null,"M","M","M","$","?","R"],"character_chosen":"THE_SILENT","items_purchased":["Footwork","Deadly Poison+1","Blur+1"],"campfire_rested":0,"item_purchase_floors":[7,20,29],"current_hp_per_floor":[69,69,57,57,57,57,57,56,56,56,56,55,55,55,55,14,70,70,70,70,70,70,70,70,70,70,70,70,70,70,63,63,59,70,70,70,29,29,29,29,0],"gold":74,"neow_bonus":"RANDOM_COMMON_RELIC","is_prod":false,"is_daily":false,"chose_seed":false,"campfire_upgraded":6,"win_rate":0,"timestamp":1538271695,"path_taken":["M","M","?","?","M","R","$","M","T","R","?","M","M","$","R","BOSS","M","M","$","M","?","R","?","M","T","?","M","$","M","E","R","BOSS","M","M","M","$","?","R","M"],"build_version":"2018-09-27","purchased_purges":4,"victory":false,"max_hp_per_floor":[70,70,70,70,70,70,70,70,70,70,70,70,70,70,70,70,70,70,70,70,70,70,70,70,70,70,70,70,70,70,70,70,70,70,70,70,70,70,70,70,70],"card_choices":[{"not_picked":["Terror","Bane","Quick Slash"],"picked":"SKIP","floor":1},{"not_picked":["Slice","All Out Attack","Underhanded Strike"],"picked":"SKIP","floor":2},{"not_picked":["Quick Slash","PiercingWail","Sucker Punch"],"picked":"SKIP","floor":5},{"not_picked":["PiercingWail","Underhanded Strike"],"picked":"Backflip","floor":8},{"not_picked":["Dodge and Roll+1","Underhanded Strike","Flying Knee"],"picked":"SKIP","floor":12},{"not_picked":["Riddle With Holes","Bane"],"picked":"Noxious Fumes","floor":13},{"not_picked":["Cloak And Dagger+1","Slice"],"picked":"Poisoned Stab","floor":18},{"not_picked":["Well Laid Plans","Calculated Gamble+1","Accuracy"],"picked":"SKIP","floor":19},{"not_picked":["Dagger Spray","Crippling Poison+1","Sucker Punch"],"picked":"SKIP","floor":21},{"not_picked":["Dagger Spray","Outmaneuver+1"],"picked":"Deflect+1","floor":25},{"not_picked":["Deadly Poison+1","Crippling Poison+1"],"picked":"Noxious Fumes","floor":27},{"not_picked":["Noxious Fumes","Acrobatics+1"],"picked":"Bouncing Flask+1","floor":28},{"not_picked":["Deflect+1","Adrenaline+1","Crippling Poison+1"],"picked":"SKIP","floor":30},{"not_picked":["Slice","Cloak And Dagger+1","Deadly Poison+1"],"picked":"SKIP","floor":31},{"not_picked":["Finisher","Deflect+1","Acrobatics+1"],"picked":"SKIP","floor":35},{"not_picked":["Quick Slash+1","Cloak And Dagger+1"],"picked":"Catalyst+1","floor":36},{"not_picked":["Choke","Dagger Spray","Catalyst+1"],"picked":"SKIP","floor":37}],"player_experience":136913,"relics_obtained":[{"floor":9,"key":"Toxic Egg 2"},{"floor":26,"key":"Gremlin Horn"},{"floor":31,"key":"Matryoshka"}],"event_choices":[{"event_name":"Scrap Ooze","player_choice":"success","floor":3,"damage_taken":12},{"event_name":"FaceTrader","player_choice":"Leave","floor":4,"damage_taken":0},{"event_name":"Golden Shrine","player_choice":"Pray","floor":22,"damage_taken":0},{"event_name":"Upgrade Shrine","player_choice":"Upgraded","floor":24,"damage_taken":0},{"event_name":"Transmorgrifier","player_choice":"Transform","floor":39,"damage_taken":0}],"is_beta":false,"boss_relics":[{"not_picked":["Calling Bell","Pandora\u0027s Box"],"picked":"Astrolabe"},{"not_picked":["Philosopher\u0027s Stone","Orrery"],"picked":"Ring of the Serpent"}],"items_purged_floors":[7,20,29,38],"is_endless":false,"potions_floor_spawned":[1,5,12,13,19,21,33,35],"killed_by":"Reptomancer","ascension_level":0}