{"gold_per_floor":[110,124,138,150,150,150,75,105,105,119,132,212,212,244,244,244],"floor_reached":16,"playtime":988,"items_purged":[],"score":253,"play_id":"9484c896-601f-4f36-9357-e9e7f52fdde5","local_time":"20190201231500","is_ascension_mode":true,"campfire_choices":[{"floor":6.0,"key":"REST"},{"floor":15,"key":"REST"}],"neow_cost":"NONE","seed_source_timestamp":537537911096729,"circlet_count":0,"master_deck":["AscendersBane","Defend_G","Defend_G","Defend_G","Defend_G","Defend_G","Strike_G","Strike_G","Strike_G","Strike_G","Survivor","Neutralize","Adrenaline","Bouncing Flask","Noxious Fumes","Cloak And Dagger","Noxious Fumes+1","Caltrops","Cloak And Dagger","Dagger Spray","Malaise"],"special_seed":0,"relics":["Ring of the Snake","Omamori","Pen Nib","The Courier","Gremlin Horn"],"potions_floor_usage":[14,16],"damage_taken":[{"damage":0.0,"enemies":"Jaw Worm","floor":1.0,"turns":5.0},{"damage":10.0,"enemies":"Small Slimes","floor":2.0,"turns":3.0},{"damage":0.0,"enemies":"Cultist","floor":3.0,"turns":4.0},{"damage":19.0,"enemies":"Large Slime","floor":4.0,"turns":6.0},{"damage":11.0,"enemies":"3 Sentries","floor":8.0,"turns":5.0},{"damage":4.0,"enemies":"3 Louse","floor":10.0,"turns":3.0},{"damage":25.0,"enemies":"Exordium Thugs","floor":11.0,"turns":5.0},{"damage":0,"enemies":"Lagavulin","floor":14,"turns":7},{"damage":32,"enemies":"Slime Boss","floor":16,"turns":7}],"seed_played":"9085594053646711745","potions_obtained":[{"floor":3.0,"key":"EssenceOfSteel"},{"floor":4.0,"key":"Fire Potion"},{"floor":11.0,"key":"Fire Potion"}],"is_trial":false,"path_per_floor":["M","M","M","M","?","R","?","E","T","M","M","T","?","E","R","B"],"character_chosen":"THE_SILENT","items_purchased":[],"campfire_rested":2,"item_purchase_floors":[],"current_hp_per_floor":[59,49,49,30,30,49,49,38,38,34,9,9,9,9,28,0],"gold":244,"neow_bonus":"ONE_RANDOM_RARE_CARD","is_prod":false,"is_daily":false,"chose_seed":false,"campfire_upgraded":0,"win_rate":0,"timestamp":1549080900,"path_taken":["M","M","M","M","?","R","?","E","T","M","M","?","?","E","R","BOSS"],"build_version":"2019-01-23","purchased_purges":0,"victory":false,"max_hp_per_floor":[66,66,66,66,66,66,66,66,66,66,66,66,66,66,66,66],"card_choices":[{"not_picked":["Bane","All Out Attack"],"picked":"Bouncing Flask","floor":1.0},{"not_picked":["Acrobatics","Deflect"],"picked":"Noxious Fumes","floor":2.0},{"not_picked":["Choke","Infinite Blades"],"picked":"Cloak And Dagger","floor":3.0},{"not_picked":["Well Laid Plans","Sucker Punch"],"picked":"Noxious Fumes","floor":4.0},{"not_picked":["Eviscerate","Outmaneuver"],"picked":"Caltrops","floor":8.0},{"not_picked":["Outmaneuver","Escape Plan"],"picked":"Cloak And Dagger","floor":10.0},{"not_picked":["Prepared","Heel Hook"],"picked":"Dagger Spray","floor":11.0},{"not_picked":["PiercingWail","Prepared"],"picked":"Malaise","floor":14}],"player_experience":969202,"relics_obtained":[{"floor":8.0,"key":"Omamori"},{"floor":9.0,"key":"Pen Nib"},{"floor":12.0,"key":"The Courier"},{"floor":14,"key":"Gremlin Horn"}],"event_choices":[{"damage_healed":0.0,"max_hp_gain":0.0,"max_hp_loss":0.0,"gold_gain":0.0,"event_name":"Living Wall","player_choice":"Grow","floor":5.0,"gold_loss":0.0,"damage_taken":0.0,"cards_upgraded":["Noxious Fumes"]},{"cards_removed":["Strike_G"],"damage_healed":0.0,"max_hp_gain":0.0,"max_hp_loss":0.0,"gold_gain":0.0,"event_name":"The Cleric","player_choice":"Card Removal","floor":7.0,"gold_loss":75.0,"damage_taken":0.0},{"damage_healed":0,"gold_gain":0,"player_choice":"Fled","damage_taken":0,"max_hp_gain":0,"max_hp_loss":0,"event_name":"Scrap Ooze","floor":13,"gold_loss":0}],"is_beta":false,"boss_relics":[],"items_purged_floors":[],"is_endless":false,"potions_floor_spawned":[3,4,11],"killed_by":"Slime Boss","ascension_level":17}