{"gold_per_floor":[116,132,146,160,160,160,217,230,230,230,260,210,135,165,165,263,263,280,95,105,205,219,252,252,282,308,328,243,275,275,301,301,400,400,415,427,152,172,91,91,101,116,164,192,209,209,220,220,220,220],"floor_reached":51,"playtime":11056,"items_purged":["Strike_G","Strike_G","Strike_G"],"score":1082,"play_id":"ad2a73a6-6983-46d9-b53f-7ed44ac9b0c0","local_time":"20190212145327","is_ascension_mode":true,"campfire_choices":[{"data":"Tactician","floor":6,"key":"SMITH"},{"data":"Calculated Gamble","floor":10,"key":"SMITH"},{"data":"Footwork","floor":15,"key":"SMITH"},{"data":"A Thousand Cuts","floor":24,"key":"SMITH"},{"data":"Backflip","floor":32,"key":"SMITH"},{"data":"After Image","floor":40,"key":"SMITH"},{"data":"Terror","floor":46,"key":"SMITH"},{"data":"Acrobatics","floor":49,"key":"SMITH"}],"neow_cost":"","seed_source_timestamp":0,"circlet_count":0,"master_deck":["Defend_G+1","Defend_G","Defend_G","Defend_G","Strike_G","Survivor","Neutralize","Quick Slash","Footwork+1","Calculated Gamble+1","Tactician+1","Backflip+1","Eviscerate","Footwork+1","A Thousand Cuts+1","Underhanded Strike","Deep Breath+1","Backflip","Choke+1","Underhanded Strike+1","After Image+1","Footwork","Reflex","Acrobatics+1","Backflip","Malaise","Noxious Fumes","Acrobatics","Acrobatics+1","Backflip+1","Infinite Blades+1","Terror+1"],"relics":["Ring of the Snake","Tiny Chest","Shuriken","Prayer Wheel","Sundial","Coffee Dripper","Calipers","Letter Opener","Pantograph","War Paint","Art of War","Ancient Tea Set","Dream Catcher","Vajra","Regal Pillow","Philosopher\u0027s Stone","Lantern","Bag of Preparation","Potion Belt"],"potions_floor_usage":[7,21,21,21,29,41,50,50,50],"damage_taken":[{"damage":0,"enemies":"Jaw Worm","floor":1,"turns":5},{"damage":0,"enemies":"2 Louse","floor":2,"turns":3},{"damage":0,"enemies":"Small Slimes","floor":3,"turns":4},{"damage":1,"enemies":"2 Fungi Beasts","floor":4,"turns":5},{"damage":15,"enemies":"Lagavulin","floor":7,"turns":12},{"damage":6,"enemies":"Large Slime","floor":8,"turns":10},{"damage":14,"enemies":"3 Sentries","floor":11,"turns":15},{"damage":5,"enemies":"Lagavulin","floor":14,"turns":10},{"damage":0,"enemies":"The Guardian","floor":16,"turns":17},{"damage":0,"enemies":"Chosen","floor":18,"turns":9},{"damage":0,"enemies":"Shell Parasite","floor":20,"turns":11},{"damage":2,"enemies":"Colosseum Slavers","floor":21,"turns":10},{"damage":30,"enemies":"Colosseum Nobs","floor":21,"turns":8},{"damage":0,"enemies":"Centurion and Healer","floor":22,"turns":6},{"damage":19,"enemies":"Slavers","floor":23,"turns":7},{"damage":0,"enemies":"Gremlin Leader","floor":25,"turns":7},{"damage":0,"enemies":"Snecko","floor":27,"turns":5},{"damage":0,"enemies":"Slavers","floor":29,"turns":8},{"damage":0,"enemies":"Champ","floor":33,"turns":15},{"damage":0,"enemies":"3 Shapes","floor":35,"turns":4},{"damage":0,"enemies":"Orb Walker","floor":36,"turns":3},{"damage":0,"enemies":"Spire Growth","floor":38,"turns":4},{"damage":12,"enemies":"3 Darklings","floor":41,"turns":5},{"damage":0,"enemies":"4 Shapes","floor":42,"turns":3},{"damage":0,"enemies":"Reptomancer","floor":44,"turns":7},{"damage":0,"enemies":"Sphere and 2 Shapes","floor":45,"turns":4},{"damage":0,"enemies":"3 Darklings","floor":47,"turns":4},{"damage":0,"enemies":"Awakened One","floor":50,"turns":6}],"seed_played":"-2948937543886053647","potions_obtained":[{"floor":1,"key":"PowerPotion"},{"floor":4,"key":"GamblersBrew"},{"floor":7,"key":"Weak Potion"},{"floor":8,"key":"SteroidPotion"},{"floor":16,"key":"SpeedPotion"},{"floor":21,"key":"GhostInAJar"},{"floor":22,"key":"Strength Potion"},{"floor":33,"key":"Dexterity Potion"},{"floor":41,"key":"Fruit Juice"},{"floor":42,"key":"SpeedPotion"},{"floor":44,"key":"EntropicBrew"},{"floor":47,"key":"Dexterity Potion"}],"is_trial":true,"path_per_floor":["M","M","M","M","?","R","E","M","T","R","E","?","$","E","R","B",null,"M","$","M","?","M","E","R","E","T","M","?","E","T","T","R","B",null,"M","M","$","M","$","R","M","M","T","E","M","R","M","?","R","B",null],"character_chosen":"THE_SILENT","items_purchased":["Deep Breath","Lantern","Noxious Fumes"],"campfire_rested":0,"item_purchase_floors":[19,37,39],"current_hp_per_floor":[70,70,70,69,69,69,54,48,48,48,34,34,34,29,29,29,70,70,70,70,38,38,19,19,19,19,19,19,19,19,19,19,44,70,70,70,70,70,70,70,63,63,63,63,63,63,63,63,63,75],"gold":220,"neow_bonus":"","is_prod":false,"is_daily":false,"chose_seed":false,"campfire_upgraded":8,"win_rate":0,"timestamp":1549979607,"path_taken":["M","M","M","M","?","R","E","M","T","R","E","?","$","E","R","BOSS","M","$","M","?","M","E","R","E","T","M","?","E","?","?","R","BOSS","M","M","$","M","$","R","M","M","T","E","M","R","M","?","R","BOSS"],"build_version":"2019-01-23","purchased_purges":3,"victory":true,"max_hp_per_floor":[70,70,70,70,70,70,70,70,70,70,70,70,70,70,70,70,70,70,70,70,70,70,70,70,70,70,70,70,70,70,70,70,70,70,70,70,70,70,70,70,75,75,75,75,75,75,75,75,75,75],"card_choices":[{"not_picked":["Heel Hook","Dagger Spray"],"picked":"Quick Slash","floor":1},{"not_picked":["Expertise","Dagger Spray"],"picked":"Footwork","floor":2},{"not_picked":["Poisoned Stab","Underhanded Strike"],"picked":"Calculated Gamble","floor":3},{"not_picked":["Crippling Poison","Slice"],"picked":"Tactician","floor":4},{"not_picked":["Choke","Bouncing Flask"],"picked":"Backflip","floor":7},{"not_picked":["Choke","Predator"],"picked":"Eviscerate","floor":8},{"not_picked":["Accuracy","Cloak And Dagger","Flying Knee"],"picked":"SKIP","floor":11},{"not_picked":["Outmaneuver","Prepared"],"picked":"Footwork","floor":14},{"not_picked":["Bullet Time","Die Die Die"],"picked":"A Thousand Cuts","floor":16},{"not_picked":["Bouncing Flask+1","Predator"],"picked":"Underhanded Strike","floor":18},{"not_picked":["Deadly Poison","Flying Knee","Bane+1"],"picked":"SKIP","floor":18},{"not_picked":["Crippling Poison","Sucker Punch"],"picked":"Backflip","floor":20},{"not_picked":["Blade Dance","Slice"],"picked":"Choke+1","floor":20},{"not_picked":["Bouncing Flask+1","Sucker Punch","Quick Slash"],"picked":"SKIP","floor":22},{"not_picked":["Underhanded Strike+1","Expertise","PiercingWail+1"],"picked":"SKIP","floor":22},{"not_picked":["Flying Knee","Bullet Time"],"picked":"Underhanded Strike+1","floor":23},{"not_picked":["Dagger Spray","Bane+1","Underhanded Strike"],"picked":"SKIP","floor":25},{"not_picked":["Quick Slash","Flying Knee+1","Deflect"],"picked":"SKIP","floor":27},{"not_picked":["Deadly Poison","Underhanded Strike","Backflip"],"picked":"SKIP","floor":27},{"not_picked":["Setup","Unload","Dagger Spray"],"picked":"SKIP","floor":29},{"not_picked":["Phantasmal Killer","Grand Finale"],"picked":"After Image","floor":33},{"not_picked":["PiercingWail","Eviscerate"],"picked":"Footwork","floor":35},{"not_picked":["Bouncing Flask+1","Slice"],"picked":"Reflex","floor":35},{"not_picked":["Blade Dance","Dash"],"picked":"Acrobatics","floor":36},{"not_picked":["PiercingWail","Leg Sweep","Poisoned Stab+1"],"picked":"SKIP","floor":36},{"not_picked":["Underhanded Strike","Quick Slash"],"picked":"Backflip","floor":38},{"not_picked":["Eviscerate","Blade Dance+1"],"picked":"Malaise","floor":38},{"not_picked":["Masterful Stab","Dagger Throw"],"picked":"Acrobatics","floor":41},{"not_picked":["Poisoned Stab+1","Dagger Throw+1"],"picked":"Acrobatics+1","floor":41},{"not_picked":["Eviscerate+1","PiercingWail+1"],"picked":"Backflip+1","floor":42},{"not_picked":["Dodge and Roll+1","Quick Slash","Storm of Steel"],"picked":"SKIP","floor":42},{"not_picked":["Eviscerate","All Out Attack+1"],"picked":"Infinite Blades+1","floor":44},{"not_picked":["Flying Knee","Finisher+1"],"picked":"Terror","floor":45},{"not_picked":["Dagger Throw+1","Underhanded Strike","Infinite Blades"],"picked":"SKIP","floor":45},{"not_picked":["Backstab+1","Dagger Spray","Flying Knee+1"],"picked":"SKIP","floor":47},{"not_picked":["Deflect+1","Quick Slash","Poisoned Stab"],"picked":"SKIP","floor":47}],"player_experience":240174,"relics_obtained":[{"floor":7,"key":"Tiny Chest"},{"floor":9,"key":"Shuriken"},{"floor":11,"key":"Prayer Wheel"},{"floor":14,"key":"Sundial"},{"floor":21,"key":"Calipers"},{"floor":21,"key":"Letter Opener"},{"floor":23,"key":"Pantograph"},{"floor":25,"key":"War Paint"},{"floor":26,"key":"Art of War"},{"floor":29,"key":"Dream Catcher"},{"floor":30,"key":"Vajra"},{"floor":31,"key":"Regal Pillow"},{"floor":43,"key":"Bag of Preparation"},{"floor":44,"key":"Potion Belt"}],"event_choices":[{"damage_healed":0,"gold_gain":0,"player_choice":"Grow","damage_taken":0,"max_hp_gain":0,"max_hp_loss":0,"event_name":"Living Wall","floor":5,"gold_loss":0,"cards_upgraded":["Footwork"]},{"cards_removed":["Strike_G"],"damage_healed":0,"gold_gain":0,"player_choice":"Card Removal","damage_taken":0,"max_hp_gain":0,"max_hp_loss":0,"event_name":"The Cleric","floor":12,"gold_loss":50},{"damage_healed":0,"gold_gain":0,"player_choice":"Fight","damage_taken":0,"max_hp_gain":0,"max_hp_loss":0,"event_name":"Colosseum","floor":21,"gold_loss":0},{"damage_healed":0,"gold_gain":0,"player_choice":"Fought Nobs","damage_taken":0,"max_hp_gain":0,"max_hp_loss":0,"event_name":"Colosseum","floor":21,"gold_loss":0},{"damage_healed":0,"gold_gain":0,"player_choice":"Obtained Relic","damage_taken":0,"relics_obtained":["Ancient Tea Set"],"max_hp_gain":0,"max_hp_loss":0,"event_name":"Addict","floor":28,"gold_loss":85},{"cards_removed":["Defend_G"],"damage_healed":0,"gold_gain":0,"player_choice":"Removed Skill","damage_taken":0,"max_hp_gain":0,"max_hp_loss":0,"event_name":"Falling","floor":48,"gold_loss":0}],"is_beta":false,"boss_relics":[{"not_picked":["Orrery","HoveringKite"],"picked":"Coffee Dripper"},{"not_picked":["Snecko Eye","White Beast Statue"],"picked":"Philosopher\u0027s Stone"}],"items_purged_floors":[13,19,37],"is_endless":false,"potions_floor_spawned":[1,4,7,8,16,21,21,22,33,41,42,44,47],"ascension_level":1}