{"gold_per_floor":[117,128,128,144,144,144,174,186,212,237,237,337,362,381,381,476,526,540,540,540,455,8,8,8,35,35,53,82,82,92,105,105,204,204,217,228,228,228,241,241,65,79,79,96,96,124,124,136,136,136],"floor_reached":50,"playtime":2585,"items_purged":[],"score":692,"play_id":"cf375fb6-b38c-478c-907a-db04ad0fd259","local_time":"20190113180411","is_ascension_mode":true,"campfire_choices":[{"floor":6,"key":"REST"},{"floor":11,"key":"REST"},{"data":"Loop","floor":15,"key":"SMITH"},{"data":"Sweeping Beam","floor":23,"key":"SMITH"},{"data":"Hologram","floor":29,"key":"SMITH"},{"data":"Defragment","floor":32,"key":"SMITH"},{"floor":40,"key":"REST"},{"floor":45,"key":"REST"},{"data":"Thunder Strike","floor":49,"key":"SMITH"}],"neow_cost":"PERCENT_DAMAGE","seed_source_timestamp":48708317800250,"circlet_count":0,"master_deck":["Defend_B","Defend_B","Defend_B","Defend_B","Zap+1","Dualcast+1","Beam Cell","Ball Lightning","Sweeping Beam+1","Ball Lightning","BootSequence","Loop+1","Glacier","Seek","Hologram+1","Go for the Eyes+1","Bite","Bite","Bite","Bite","Bite","Panacea","Zap","Auto Shields+1","Defragment+1","Go for the Eyes","Stack+1","Coolheaded","Leap+1","Leap","Blizzard","Thunder Strike+1","Secret Weapon"],"relics":["Cracked Core","Thread and Needle","Dream Catcher","Oddly Smooth Stone","Bag of Preparation","Symbiotic Virus","Regal Pillow","Tiny House","Art of War","Anchor","Sling","Pear","Juzu Bracelet","Boot","Velvet Choker","Bronze Scales","Orichalcum","Blood Vial"],"potions_floor_usage":[8,10,14,33,46,50,50,50],"damage_taken":[{"damage":0,"enemies":"Cultist","floor":1,"turns":3},{"damage":0,"enemies":"2 Louse","floor":2,"turns":2},{"damage":0,"enemies":"Small Slimes","floor":4,"turns":3},{"damage":20,"enemies":"3 Sentries","floor":7,"turns":5},{"damage":0,"enemies":"3 Louse","floor":8,"turns":2},{"damage":14,"enemies":"Gremlin Nob","floor":10,"turns":3},{"damage":0,"enemies":"Lagavulin","floor":13,"turns":5},{"damage":0,"enemies":"Gremlin Gang","floor":14,"turns":3},{"damage":13,"enemies":"The Guardian","floor":16,"turns":9},{"damage":0,"enemies":"Spheric Guardian","floor":18,"turns":5},{"damage":5,"enemies":"Colosseum Slavers","floor":20,"turns":3},{"damage":10,"enemies":"Slavers","floor":25,"turns":4},{"damage":0,"enemies":"Shell Parasite","floor":27,"turns":4},{"damage":23,"enemies":"Gremlin Leader","floor":28,"turns":6},{"damage":0,"enemies":"Chosen and Byrds","floor":30,"turns":6},{"damage":7,"enemies":"3 Cultists","floor":31,"turns":5},{"damage":10,"enemies":"Champ","floor":33,"turns":10},{"damage":29,"enemies":"3 Darklings","floor":35,"turns":5},{"damage":0,"enemies":"Orb Walker","floor":36,"turns":4},{"damage":27,"enemies":"Spire Growth","floor":39,"turns":5},{"damage":20,"enemies":"Jaw Worm Horde","floor":42,"turns":4},{"damage":28,"enemies":"3 Darklings","floor":44,"turns":6},{"damage":14,"enemies":"Nemesis","floor":46,"turns":6},{"damage":19,"enemies":"Maw","floor":48,"turns":7},{"damage":77,"enemies":"Time Eater","floor":50,"turns":9}],"seed_played":"1247685936558147692","potions_obtained":[{"floor":2,"key":"Swift Potion"},{"floor":7,"key":"AttackPotion"},{"floor":10,"key":"Dexterity Potion"},{"floor":13,"key":"PowerPotion"},{"floor":16,"key":"FocusPotion"},{"floor":17,"key":"SteroidPotion"},{"floor":18,"key":"Explosive Potion"},{"floor":33,"key":"Weak Potion"},{"floor":48,"key":"FearPotion"}],"is_trial":false,"path_per_floor":["M","M","?","M","?","R","E","M","T","E","R","?","E","M","R","B",null,"M","?","?","?","$","R","?","E","T","M","E","R","M","M","R","B",null,"M","M","?","?","M","R","$","M","T","M","R","E","?","M","R","B"],"character_chosen":"DEFECT","items_purchased":["Anchor","Panacea","Sling","Bronze Scales","Leap"],"campfire_rested":4,"item_purchase_floors":[22,22,22,41,41],"current_hp_per_floor":[54,54,54,54,29,51,31,31,31,17,39,39,39,39,39,26,80,80,56,53,53,53,53,53,56,56,60,41,41,45,42,42,46,66,41,43,43,43,24,58,58,44,44,26,60,56,56,49,49,0],"gold":136,"neow_bonus":"ONE_RARE_RELIC","is_prod":false,"is_daily":false,"chose_seed":false,"campfire_upgraded":5,"win_rate":0,"timestamp":1547431451,"path_taken":["M","?","?","M","?","R","E","M","T","E","R","?","E","?","R","BOSS","M","?","?","?","$","R","?","E","T","M","E","R","M","M","R","BOSS","M","M","?","?","M","R","$","M","T","M","R","E","?","M","R","BOSS"],"build_version":"2019-01-10","purchased_purges":0,"victory":false,"max_hp_per_floor":[75,75,75,75,75,75,75,75,75,75,75,75,75,75,75,75,80,80,56,56,56,56,56,56,66,66,66,66,66,66,66,66,66,66,66,66,66,66,66,66,66,66,66,66,66,66,66,66,66,66],"card_choices":[{"not_picked":["Leap","Hologram"],"picked":"Beam Cell","floor":1},{"not_picked":["Force Field","Aggregate","Rebound"],"picked":"SKIP","floor":2},{"not_picked":["Leap","Turbo"],"picked":"Ball Lightning","floor":4},{"not_picked":["Static Discharge","Coolheaded"],"picked":"Sweeping Beam","floor":6},{"not_picked":["Beam Cell","Biased Cognition","Heatsinks"],"picked":"SKIP","floor":7},{"not_picked":["White Noise","Sweeping Beam"],"picked":"Ball Lightning","floor":8},{"not_picked":["Recycle","Barrage","Beam Cell"],"picked":"SKIP","floor":10},{"not_picked":["Rip and Tear","Hologram"],"picked":"BootSequence","floor":11},{"not_picked":["Conserve Battery","Rip and Tear"],"picked":"Loop","floor":13},{"not_picked":["Compile Driver","Turbo"],"picked":"Glacier","floor":14},{"not_picked":["Biased Cognition","Meteor Strike"],"picked":"Seek","floor":16},{"not_picked":["Hello World","Coolheaded"],"picked":"Hologram","floor":17},{"not_picked":["Redo+1","Scrape+1"],"picked":"Go for the Eyes+1","floor":18},{"not_picked":["Steam","Leap"],"picked":"Auto Shields+1","floor":25},{"not_picked":["Blizzard","Barrage"],"picked":"Defragment","floor":27},{"not_picked":["Self Repair","Skim"],"picked":"Go for the Eyes","floor":28},{"not_picked":["Machine Learning","Streamline"],"picked":"Stack+1","floor":30},{"not_picked":["Stack","Go for the Eyes"],"picked":"Coolheaded","floor":31},{"not_picked":["Redo","Ball Lightning","Compile Driver"],"picked":"SKIP","floor":35},{"not_picked":["Redo","Beam Cell+1"],"picked":"Leap+1","floor":36},{"not_picked":["Turbo+1","Cold Snap","Double Energy"],"picked":"SKIP","floor":39},{"not_picked":["Self Repair","Leap"],"picked":"Blizzard","floor":42},{"not_picked":["Steam+1","Stack+1","Compile Driver+1"],"picked":"SKIP","floor":44},{"not_picked":["Heatsinks+1","White Noise"],"picked":"Thunder Strike","floor":46},{"not_picked":["Forethought","Thinking Ahead"],"picked":"Secret Weapon","floor":47},{"not_picked":["FTL+1","Cold Snap","Sweeping Beam+1"],"picked":"SKIP","floor":48}],"player_experience":170252,"relics_obtained":[{"floor":7,"key":"Oddly Smooth Stone"},{"floor":9,"key":"Bag of Preparation"},{"floor":10,"key":"Symbiotic Virus"},{"floor":13,"key":"Regal Pillow"},{"floor":25,"key":"Pear"},{"floor":26,"key":"Juzu Bracelet"},{"floor":28,"key":"Boot"},{"floor":43,"key":"Orichalcum"},{"floor":46,"key":"Blood Vial"}],"event_choices":[{"damage_healed":0,"gold_gain":0,"player_choice":"Grow","damage_taken":0,"max_hp_gain":0,"max_hp_loss":0,"event_name":"Living Wall","floor":3,"gold_loss":0,"cards_upgraded":["Zap"]},{"damage_healed":0,"gold_gain":0,"player_choice":"Success","damage_taken":25,"relics_obtained":["Dream Catcher"],"max_hp_gain":0,"max_hp_loss":0,"event_name":"Scrap Ooze","floor":5,"gold_loss":0},{"damage_healed":0,"gold_gain":100,"player_choice":"Pray","damage_taken":0,"max_hp_gain":0,"max_hp_loss":0,"event_name":"Golden Shrine","floor":12,"gold_loss":0},{"damage_healed":0,"gold_gain":0,"player_choice":"Became a vampire","damage_taken":0,"max_hp_gain":0,"max_hp_loss":24,"event_name":"Vampires","floor":19,"gold_loss":0,"cards_obtained":["Bite","Bite","Bite","Bite","Bite"]},{"damage_healed":0,"gold_gain":0,"player_choice":"Fight","damage_taken":0,"max_hp_gain":0,"max_hp_loss":0,"event_name":"Colosseum","floor":20,"gold_loss":0},{"damage_healed":0,"gold_gain":0,"player_choice":"Fled From Nobs","damage_taken":0,"max_hp_gain":0,"max_hp_loss":0,"event_name":"Colosseum","floor":20,"gold_loss":0},{"damage_healed":0,"gold_gain":0,"player_choice":"Obtained Relic","damage_taken":0,"relics_obtained":["Art of War"],"max_hp_gain":0,"max_hp_loss":0,"event_name":"Addict","floor":21,"gold_loss":85},{"damage_healed":0,"gold_gain":0,"player_choice":"1 cards matched","damage_taken":0,"max_hp_gain":0,"max_hp_loss":0,"event_name":"Match and Keep!","floor":24,"gold_loss":0,"cards_obtained":["Zap"]},{"damage_healed":0,"gold_gain":0,"player_choice":"Ignored","damage_taken":0,"max_hp_gain":0,"max_hp_loss":0,"event_name":"Tomb of Lord Red Mask","floor":37,"gold_loss":0},{"damage_healed":0,"gold_gain":0,"player_choice":"Upgraded","damage_taken":0,"max_hp_gain":0,"max_hp_loss":0,"event_name":"Upgrade Shrine","floor":38,"gold_loss":0,"cards_upgraded":["Dualcast"]},{"damage_healed":0,"gold_gain":0,"player_choice":"Memory 1","damage_taken":0,"max_hp_gain":0,"max_hp_loss":0,"event_name":"SensoryStone","floor":47,"gold_loss":0}],"is_beta":false,"boss_relics":[{"not_picked":["Nuclear Battery","Runic Dome"],"picked":"Tiny House"},{"not_picked":["Fusion Hammer","Orrery"],"picked":"Velvet Choker"}],"items_purged_floors":[],"is_endless":false,"potions_floor_spawned":[2,7,10,13,16,18,25,33,36,48],"killed_by":"Time Eater","ascension_level":3}