{"gold_per_floor":[111,129,146,160,174,174,199,199,199,199,199,227,237,237,237,332,332,348,361,361,361,276,276,306,406,406,406,437,437,88,105,105,205,205,225,238,238,238,251,251,32,32,85,98,111,143,162,176,176,176,176,176,27,56,56],"floor_reached":56,"playtime":2742,"items_purged":["Strike_B","Writhe"],"score":1292,"play_id":"b52b19c7-8765-475b-8320-49e9ebe49d05","local_time":"20190212035141","is_ascension_mode":false,"campfire_choices":[{"floor":6,"key":"REST"},{"floor":8,"key":"REST"},{"floor":10,"key":"RECALL"},{"floor":15,"key":"REST"},{"floor":23,"key":"REST"},{"floor":27,"key":"REST"},{"floor":29,"key":"REST"},{"floor":32,"key":"DIG"},{"floor":42,"key":"DIG"},{"floor":49,"key":"REST"},{"floor":52,"key":"DIG"}],"neow_cost":"NONE","seed_source_timestamp":573432206140674,"circlet_count":0,"master_deck":["Strike_B","Strike_B","Defend_B","Defend_B","Defend_B","Defend_B","Zap","Dualcast","Gash","Sunder","Doom and Gloom","Coolheaded","Double Energy+1","Hologram","BootSequence","Seek","Thunder Strike","White Noise+1","Defragment","Necronomicurse","Ghostly","Ghostly","Ghostly","Ghostly","Ghostly","Defragment+1","Conserve Battery","FTL","White Noise","Redo","Beam Cell+1","Electrodynamics","Beam Cell+1","Chaos+1","Chaos+1","Seek","Doom and Gloom","Storm+1","Doom and Gloom","Defragment","Biased Cognition","White Noise+1","Steam Power","Defragment+1"],"relics":["Cracked Core","Ancient Tea Set","Odd Mushroom","Fusion Hammer","Necronomicon","Prayer Wheel","Question Card","Shovel","Letter Opener","Pantograph","Bottled Flame","Lee\u0027s Waffle","Bottled Tornado","Philosopher\u0027s Stone","PreservedInsect","Centennial Puzzle","Bronze Scales","Anchor","Sundial","Bird Faced Urn"],"potions_floor_usage":[16,25,25,25,25,25,50,50,55,55],"damage_taken":[{"damage":1,"enemies":"Cultist","floor":1,"turns":3},{"damage":0,"enemies":"2 Louse","floor":2,"turns":2},{"damage":11,"enemies":"Jaw Worm","floor":3,"turns":2},{"damage":6,"enemies":"Large Slime","floor":4,"turns":4},{"damage":11,"enemies":"3 Louse","floor":5,"turns":2},{"damage":28,"enemies":"Gremlin Nob","floor":7,"turns":4},{"damage":17,"enemies":"The Mushroom Lair","floor":12,"turns":3},{"damage":0,"enemies":"2 Fungi Beasts","floor":13,"turns":2},{"damage":42,"enemies":"Slime Boss","floor":16,"turns":12},{"damage":12,"enemies":"Chosen","floor":18,"turns":6},{"damage":0,"enemies":"Spheric Guardian","floor":19,"turns":2},{"damage":21,"enemies":"Book of Stabbing","floor":24,"turns":6},{"damage":0,"enemies":"Colosseum Slavers","floor":25,"turns":5},{"damage":2,"enemies":"Colosseum Nobs","floor":25,"turns":3},{"damage":0,"enemies":"Slavers","floor":28,"turns":4},{"damage":0,"enemies":"Snake Plant","floor":31,"turns":3},{"damage":1,"enemies":"Champ","floor":33,"turns":8},{"damage":6,"enemies":"3 Shapes","floor":35,"turns":4},{"damage":0,"enemies":"3 Darklings","floor":36,"turns":3},{"damage":6,"enemies":"Sphere and 2 Shapes","floor":39,"turns":5},{"damage":0,"enemies":"Transient","floor":44,"turns":5},{"damage":9,"enemies":"3 Darklings","floor":45,"turns":3},{"damage":0,"enemies":"Reptomancer","floor":46,"turns":3},{"damage":6,"enemies":"Jaw Worm Horde","floor":47,"turns":2},{"damage":10,"enemies":"4 Shapes","floor":48,"turns":2},{"damage":40,"enemies":"Time Eater","floor":50,"turns":11},{"damage":11,"enemies":"Shield and Spear","floor":54,"turns":2},{"damage":56,"enemies":"The Heart","floor":55,"turns":8}],"seed_played":"6121810601066310908","potions_obtained":[{"floor":3,"key":"FearPotion"},{"floor":7,"key":"SkillPotion"},{"floor":12,"key":"SteroidPotion"},{"floor":24,"key":"EntropicBrew"},{"floor":25,"key":"Weak Potion"},{"floor":28,"key":"Regen Potion"},{"floor":35,"key":"Ancient Potion"},{"floor":44,"key":"FocusPotion"}],"is_trial":false,"path_per_floor":["M","M","M","M","M","R","E","R","T","R","?","?","M","?","R","B",null,"M","M","?","?","?","R","E","?","T","R","E","R","$","M","R","B",null,"M","M","?","?","M","?","$","R","T","M","M","E","M","M","R","B",null,"R","$","E","B",null],"character_chosen":"DEFECT","items_purchased":["Lee\u0027s Waffle","White Noise","Doom and Gloom","PreservedInsect","FearPotion"],"campfire_rested":7,"item_purchase_floors":[30,30,41,41,53],"current_hp_per_floor":[74,74,63,57,46,68,40,62,62,62,62,45,45,38,60,18,75,63,63,47,37,37,37,16,14,14,25,25,36,44,44,44,43,44,38,38,44,44,38,38,38,38,38,38,29,29,23,13,26,9,44,44,44,33,3],"gold":56,"neow_bonus":"THREE_CARDS","is_prod":false,"is_daily":false,"chose_seed":false,"campfire_upgraded":0,"win_rate":0,"timestamp":1549961501,"path_taken":["M","M","M","M","M","R","E","R","T","R","?","?","?","?","R","BOSS","M","M","?","?","?","R","E","?","T","R","E","R","$","M","R","BOSS","M","M","?","?","M","?","$","R","T","?","M","E","?","M","R","BOSS","R","$","E","BOSS"],"build_version":"2019-01-23","purchased_purges":2,"victory":true,"max_hp_per_floor":[75,75,75,75,75,75,75,75,75,75,75,75,75,75,75,75,75,75,75,75,37,37,37,37,37,37,37,37,37,44,44,44,44,44,44,44,44,44,44,44,44,44,44,44,44,44,44,44,44,44,44,44,44,44,44],"card_choices":[{"not_picked":["Streamline","Barrage"],"picked":"Gash","floor":0},{"not_picked":["Barrage","Skim"],"picked":"Sunder","floor":1},{"not_picked":["Barrage","Coolheaded"],"picked":"Doom and Gloom","floor":2},{"not_picked":["Redo","Scrape"],"picked":"Melter","floor":3},{"not_picked":["Compile Driver","Conserve Battery"],"picked":"Coolheaded","floor":4},{"not_picked":["Beam Cell","Rebound"],"picked":"Double Energy","floor":5},{"not_picked":["Sweeping Beam","Conserve Battery"],"picked":"Hologram","floor":7},{"not_picked":["Static Discharge","Fusion"],"picked":"BootSequence","floor":12},{"not_picked":["Cold Snap","Sweeping Beam"],"picked":"Seek","floor":13},{"not_picked":["Echo Form","All For One"],"picked":"Thunder Strike","floor":16},{"not_picked":["Rebound","Hologram"],"picked":"White Noise+1","floor":18},{"not_picked":["Streamline","Go for the Eyes"],"picked":"Defragment","floor":19},{"not_picked":["Reprogram","Leap+1"],"picked":"Defragment+1","floor":24},{"not_picked":["Go for the Eyes+1","Compile Driver","Sunder"],"picked":"Conserve Battery","floor":25},{"not_picked":["Double Energy+1","Gash+1","Seek"],"picked":"FTL","floor":28},{"not_picked":["Rebound","Lockon","Capacitor"],"picked":"Redo","floor":31},{"not_picked":["Undo","Reinforced Body","Hologram"],"picked":"Beam Cell+1","floor":31},{"not_picked":["Biased Cognition","Hyperbeam","All For One"],"picked":"Electrodynamics","floor":33},{"not_picked":["Hologram","Aggregate+1","Turbo"],"picked":"Beam Cell+1","floor":35},{"not_picked":["Beam Cell+1","Barrage","Leap+1"],"picked":"Chaos+1","floor":35},{"not_picked":["Go for the Eyes+1","Hologram","Gash"],"picked":"Chaos+1","floor":36},{"not_picked":["Consume","Double Energy","Cold Snap","Leap+1"],"picked":"SKIP","floor":36},{"not_picked":["Darkness+1","Redo+1","Scrape"],"picked":"Seek","floor":39},{"not_picked":["Compile Driver","Go for the Eyes+1","Reprogram+1","Streamline"],"picked":"SKIP","floor":39},{"not_picked":["Stack","Gash","Steam"],"picked":"Storm+1","floor":44},{"not_picked":["Go for the Eyes","Sunder","Beam Cell","Sweeping Beam+1"],"picked":"SKIP","floor":44},{"not_picked":["Loop","Conserve Battery+1","Hello World"],"picked":"Doom and Gloom","floor":45},{"not_picked":["Streamline+1","Sweeping Beam","Barrage+1"],"picked":"Defragment","floor":45},{"not_picked":["Double Energy","Barrage","BootSequence+1","Sunder+1"],"picked":"SKIP","floor":46},{"not_picked":["Stack","Streamline+1","Steam+1"],"picked":"Biased Cognition","floor":47},{"not_picked":["FTL+1","Consume","Tempest","Compile Driver"],"picked":"SKIP","floor":47},{"not_picked":["Streamline+1","Leap+1","Cold Snap+1"],"picked":"White Noise+1","floor":48},{"not_picked":["Defragment+1","Chaos","Recycle+1"],"picked":"Steam Power","floor":48},{"not_picked":["Melter","Leap+1","Reboot"],"picked":"Defragment+1","floor":54}],"player_experience":141896,"relics_obtained":[{"floor":7,"key":"Ancient Tea Set"},{"floor":12,"key":"Odd Mushroom"},{"floor":20,"key":"Necronomicon"},{"floor":24,"key":"Question Card"},{"floor":25,"key":"Shovel"},{"floor":25,"key":"Letter Opener"},{"floor":26,"key":"Pantograph"},{"floor":28,"key":"Bottled Flame"},{"floor":32,"key":"Bottled Tornado"},{"floor":42,"key":"Centennial Puzzle"},{"floor":43,"key":"Bronze Scales"},{"floor":46,"key":"Anchor"},{"floor":52,"key":"Sundial"},{"floor":54,"key":"Bird Faced Urn"}],"event_choices":[{"damage_healed":0,"gold_gain":0,"player_choice":"Grow","damage_taken":0,"max_hp_gain":0,"max_hp_loss":0,"event_name":"Living Wall","floor":11,"gold_loss":0,"cards_upgraded":["Double Energy"]},{"damage_healed":0,"gold_gain":0,"player_choice":"Fought Mushrooms","damage_taken":0,"max_hp_gain":0,"max_hp_loss":0,"event_name":"Mushrooms","floor":12,"gold_loss":0},{"cards_removed":["Strike_B"],"damage_healed":0,"gold_gain":0,"player_choice":"Card Removal","damage_taken":7,"max_hp_gain":0,"max_hp_loss":0,"event_name":"Golden Wing","floor":14,"gold_loss":0},{"damage_healed":0,"gold_gain":0,"player_choice":"Obtained Book","damage_taken":16,"max_hp_gain":0,"max_hp_loss":0,"event_name":"Cursed Tome","floor":20,"gold_loss":0},{"damage_healed":0,"gold_gain":0,"player_choice":"Became a Ghost","damage_taken":0,"max_hp_gain":0,"max_hp_loss":38,"event_name":"Ghosts","floor":21,"gold_loss":0,"cards_obtained":["Ghostly","Ghostly","Ghostly","Ghostly","Ghostly"]},{"damage_healed":0,"gold_gain":0,"player_choice":"Obtained Relic","damage_taken":0,"relics_obtained":["Prayer Wheel"],"max_hp_gain":0,"max_hp_loss":0,"event_name":"Addict","floor":22,"gold_loss":85},{"damage_healed":0,"gold_gain":0,"player_choice":"Fight","damage_taken":0,"max_hp_gain":0,"max_hp_loss":0,"event_name":"Colosseum","floor":25,"gold_loss":0},{"damage_healed":0,"gold_gain":0,"player_choice":"Fought Nobs","damage_taken":0,"max_hp_gain":0,"max_hp_loss":0,"event_name":"Colosseum","floor":25,"gold_loss":0},{"damage_healed":11,"gold_gain":0,"player_choice":"Writhe","damage_taken":0,"max_hp_gain":0,"max_hp_loss":0,"event_name":"Winding Halls","floor":37,"gold_loss":0,"cards_obtained":["Writhe"]},{"cards_removed":["Melter"],"damage_healed":0,"gold_gain":0,"player_choice":"Removed Attack","damage_taken":0,"max_hp_gain":0,"max_hp_loss":0,"event_name":"Falling","floor":38,"gold_loss":0},{"damage_healed":0,"gold_gain":0,"player_choice":"Ignored","damage_taken":0,"max_hp_gain":0,"max_hp_loss":0,"event_name":"Tomb of Lord Red Mask","floor":40,"gold_loss":0}],"is_beta":false,"boss_relics":[{"not_picked":["Runic Dome","Cursed Key"],"picked":"Fusion Hammer"},{"not_picked":["Black Star","Eternal Feather"],"picked":"Philosopher\u0027s Stone"}],"items_purged_floors":[30,53],"is_endless":false,"potions_floor_spawned":[3,7,12,24,25,28,31,35,44,45,47],"ascension_level":0}