{"gold_per_floor":[115,190,202,202,220,220,245,245,270,304,304,319,319,334,334,434,434,446,456,456,27,40,40,56,56,56,74,74,51,51,76,76,76],"floor_reached":33,"playtime":1681,"items_purged":["Strike_B"],"score":303,"play_id":"405c2502-fccc-4fe2-a29a-00a959a5020b","local_time":"20190109210351","is_ascension_mode":true,"campfire_choices":[{"data":"Dualcast","floor":6,"key":"SMITH"},{"data":"Sweeping Beam","floor":8,"key":"SMITH"},{"floor":11,"key":"REST"},{"data":"Genetic Algorithm","floor":15,"key":"SMITH"},{"data":"Sunder","floor":23,"key":"SMITH"},{"data":"Hologram","floor":25,"key":"SMITH"},{"floor":28,"key":"REST"},{"floor":32,"key":"REST"}],"neow_cost":"NONE","seed_source_timestamp":87834177318184,"circlet_count":0,"master_deck":["Strike_B","Strike_B","Strike_B","Defend_B","Defend_B","Defend_B","Defend_B","Zap+1","Dualcast+1","Sweeping Beam+1","Cold Snap","Ball Lightning","Genetic Algorithm+1","Buffer","Sunder+1","Reprogram+1","Conserve Battery","Hologram+1","Beam Cell+1","Steam","Decay","Defragment"],"relics":["Cracked Core","NeowsBlessing","Strawberry","Bag of Marbles","Juzu Bracelet","Blood Vial","White Beast Statue","Happy Flower","DataDisk","Lantern","Molten Egg 2","Boot"],"potions_floor_usage":[7,22,24,27,31,31,33,33],"damage_taken":[{"damage":0,"enemies":"Jaw Worm","floor":1,"turns":1},{"damage":0,"enemies":"Small Slimes","floor":3,"turns":1},{"damage":0,"enemies":"Cultist","floor":5,"turns":1},{"damage":11,"enemies":"Lagavulin","floor":7,"turns":7},{"damage":20,"enemies":"3 Sentries","floor":10,"turns":5},{"damage":6,"enemies":"Large Slime","floor":12,"turns":6},{"damage":0,"enemies":"3 Louse","floor":14,"turns":1},{"damage":55,"enemies":"Slime Boss","floor":16,"turns":9},{"damage":11,"enemies":"Chosen","floor":18,"turns":4},{"damage":16,"enemies":"Shell Parasite","floor":19,"turns":6},{"damage":11,"enemies":"Sentry and Sphere","floor":22,"turns":4},{"damage":23,"enemies":"Shelled Parasite and Fungi","floor":24,"turns":4},{"damage":17,"enemies":"Centurion and Healer","floor":27,"turns":6},{"damage":24,"enemies":"Gremlin Leader","floor":31,"turns":7},{"damage":44,"enemies":"Automaton","floor":33,"turns":8}],"seed_played":"8329114964203712251","potions_obtained":[{"floor":3,"key":"AttackPotion"},{"floor":7,"key":"Dexterity Potion"},{"floor":12,"key":"Fire Potion"},{"floor":14,"key":"SkillPotion"},{"floor":18,"key":"Fire Potion"},{"floor":22,"key":"FocusPotion"},{"floor":24,"key":"Energy Potion"},{"floor":27,"key":"AttackPotion"},{"floor":31,"key":"PowerPotion"}],"is_trial":false,"path_per_floor":["M","?","M","?","M","R","E","R","T","E","R","M","?","M","R","B",null,"M","M","?","$","M","R","M","R","T","M","R","$","?","E","R","B"],"character_chosen":"DEFECT","items_purchased":["DataDisk","Conserve Battery","Lantern","Steam"],"campfire_rested":3,"item_purchase_floors":[21,21,21,29],"current_hp_per_floor":[75,64,64,64,64,64,60,60,60,40,64,58,55,57,57,4,82,71,57,57,57,48,48,27,27,27,12,36,36,36,14,38,0],"gold":76,"neow_bonus":"THREE_ENEMY_KILL","is_prod":false,"is_daily":false,"chose_seed":false,"campfire_upgraded":5,"win_rate":0,"timestamp":1547096631,"path_taken":["M","?","M","?","?","R","E","R","T","E","R","M","?","M","R","BOSS","M","M","?","$","M","R","M","R","T","M","R","$","?","E","R","BOSS"],"build_version":"2019-01-03v4","purchased_purges":1,"victory":false,"max_hp_per_floor":[75,75,75,75,75,75,82,82,82,82,82,82,82,82,82,82,82,82,82,82,82,82,82,82,82,82,82,82,82,82,82,82,82],"card_choices":[{"not_picked":["Turbo","Lockon","Consume"],"picked":"SKIP","floor":1},{"not_picked":["Tempest","Reinforced Body"],"picked":"Sweeping Beam","floor":3},{"not_picked":["Leap","Aggregate","Skim"],"picked":"SKIP","floor":5},{"not_picked":["Steam","Rainbow","Recycle"],"picked":"SKIP","floor":7},{"not_picked":["Fusion","Tempest"],"picked":"Cold Snap","floor":10},{"not_picked":["Steam","Conserve Battery"],"picked":"Ball Lightning","floor":12},{"not_picked":["Skim","Conserve Battery"],"picked":"Genetic Algorithm","floor":14},{"not_picked":["Amplify","Thunder Strike"],"picked":"Buffer","floor":16},{"not_picked":["Aggregate+1","Reprogram"],"picked":"Sunder","floor":18},{"not_picked":["Melter","Hologram"],"picked":"Reprogram+1","floor":19},{"not_picked":["Gash+1","Stack"],"picked":"Hologram","floor":22},{"not_picked":["Rebound","Gash","Streamline"],"picked":"SKIP","floor":24},{"not_picked":["Melter+1","Stack"],"picked":"Beam Cell+1","floor":27},{"not_picked":["Recycle","Steam"],"picked":"Defragment","floor":31}],"player_experience":126638,"relics_obtained":[{"floor":7,"key":"Strawberry"},{"floor":9,"key":"Bag of Marbles"},{"floor":10,"key":"Juzu Bracelet"},{"floor":26,"key":"Molten Egg 2"},{"floor":31,"key":"Boot"}],"event_choices":[{"damage_healed":0,"gold_gain":75,"player_choice":"Gather Gold","damage_taken":11,"max_hp_gain":0,"max_hp_loss":0,"event_name":"World of Goop","floor":2,"gold_loss":0},{"damage_healed":0,"gold_gain":0,"player_choice":"Upgraded","damage_taken":0,"max_hp_gain":0,"max_hp_loss":0,"event_name":"Upgrade Shrine","floor":4,"gold_loss":0,"cards_upgraded":["Zap"]},{"damage_healed":0,"gold_gain":0,"player_choice":"Success","damage_taken":3,"relics_obtained":["Blood Vial"],"max_hp_gain":0,"max_hp_loss":0,"event_name":"Scrap Ooze","floor":13,"gold_loss":0},{"damage_healed":0,"gold_gain":0,"player_choice":"Opened","damage_taken":0,"relics_obtained":["Happy Flower"],"max_hp_gain":0,"max_hp_loss":0,"event_name":"The Mausoleum","floor":20,"gold_loss":0},{"damage_healed":0,"gold_gain":0,"player_choice":"Smashed Altar","damage_taken":0,"max_hp_gain":0,"max_hp_loss":0,"event_name":"Forgotten Altar","floor":30,"gold_loss":0,"cards_obtained":["Decay"]}],"is_beta":false,"boss_relics":[{"not_picked":["Calling Bell","Philosopher\u0027s Stone"],"picked":"White Beast Statue"}],"items_purged_floors":[21],"is_endless":false,"potions_floor_spawned":[3,7,12,14,18,19,22,24,27,31],"killed_by":"Automaton","ascension_level":2}