{"gold_per_floor":[117,134,153,166,131,165,165,165,165,165,165,165,177,195,195,272,272,291,37,52,52,52],"floor_reached":22,"playtime":1869,"items_purged":["Strike_G"],"score":326,"play_id":"de6e3064-b143-4611-bde0-2813d248332b","local_time":"20190106000826","is_ascension_mode":true,"campfire_choices":[{"floor":7,"key":"REST"},{"floor":12,"key":"REST"},{"data":"Neutralize","floor":15,"key":"SMITH"}],"neow_cost":"NONE","seed_source_timestamp":97656008363940,"circlet_count":0,"master_deck":["AscendersBane","Defend_G","Defend_G","Defend_G","Defend_G","Defend_G","Strike_G","Strike_G","Strike_G","Strike_G","Survivor","Neutralize+1","Sucker Punch","Acrobatics","Deadly Poison","Poisoned Stab","Catalyst","Backflip","After Image","Crippling Poison+1","Apotheosis","Poisoned Stab","Necronomicurse"],"relics":["Ring of the Snake","Regal Pillow","Question Card","Turnip","Incense Burner","Busted Crown","Necronomicon"],"potions_floor_usage":[6,16],"damage_taken":[{"damage":0,"enemies":"2 Louse","floor":1,"turns":3},{"damage":4,"enemies":"Small Slimes","floor":2,"turns":4},{"damage":0,"enemies":"Cultist","floor":3,"turns":4},{"damage":16,"enemies":"Gremlin Gang","floor":4,"turns":8},{"damage":27,"enemies":"3 Sentries","floor":6,"turns":14},{"damage":1,"enemies":"Blue Slaver","floor":13,"turns":4},{"damage":16,"enemies":"3 Louse","floor":14,"turns":5},{"damage":38,"enemies":"Hexaghost","floor":16,"turns":12},{"damage":15,"enemies":"Chosen","floor":18,"turns":6},{"damage":14,"enemies":"3 Byrds","floor":20,"turns":5},{"damage":5,"enemies":"Snake Plant","floor":22,"turns":1}],"seed_played":"2623071668866533654","potions_obtained":[{"floor":3,"key":"Block Potion"},{"floor":11,"key":"Strength Potion"},{"floor":11,"key":"Ancient Potion"}],"is_trial":false,"path_per_floor":["M","M","M","M","?","E","R","?","T","?","?","R","M","M","R","B",null,"M","$","M","?","M"],"character_chosen":"THE_SILENT","items_purchased":["Apotheosis"],"campfire_rested":2,"item_purchase_floors":[19],"current_hp_per_floor":[59,55,55,39,55,28,62,27,27,27,27,61,60,44,44,6,51,36,36,22,1,0],"gold":52,"neow_bonus":"RANDOM_COMMON_RELIC","is_prod":false,"is_daily":false,"chose_seed":false,"campfire_upgraded":1,"win_rate":0,"timestamp":1546751306,"path_taken":["M","M","M","M","?","E","R","?","T","?","?","R","?","M","R","BOSS","M","$","?","?","M"],"build_version":"2019-01-03v4","purchased_purges":1,"victory":false,"max_hp_per_floor":[66,66,66,66,66,66,66,66,66,66,66,66,66,66,66,66,66,66,66,66,66,66],"card_choices":[{"not_picked":["Concentrate","Slice"],"picked":"Sucker Punch","floor":1},{"not_picked":["Flying Knee","Underhanded Strike","Heel Hook"],"picked":"SKIP","floor":2},{"not_picked":["Dagger Spray","Flying Knee"],"picked":"Acrobatics","floor":3},{"not_picked":["Finisher","Poisoned Stab"],"picked":"Deadly Poison","floor":4},{"not_picked":["PiercingWail","Sucker Punch"],"picked":"Poisoned Stab","floor":6},{"not_picked":["Eviscerate","Malaise","Choke"],"picked":"Catalyst","floor":13},{"not_picked":["Underhanded Strike","Terror","Blade Dance"],"picked":"Backflip","floor":14},{"not_picked":["Storm of Steel","Night Terror","A Thousand Cuts"],"picked":"After Image","floor":16},{"not_picked":["Dodge and Roll+1"],"picked":"Crippling Poison+1","floor":18},{"not_picked":["Dagger Throw"],"picked":"Poisoned Stab","floor":20}],"player_experience":836613,"relics_obtained":[{"floor":6,"key":"Question Card"},{"floor":9,"key":"Incense Burner"},{"floor":21,"key":"Necronomicon"}],"event_choices":[{"damage_healed":16,"gold_gain":0,"player_choice":"Healed","damage_taken":0,"max_hp_gain":0,"max_hp_loss":0,"event_name":"The Cleric","floor":5,"gold_loss":35},{"damage_healed":0,"gold_gain":0,"player_choice":"Success","damage_taken":35,"relics_obtained":["Turnip"],"max_hp_gain":0,"max_hp_loss":0,"event_name":"Scrap Ooze","floor":8,"gold_loss":0},{"damage_healed":0,"gold_gain":0,"player_choice":"Ignored","damage_taken":0,"max_hp_gain":0,"max_hp_loss":0,"event_name":"Shining Light","floor":10,"gold_loss":0},{"damage_healed":0,"gold_gain":0,"player_choice":"Got Potions","damage_taken":0,"max_hp_gain":0,"max_hp_loss":0,"event_name":"Lab","floor":11,"gold_loss":0},{"damage_healed":0,"gold_gain":0,"player_choice":"Obtained Book","damage_taken":21,"max_hp_gain":0,"max_hp_loss":0,"event_name":"Cursed Tome","floor":21,"gold_loss":0}],"is_beta":false,"boss_relics":[{"not_picked":["WristBlade","Black Star"],"picked":"Busted Crown"}],"items_purged_floors":[19],"is_endless":false,"potions_floor_spawned":[3,14],"killed_by":"Snake Plant","ascension_level":15}