{"gold_per_floor":[116,128,128,93,105,105,138,63,112,147,174,198,210,222,234,342,354,385,397,425,454,481,527,539,551,563,607,619,631],"floor_reached":29,"playtime":4159,"items_purged":[],"score":485,"play_id":"50b9d252-6218-4ca8-a295-4227468b71a6","local_time":"20181023214237","is_ascension_mode":true,"campfire_choices":[{"data":"Self Repair","floor":6.0,"key":"SMITH"},{"floor":13.0,"key":"REST"},{"floor":15.0,"key":"REST"},{"floor":25.0,"key":"REST"}],"neow_cost":"NONE","seed_source_timestamp":84503608355507,"circlet_count":0,"master_deck":["Strike_B+1","Strike_B+1","Defend_B+1","Defend_B+1","Defend_B+1","Zap+1","Dualcast","AscendersBane","Dramatic Entrance","Barrage","Self Repair+1","Beam Cell","Buffer+1","White Noise","Ball Lightning","Buffer","Heatsinks","Fission","Coolheaded","Streamline","Go for the Eyes","Darkness","Coolheaded","Consume","Tempest","Shame","Undo+1"],"special_seed":0,"relics":["Cracked Core","Happy Flower","DataDisk","MawBank","Cursed Key","Kunai","Bronze Scales","Vajra"],"potions_floor_usage":[],"damage_taken":[{"damage":5.0,"enemies":"Small Slimes","floor":1.0,"turns":3.0},{"damage":7.0,"enemies":"Jaw Worm","floor":2.0,"turns":3.0},{"damage":1.0,"enemies":"2 Louse","floor":5.0,"turns":2.0},{"damage":32.0,"enemies":"3 Sentries","floor":7.0,"turns":8.0},{"damage":32.0,"enemies":"Lagavulin","floor":10.0,"turns":8.0},{"damage":1.0,"enemies":"Looter","floor":11.0,"turns":3.0},{"damage":6.0,"enemies":"Lots of Slimes","floor":12.0,"turns":3.0},{"damage":0.0,"enemies":"Slime Boss","floor":16.0,"turns":7.0},{"damage":0.0,"enemies":"Spheric Guardian","floor":18.0,"turns":4.0},{"damage":21.0,"enemies":"Chosen","floor":20.0,"turns":6.0},{"damage":7.0,"enemies":"Snecko","floor":21.0,"turns":6.0},{"damage":6.0,"enemies":"Centurion and Healer","floor":22.0,"turns":7.0},{"damage":52.0,"enemies":"Book of Stabbing","floor":23.0,"turns":6.0},{"damage":45.0,"enemies":"Slavers","floor":27.0,"turns":5.0},{"damage":20,"enemies":"Book of Stabbing","floor":29,"turns":4}],"seed_played":"-6430902164031230925","potions_obtained":[{"floor":1.0,"key":"LiquidBronze"},{"floor":5.0,"key":"PowerPotion"},{"floor":10.0,"key":"Dexterity Potion"},{"floor":22.0,"key":"Swift Potion"},{"floor":23.0,"key":"Swift Potion"}],"is_trial":false,"path_per_floor":["M","M","?","?","M","R","E","$","T","E","M","M","R","?","R","B",null,"M","?","M","M","M","E","?","R","T","E","?"],"character_chosen":"DEFECT","items_purchased":["White Noise"],"campfire_rested":3,"item_purchase_floors":[8],"current_hp_per_floor":[63,56,41,59,65,65,43,43,43,21,20,24,46,39,61,71,74,74,74,63,66,70,28,28,50,50,15,15,0],"gold":631,"neow_bonus":"RANDOM_COLORLESS","is_prod":false,"is_daily":false,"chose_seed":false,"campfire_upgraded":1,"win_rate":0,"timestamp":1540345357,"path_taken":["M","M","?","?","M","R","E","?","T","E","M","M","R","?","R","BOSS","M","?","M","M","M","E","?","R","T","E","?","E"],"build_version":"2018-10-18","purchased_purges":0,"victory":false,"max_hp_per_floor":[75,75,75,75,75,75,75,75,75,75,75,75,75,75,75,75,75,75,75,75,75,75,75,75,75,75,75,75,75],"card_choices":[{"not_picked":["Steam","Double Energy"],"picked":"Barrage","floor":1.0},{"not_picked":["Leap","Gash"],"picked":"Self Repair","floor":2.0},{"not_picked":["Gash","Steam Power"],"picked":"Beam Cell","floor":5.0},{"not_picked":["Compile Driver","Doom and Gloom"],"picked":"Buffer","floor":7.0},{"not_picked":["Redo","Chaos"],"picked":"Ball Lightning","floor":10.0},{"not_picked":["Static Discharge","Conserve Battery"],"picked":"Buffer","floor":11.0},{"not_picked":["Chaos","Barrage"],"picked":"Heatsinks","floor":12.0},{"not_picked":["Amplify","Hyperbeam"],"picked":"Fission","floor":16.0},{"not_picked":["Stack","Melter+1"],"picked":"Coolheaded","floor":18.0},{"not_picked":["Redo+1","Chill"],"picked":"Darkness","floor":20.0},{"not_picked":["Sweeping Beam","Genetic Algorithm+1"],"picked":"Coolheaded","floor":21.0},{"not_picked":["Gash","Meteor Strike"],"picked":"Consume","floor":22.0},{"not_picked":["Beam Cell","Heatsinks"],"picked":"Tempest","floor":23.0},{"not_picked":["Beam Cell+1","Stack"],"picked":"Undo+1","floor":27.0}],"player_experience":650313,"relics_obtained":[{"floor":7.0,"key":"Happy Flower"},{"floor":9.0,"key":"DataDisk"},{"floor":10.0,"key":"MawBank"},{"floor":23.0,"key":"Kunai"},{"floor":26.0,"key":"Bronze Scales"},{"floor":27.0,"key":"Vajra"}],"event_choices":[{"damage_healed":0.0,"max_hp_gain":0.0,"max_hp_loss":0.0,"gold_gain":0.0,"event_name":"Shining Light","player_choice":"Entered Light","floor":3.0,"gold_loss":0.0,"damage_taken":15.0,"cards_upgraded":["Zap","Defend_B"]},{"damage_healed":18.0,"max_hp_gain":0.0,"max_hp_loss":0.0,"gold_gain":0.0,"event_name":"The Cleric","player_choice":"Healed","floor":4.0,"gold_loss":35.0,"damage_taken":0.0},{"cards_removed":["Strike_B"],"damage_healed":0.0,"max_hp_gain":0.0,"max_hp_loss":0.0,"gold_gain":0.0,"event_name":"Golden Wing","player_choice":"Card Removal","floor":14.0,"gold_loss":0.0,"damage_taken":7.0},{"damage_healed":0.0,"max_hp_gain":0.0,"max_hp_loss":0.0,"gold_gain":0.0,"cards_transformed":["Strike_B","Defend_B"],"event_name":"Drug Dealer","player_choice":"Became Test Subject","floor":19.0,"gold_loss":0.0,"damage_taken":0.0,"cards_obtained":["Streamline","Go for the Eyes"]},{"damage_healed":0.0,"max_hp_gain":0.0,"max_hp_loss":0.0,"gold_gain":0.0,"event_name":"Upgrade Shrine","player_choice":"Upgraded","floor":24.0,"gold_loss":0.0,"damage_taken":0.0,"cards_upgraded":["Buffer"]},{"damage_healed":0,"gold_gain":0,"player_choice":"Simplicity","damage_taken":0,"max_hp_gain":0,"max_hp_loss":0,"event_name":"Back to Basics","floor":28,"gold_loss":0,"cards_upgraded":["Strike_B","Strike_B","Defend_B","Defend_B"]}],"is_beta":false,"boss_relics":[{"not_picked":["Lizard Tail","White Beast Statue"],"picked":"Cursed Key"}],"items_purged_floors":[],"is_endless":false,"potions_floor_spawned":[1,5,10,16,22,23],"killed_by":"Book of Stabbing","ascension_level":10}