{"gold_per_floor":[115,130,32,43,143,173,185,214,253,265,290,313,380,392,404,515,527,556,585,612,624,648,660,703,339,339,195,195,220,238,253,253,356,356,370,145,163,163,181,210,229,229,254,285,296,121,135,150,150,150],"floor_reached":50,"playtime":4373,"items_purged":["Strike_R","Strike_R"],"score":716,"play_id":"a1615f2c-2521-440d-9bc6-0ffdd2cbe502","local_time":"20190211143258","is_ascension_mode":true,"campfire_choices":[{"data":"Whirlwind","floor":7.0,"key":"SMITH"},{"data":"Uppercut","floor":10.0,"key":"SMITH"},{"data":"Iron Wave","floor":15.0,"key":"SMITH"},{"floor":23.0,"key":"REST"},{"floor":32.0,"key":"REST"},{"floor":49,"key":"RECALL"}],"neow_cost":"NONE","seed_source_timestamp":214815874370299,"circlet_count":0,"master_deck":["Defend_R","Defend_R","Defend_R","Defend_R","Bash","Uppercut+1","Twin Strike","Wild Strike","Whirlwind+1","Shrug It Off+1","Iron Wave+1","Clash","Seeing Red","Iron Wave","Juggernaut","Metallicize","Disarm","Evolve","True Grit+1","Ghostly Armor","Second Wind+1","Fiend Fire+1","Reaper+1","Impervious+1","Offering+1","Anger+1","True Grit+1","Metallicize","Bludgeon+1","Rage+1","Feel No Pain+1","Spot Weakness+1","Shrug It Off","Burning Pact+1","Parasite"],"special_seed":0,"relics":["Burning Blood","MawBank","Bronze Scales","Tiny Chest","Singing Bowl","Fusion Hammer","Lantern","Vajra","Mummified Hand","War Paint","Molten Egg 2","Ice Cream","Astrolabe","Kunai","Blood Vial","PreservedInsect"],"potions_floor_usage":[44,45,50,50,50,50,50,50],"damage_taken":[{"damage":11.0,"enemies":"Jaw Worm","floor":1.0,"turns":4.0},{"damage":1.0,"enemies":"Cultist","floor":2.0,"turns":4.0},{"damage":7.0,"enemies":"2 Louse","floor":4.0,"turns":2.0},{"damage":28.0,"enemies":"Gremlin Nob","floor":6.0,"turns":4.0},{"damage":18.0,"enemies":"Exordium Thugs","floor":8.0,"turns":4.0},{"damage":10.0,"enemies":"Lots of Slimes","floor":11.0,"turns":2.0},{"damage":7.0,"enemies":"Exordium Wildlife","floor":12.0,"turns":3.0},{"damage":18.0,"enemies":"Lagavulin","floor":13.0,"turns":6.0},{"damage":34.0,"enemies":"The Guardian","floor":16.0,"turns":12.0},{"damage":0.0,"enemies":"3 Byrds","floor":18.0,"turns":4.0},{"damage":2.0,"enemies":"Chosen","floor":19.0,"turns":3.0},{"damage":30.0,"enemies":"Snecko","floor":20.0,"turns":5.0},{"damage":20.0,"enemies":"Snake Plant","floor":22.0,"turns":2.0},{"damage":9.0,"enemies":"Gremlin Leader","floor":24.0,"turns":7.0},{"damage":28.0,"enemies":"Slavers","floor":29.0,"turns":4.0},{"damage":6.0,"enemies":"Centurion and Healer","floor":30.0,"turns":4.0},{"damage":0.0,"enemies":"Cultist and Chosen","floor":31.0,"turns":4.0},{"damage":77.0,"enemies":"Automaton","floor":33.0,"turns":11.0},{"damage":4.0,"enemies":"3 Shapes","floor":35.0,"turns":3.0},{"damage":6.0,"enemies":"Orb Walker","floor":37.0,"turns":4.0},{"damage":27.0,"enemies":"3 Darklings","floor":39.0,"turns":3.0},{"damage":6.0,"enemies":"Giant Head","floor":40.0,"turns":8.0},{"damage":34.0,"enemies":"Writhing Mass","floor":41.0,"turns":7.0},{"damage":36,"enemies":"Reptomancer","floor":44,"turns":8},{"damage":36,"enemies":"Sphere and 2 Shapes","floor":45,"turns":5},{"damage":5,"enemies":"4 Shapes","floor":47,"turns":5},{"damage":12,"enemies":"Writhing Mass","floor":48,"turns":6},{"damage":84,"enemies":"Donu and Deca","floor":50,"turns":10}],"seed_played":"-1601568081150012331","potions_obtained":[{"floor":1.0,"key":"LiquidBronze"},{"floor":2.0,"key":"Swift Potion"},{"floor":16.0,"key":"Explosive Potion"},{"floor":20.0,"key":"PowerPotion"},{"floor":24.0,"key":"Regen Potion"},{"floor":40.0,"key":"EntropicBrew"},{"floor":47,"key":"Poison Potion"},{"floor":48,"key":"Explosive Potion"}],"is_trial":false,"path_per_floor":["M","M","$","M","?","E","R","M","T","R","M","M","E","T","R","B",null,"M","M","M","?","M","R","E","$","T","$","T","E","M","M","R","B",null,"M","$","M","?","M","E","M","?","T","E","M","$","M","M","R","B"],"character_chosen":"IRONCLAD","items_purchased":["Wild Strike","Vajra","True Grit","Ghostly Armor","War Paint","Metallicize","Bludgeon+1","Shrug It Off","PreservedInsect"],"campfire_rested":2,"item_purchase_floors":[3,25,25,25,27,36,36,46,46],"current_hp_per_floor":[83,88,88,87,87,65,65,53,53,53,49,48,36,36,36,8,88,88,90,66,66,52,79,78,78,78,78,78,56,58,64,92,21,94,94,94,96,91,76,91,71,71,71,59,45,45,48,56,56,0],"gold":150,"neow_bonus":"TEN_PERCENT_HP_BONUS","is_prod":false,"is_daily":false,"chose_seed":false,"campfire_upgraded":3,"win_rate":0,"timestamp":1549891978,"path_taken":["M","M","$","M","?","E","R","?","T","R","M","M","E","?","R","BOSS","M","M","M","?","M","R","E","$","T","$","?","E","M","M","R","BOSS","M","$","?","?","M","E","M","?","T","E","M","?","?","M","R","BOSS"],"build_version":"2019-01-23","purchased_purges":2,"victory":false,"max_hp_per_floor":[88,88,88,88,88,88,88,88,88,88,88,88,88,88,88,88,88,88,90,90,90,90,90,92,92,92,92,92,92,94,94,94,94,94,94,94,96,91,91,91,93,93,93,93,95,95,95,97,97,97],"card_choices":[{"not_picked":["Metallicize","Rage"],"picked":"Uppercut","floor":1.0},{"not_picked":["Flex","Clothesline"],"picked":"Twin Strike","floor":2.0},{"not_picked":["Combust","Headbutt"],"picked":"Whirlwind","floor":4.0},{"not_picked":["Body Slam","Clash"],"picked":"Shrug It Off","floor":6.0},{"not_picked":["Searing Blow","Wild Strike"],"picked":"Iron Wave","floor":8.0},{"not_picked":["Wild Strike","Clothesline"],"picked":"Clash","floor":11.0},{"not_picked":["Sword Boomerang","Cleave"],"picked":"Seeing Red","floor":12.0},{"not_picked":["Sword Boomerang","Cleave"],"picked":"Iron Wave","floor":13.0},{"not_picked":["Fiend Fire","Feed"],"picked":"Juggernaut","floor":16.0},{"not_picked":["Hemokinesis","Clothesline+1"],"picked":"Metallicize","floor":18.0},{"not_picked":["Warcry","Flex","Wild Strike+1"],"picked":"Singing Bowl","floor":19.0},{"not_picked":["Warcry","Clothesline+1"],"picked":"Disarm","floor":20.0},{"not_picked":["Uppercut","Whirlwind"],"picked":"Evolve","floor":22.0},{"not_picked":["Pommel Strike+1","Dropkick+1","Iron Wave+1"],"picked":"Singing Bowl","floor":24.0},{"not_picked":["True Grit","Battle Trance"],"picked":"Second Wind+1","floor":29.0},{"not_picked":["Warcry","True Grit","Clash+1"],"picked":"Singing Bowl","floor":30.0},{"not_picked":["Evolve","Cleave+1"],"picked":"Fiend Fire+1","floor":31.0},{"not_picked":["Bludgeon+1","Fiend Fire+1"],"picked":"Reaper+1","floor":33.0},{"not_picked":["Uppercut+1","Twin Strike+1"],"picked":"True Grit+1","floor":35.0},{"not_picked":["Havoc","Clash+1","Wild Strike+1"],"picked":"Singing Bowl","floor":37.0},{"not_picked":["Anger+1","Heavy Blade+1"],"picked":"Rage+1","floor":39.0},{"not_picked":["Dropkick+1","Headbutt+1"],"picked":"Feel No Pain+1","floor":40.0},{"not_picked":["Headbutt+1","Sword Boomerang+1","Flex"],"picked":"Singing Bowl","floor":41.0},{"not_picked":["Anger+1","Shrug It Off"],"picked":"Spot Weakness+1","floor":44},{"not_picked":["Fire Breathing+1","Immolate+1","Anger+1"],"picked":"Singing Bowl","floor":45},{"not_picked":["Shrug It Off","Bloodletting+1"],"picked":"Burning Pact+1","floor":47},{"not_picked":["Clothesline+1","Dropkick+1","Sword Boomerang+1"],"picked":"Singing Bowl","floor":48}],"player_experience":332519,"relics_obtained":[{"floor":6.0,"key":"MawBank"},{"floor":9.0,"key":"Bronze Scales"},{"floor":13.0,"key":"Tiny Chest"},{"floor":14.0,"key":"Singing Bowl"},{"floor":24.0,"key":"Lantern"},{"floor":26.0,"key":"Mummified Hand"},{"floor":28.0,"key":"Molten Egg 2"},{"floor":29.0,"key":"Ice Cream"},{"floor":40.0,"key":"Kunai"},{"floor":44,"key":"Blood Vial"}],"event_choices":[{"damage_healed":0.0,"max_hp_gain":0.0,"max_hp_loss":0.0,"gold_gain":100.0,"event_name":"Golden Shrine","player_choice":"Pray","floor":5.0,"gold_loss":0.0,"damage_taken":0.0},{"damage_healed":0.0,"max_hp_gain":0.0,"max_hp_loss":0.0,"gold_gain":0.0,"cards_transformed":["Strike_R","Strike_R"],"event_name":"Drug Dealer","player_choice":"Became Test Subject","floor":21.0,"gold_loss":0.0,"damage_taken":0.0,"cards_obtained":["Perfected Strike","Fire Breathing"]},{"damage_healed":0.0,"max_hp_gain":0.0,"max_hp_loss":5.0,"gold_gain":0.0,"event_name":"Winding Halls","player_choice":"Max HP","floor":38.0,"gold_loss":0.0,"damage_taken":0.0},{"damage_healed":0.0,"max_hp_gain":0.0,"max_hp_loss":0.0,"gold_gain":0.0,"event_name":"Tomb of Lord Red Mask","player_choice":"Ignored","floor":42.0,"gold_loss":0.0,"damage_taken":0.0}],"is_beta":false,"boss_relics":[{"not_picked":["Lizard Tail","Calling Bell"],"picked":"Fusion Hammer"},{"not_picked":["Runic Cube","White Beast Statue"],"picked":"Astrolabe"}],"items_purged_floors":[3,25],"is_endless":false,"potions_floor_spawned":[1,2,16,20,24,29,33,35,40,41,47,48],"killed_by":"Donu and Deca","ascension_level":2}