{"gold_per_floor":[146,164,16,16,16,16,29,57,83,125,149,161,173,203,215,322,334,360,372,408,41,41,41,76,76,76,86,112,112,124,175,175,175],"floor_reached":33,"playtime":1690,"items_purged":[],"score":393,"play_id":"817e1952-7f7e-4a66-a424-f3be0e559a36","local_time":"20190202213916","is_ascension_mode":true,"campfire_choices":[{"data":"Rip and Tear","floor":6,"key":"SMITH"},{"data":"Sunder","floor":13,"key":"SMITH"},{"data":"Glacier","floor":15,"key":"SMITH"},{"data":"Buffer","floor":23,"key":"SMITH"},{"floor":25,"key":"REST"},{"floor":29,"key":"REST"},{"floor":32,"key":"REST"}],"neow_cost":"NONE","seed_source_timestamp":1390729717662385,"circlet_count":0,"master_deck":["Strike_B","Strike_B","Strike_B","Strike_B","Defend_B+1","Defend_B","Defend_B","Defend_B+1","Zap+1","Dualcast","Rip and Tear+1","Sunder+1","Glacier+1","Biased Cognition","Go for the Eyes","Buffer+1","Conserve Battery","Ball Lightning","Zap+1","Loop","Sweeping Beam+1","Loop","Self Repair+1","Coolheaded"],"relics":["Cracked Core","Tiny Chest","Ancient Tea Set","Dream Catcher","MawBank","Omamori","Dead Branch","Velvet Choker","War Paint","DollysMirror","Orichalcum","Turnip","Bottled Flame","Smiling Mask","DataDisk"],"potions_floor_usage":[10,11,11,33],"damage_taken":[{"damage":7,"enemies":"Small Slimes","floor":1,"turns":3},{"damage":2,"enemies":"2 Louse","floor":2,"turns":2},{"damage":0,"enemies":"Jaw Worm","floor":7,"turns":1},{"damage":16,"enemies":"Gremlin Nob","floor":8,"turns":3},{"damage":12,"enemies":"Lagavulin","floor":10,"turns":8},{"damage":0,"enemies":"Large Slime","floor":11,"turns":4},{"damage":0,"enemies":"Looter","floor":14,"turns":1},{"damage":23,"enemies":"The Guardian","floor":16,"turns":14},{"damage":1,"enemies":"Chosen","floor":18,"turns":5},{"damage":27,"enemies":"Colosseum Slavers","floor":22,"turns":4},{"damage":10,"enemies":"Book of Stabbing","floor":24,"turns":4},{"damage":0,"enemies":"3 Byrds","floor":27,"turns":4},{"damage":36,"enemies":"Slavers","floor":28,"turns":5},{"damage":12,"enemies":"Snake Plant","floor":30,"turns":3},{"damage":57,"enemies":"Automaton","floor":33,"turns":12}],"seed_played":"1485253786901746891","potions_obtained":[{"floor":1,"key":"SpeedPotion"},{"floor":2,"key":"SpeedPotion"},{"floor":8,"key":"GamblersBrew"},{"floor":10,"key":"AttackPotion"},{"floor":30,"key":"Ancient Potion"}],"is_trial":false,"path_per_floor":["M","M","$","?","?","R","M","E","T","E","M","T","R","M","R","B",null,"M","?","T","$","?","R","E","R","T","M","E","R","M","T","R","B"],"character_chosen":"DEFECT","items_purchased":["Ancient Tea Set","DollysMirror","Orichalcum","Loop"],"campfire_rested":3,"item_purchase_floors":[3,21,21,21],"current_hp_per_floor":[61,59,59,59,59,59,59,43,43,31,31,31,31,31,31,8,58,57,57,57,57,30,30,20,42,42,42,6,28,26,26,48,0],"gold":175,"neow_bonus":"RANDOM_COMMON_RELIC","is_prod":false,"is_daily":false,"chose_seed":false,"campfire_upgraded":4,"win_rate":0,"timestamp":1549172356,"path_taken":["M","M","$","?","?","R","M","E","T","E","M","?","R","M","R","BOSS","M","?","?","$","?","R","E","R","T","M","E","R","M","?","R","BOSS"],"build_version":"2019-01-23","purchased_purges":0,"victory":false,"max_hp_per_floor":[75,75,75,75,75,75,75,75,75,75,75,75,75,75,75,75,75,75,75,75,75,75,75,75,75,75,75,75,75,75,75,75,75],"card_choices":[{"not_picked":["Capacitor","Hello World","Undo"],"picked":"SKIP","floor":1},{"not_picked":["Coolheaded","Leap"],"picked":"Rip and Tear","floor":2},{"not_picked":["Beam Cell","Scrape"],"picked":"Sunder","floor":7},{"not_picked":["Streamline","Turbo"],"picked":"Glacier","floor":8},{"not_picked":["Consume","Double Energy"],"picked":"Biased Cognition","floor":10},{"not_picked":["Cold Snap","Hologram"],"picked":"Go for the Eyes","floor":11},{"not_picked":["Barrage","BootSequence","Go for the Eyes"],"picked":"SKIP","floor":14},{"not_picked":["Creative AI","Multi-Cast"],"picked":"Buffer","floor":16},{"not_picked":["Undo+1","Lockon"],"picked":"Conserve Battery","floor":18},{"not_picked":["Ball Lightning+1","Heatsinks","Beam Cell"],"picked":"SKIP","floor":24},{"not_picked":["Rebound","Heatsinks"],"picked":"Sweeping Beam+1","floor":25},{"not_picked":["Chill","Glacier","Auto Shields"],"picked":"SKIP","floor":27},{"not_picked":["Streamline+1","Multi-Cast"],"picked":"Loop","floor":28},{"not_picked":["Compile Driver+1","Reinforced Body"],"picked":"Self Repair+1","floor":29},{"not_picked":["Hello World+1","Chill+1"],"picked":"Coolheaded","floor":30}],"player_experience":306149,"relics_obtained":[{"floor":8,"key":"Dream Catcher"},{"floor":9,"key":"MawBank"},{"floor":10,"key":"Omamori"},{"floor":12,"key":"Dead Branch"},{"floor":20,"key":"War Paint"},{"floor":24,"key":"Turnip"},{"floor":26,"key":"Bottled Flame"},{"floor":28,"key":"Smiling Mask"},{"floor":31,"key":"DataDisk"}],"event_choices":[{"damage_healed":0,"gold_gain":0,"player_choice":"Grow","damage_taken":0,"max_hp_gain":0,"max_hp_loss":0,"event_name":"Living Wall","floor":4,"gold_loss":0,"cards_upgraded":["Zap"]},{"damage_healed":0,"gold_gain":0,"player_choice":"Ignored","damage_taken":0,"max_hp_gain":0,"max_hp_loss":0,"event_name":"Shining Light","floor":5,"gold_loss":0},{"damage_healed":0,"gold_gain":0,"player_choice":"Read","damage_taken":0,"max_hp_gain":0,"max_hp_loss":0,"event_name":"The Library","floor":19,"gold_loss":0,"cards_obtained":["Ball Lightning"]},{"damage_healed":0,"gold_gain":0,"player_choice":"Fight","damage_taken":0,"max_hp_gain":0,"max_hp_loss":0,"event_name":"Colosseum","floor":22,"gold_loss":0},{"damage_healed":0,"gold_gain":0,"player_choice":"Fled From Nobs","damage_taken":0,"max_hp_gain":0,"max_hp_loss":0,"event_name":"Colosseum","floor":22,"gold_loss":0}],"is_beta":false,"boss_relics":[{"not_picked":["Pandora\u0027s Box","Nuclear Battery"],"picked":"Velvet Choker"}],"items_purged_floors":[],"is_endless":false,"potions_floor_spawned":[1,2,8,10,22,30],"killed_by":"Automaton","ascension_level":7}