{"gold_per_floor":[114,134,134,68,87,121,136,170,170,184,184,219,219,297,297,402,402,420,141,155,155,169,204,204,217,297,297,315,315,365,390,390,390],"floor_reached":33,"playtime":3593,"items_purged":["Defend_B"],"score":427,"play_id":"0c4f2d35-a4d8-4b4e-afbb-628bfcb5f73c","local_time":"20181011141209","is_ascension_mode":true,"campfire_choices":[{"floor":11.0,"key":"REST"},{"floor":13,"key":"REST"},{"floor":15,"key":"REST"},{"floor":24,"key":"REST"},{"floor":27,"key":"REST"},{"floor":32,"key":"REST"}],"neow_cost":"NONE","seed_source_timestamp":0,"circlet_count":0,"master_deck":["Strike_B","Strike_B","Strike_B","Defend_B","Defend_B","Defend_B","Zap","Dualcast","FTL","Loop+1","Go for the Eyes","Undo","Streamline","Stack","Biased Cognition","Reinforced Body","Fission","Coolheaded","Leap","Storm","Reboot","Ball Lightning"],"special_seed":0,"relics":["Cracked Core","Art of War","Omamori","Bird Faced Urn","Matryoshka","Ancient Tea Set","Busted Crown","Regal Pillow","Peace Pipe","Potion Belt","The Courier","Bronze Scales","Boot"],"potions_floor_usage":[22,23,33,33,33],"damage_taken":[{"damage":7.0,"enemies":"Small Slimes","floor":1.0,"turns":3.0},{"damage":0.0,"enemies":"Cultist","floor":2.0,"turns":3.0},{"damage":0.0,"enemies":"2 Louse","floor":5.0,"turns":3.0},{"damage":19.0,"enemies":"Gremlin Nob","floor":6.0,"turns":4.0},{"damage":2.0,"enemies":"Large Slime","floor":7.0,"turns":5.0},{"damage":23.0,"enemies":"Lagavulin","floor":8.0,"turns":7.0},{"damage":4.0,"enemies":"Red Slaver","floor":10.0,"turns":4.0},{"damage":44,"enemies":"3 Sentries","floor":12,"turns":6},{"damage":33,"enemies":"The Guardian","floor":16,"turns":12},{"damage":37,"enemies":"3 Byrds","floor":18,"turns":6},{"damage":5,"enemies":"Chosen","floor":20,"turns":7},{"damage":7,"enemies":"3 Cultists","floor":22,"turns":5},{"damage":19,"enemies":"Slavers","floor":23,"turns":5},{"damage":27,"enemies":"Centurion and Healer","floor":25,"turns":5},{"damage":17,"enemies":"Snake Plant","floor":28,"turns":5},{"damage":29,"enemies":"Book of Stabbing","floor":31,"turns":6},{"damage":92,"enemies":"Champ","floor":33,"turns":15}],"seed_played":"2279995546883428579","potions_obtained":[{"floor":1.0,"key":"Ancient Potion"},{"floor":2.0,"key":"Block Potion"},{"floor":6.0,"key":"FairyPotion"},{"floor":8.0,"key":"SpeedPotion"},{"floor":10.0,"key":"FocusPotion"},{"floor":20,"key":"Explosive Potion"},{"floor":23,"key":"Explosive Potion"},{"floor":31,"key":"Fire Potion"}],"is_trial":false,"path_per_floor":["M","M","?","?","M","E","M","E","T","M","R","E","R","?","R","B",null,"M","$","M","?","M","E","R","M","T","R","M","?","?","E","R"],"character_chosen":"DEFECT","items_purchased":["Leap","Regal Pillow"],"campfire_rested":6,"item_purchase_floors":[19,19],"current_hp_per_floor":[61,61,61,61,61,42,40,17,17,15,37,7,29,29,51,22,62,29,29,28,28,27,14,51,30,30,67,56,56,56,33,70,0],"gold":390,"neow_bonus":"REMOVE_CARD","is_prod":false,"is_daily":false,"chose_seed":false,"campfire_upgraded":0,"win_rate":0,"timestamp":1539281529,"path_taken":["M","M","?","?","M","E","M","E","T","M","R","E","R","?","R","BOSS","M","$","M","?","M","E","R","M","T","R","M","?","?","E","R","BOSS"],"build_version":"2018-10-04v2","purchased_purges":1,"victory":false,"max_hp_per_floor":[75,75,75,75,75,75,75,75,75,75,75,75,75,75,75,75,75,75,75,75,75,75,75,75,75,75,75,75,75,75,75,75,75],"card_choices":[{"not_picked":["Auto Shields","Steam"],"picked":"FTL","floor":1.0},{"not_picked":["Gash","Force Field"],"picked":"Loop","floor":2.0},{"not_picked":["Cold Snap","Gash"],"picked":"Go for the Eyes","floor":5.0},{"not_picked":["Consume","Barrage"],"picked":"Undo","floor":6.0},{"not_picked":["Barrage","Hologram"],"picked":"Streamline","floor":7.0},{"not_picked":["Turbo","Compile Driver"],"picked":"Stack","floor":8.0},{"not_picked":["Chill","Cold Snap"],"picked":"Biased Cognition","floor":10.0},{"not_picked":["Gash","Ball Lightning"],"picked":"Reinforced Body","floor":12},{"not_picked":["Rainbow","Core Surge"],"picked":"Fission","floor":16},{"not_picked":[],"picked":"Coolheaded","floor":18},{"not_picked":[],"picked":"Storm","floor":20},{"not_picked":["Steam"],"picked":"SKIP","floor":22},{"not_picked":[],"picked":"Reboot","floor":23},{"not_picked":[],"picked":"Ball Lightning","floor":25},{"not_picked":["Reprogram"],"picked":"SKIP","floor":28},{"not_picked":["Hello World"],"picked":"SKIP","floor":31}],"player_experience":581951,"relics_obtained":[{"floor":6.0,"key":"Omamori"},{"floor":8.0,"key":"Bird Faced Urn"},{"floor":9.0,"key":"Matryoshka"},{"floor":12,"key":"Ancient Tea Set"},{"floor":23,"key":"Peace Pipe"},{"floor":26,"key":"Potion Belt"},{"floor":26,"key":"The Courier"},{"floor":31,"key":"Boot"}],"event_choices":[{"event_name":"Upgrade Shrine","player_choice":"Upgraded","floor":3.0,"damage_taken":0.0},{"event_name":"WeMeetAgain","player_choice":"Gold","floor":4.0,"damage_taken":0.0},{"event_name":"Golden Wing","player_choice":"Gained Gold","floor":14,"damage_taken":0},{"event_name":"Cursed Tome","player_choice":"Ignored","floor":21,"damage_taken":0},{"event_name":"The Mausoleum","player_choice":"Yes","floor":29,"damage_taken":0},{"event_name":"The Joust","player_choice":"Bet on Murderer","floor":30,"damage_taken":0}],"is_beta":false,"boss_relics":[{"not_picked":["Velvet Choker","Runic Pyramid"],"picked":"Busted Crown"}],"items_purged_floors":[19],"is_endless":false,"potions_floor_spawned":[1,2,6,8,10,20,23,31],"killed_by":"Champ","ascension_level":8}