{"gold_per_floor":[113,125,142,162,180,205,205,219,219,219,219,247,266,286,286,358,358,378,378,22,22,37,37,63,63,63,63,76,92,92,109,109,109],"floor_reached":33,"playtime":3102,"items_purged":["Heavy Blade"],"score":526,"play_id":"3cbbb89c-143c-407b-9dd9-9bc6d51c0b5f","local_time":"20190202043908","is_ascension_mode":true,"campfire_choices":[{"floor":7.0,"key":"REST"},{"floor":11.0,"key":"REST"},{"floor":15.0,"key":"REST"},{"data":"True Grit","floor":23.0,"key":"SMITH"},{"floor":25.0,"key":"REST"},{"data":"True Grit","floor":27.0,"key":"SMITH"},{"floor":30.0,"key":"REST"},{"floor":32,"key":"REST"}],"neow_cost":"NONE","seed_source_timestamp":0,"circlet_count":0,"master_deck":["AscendersBane","Strike_R+1","Strike_R+1","Strike_R+1","Strike_R+1","Defend_R+1","Defend_R+1","Defend_R+1","Defend_R+1","Bash","Disarm","Sword Boomerang","Shrug It Off","Offering","Flame Barrier+1","Second Wind","Anger","True Grit+1","Pummel","Immolate","Seeing Red","True Grit+1","Feed","Anger","Pommel Strike"],"special_seed":0,"relics":["Burning Blood","Charon\u0027s Ashes","Oddly Smooth Stone","Odd Mushroom","Runic Dome","Frozen Egg 2","Gremlin Horn","Pear"],"potions_floor_usage":[33],"damage_taken":[{"damage":5.0,"enemies":"2 Louse","floor":1.0,"turns":4.0},{"damage":4.0,"enemies":"Jaw Worm","floor":2.0,"turns":4.0},{"damage":4.0,"enemies":"Cultist","floor":3.0,"turns":4.0},{"damage":22.0,"enemies":"2 Fungi Beasts","floor":4.0,"turns":5.0},{"damage":24.0,"enemies":"Looter","floor":5.0,"turns":4.0},{"damage":42.0,"enemies":"Lagavulin","floor":6.0,"turns":7.0},{"damage":20.0,"enemies":"Gremlin Gang","floor":8.0,"turns":4.0},{"damage":6.0,"enemies":"The Mushroom Lair","floor":12.0,"turns":3.0},{"damage":13.0,"enemies":"Exordium Wildlife","floor":13.0,"turns":4.0},{"damage":18.0,"enemies":"Large Slime","floor":14.0,"turns":6.0},{"damage":32.0,"enemies":"Hexaghost","floor":16.0,"turns":13.0},{"damage":6.0,"enemies":"Spheric Guardian","floor":18.0,"turns":1.0},{"damage":8.0,"enemies":"2 Thieves","floor":22.0,"turns":2.0},{"damage":43.0,"enemies":"Slavers","floor":24.0,"turns":5.0},{"damage":28.0,"enemies":"Sentry and Sphere","floor":28.0,"turns":6.0},{"damage":9.0,"enemies":"3 Cultists","floor":29.0,"turns":3.0},{"damage":51,"enemies":"Cultist and Chosen","floor":31,"turns":6},{"damage":66,"enemies":"Champ","floor":33,"turns":15}],"seed_played":"-6689095253641373847","potions_obtained":[{"floor":3.0,"key":"SmokeBomb"},{"floor":6.0,"key":"Swift Potion"},{"floor":12.0,"key":"LiquidBronze"},{"floor":16.0,"key":"Fire Potion"},{"floor":28.0,"key":"Fire Potion"},{"floor":29.0,"key":"BloodPotion"},{"floor":31,"key":"Fire Potion"}],"is_trial":false,"path_per_floor":["M","M","M","M","M","E","R","M","T","?","R","?","M","M","R","B",null,"M","?","$","?","M","R","E","R","T","R","M","M","R","M","R","B"],"character_chosen":"IRONCLAD","items_purchased":["Frozen Egg 2"],"campfire_rested":6,"item_purchase_floors":[20],"current_hp_per_floor":[76,78,80,64,46,10,34,20,20,20,44,44,37,25,49,23,67,67,67,67,67,65,65,28,52,62,62,40,40,68,26,55,0],"gold":109,"neow_bonus":"TEN_PERCENT_HP_BONUS","is_prod":false,"is_daily":false,"chose_seed":false,"campfire_upgraded":2,"win_rate":0,"timestamp":1549100348,"path_taken":["M","M","M","M","M","E","R","M","T","?","R","?","M","M","R","BOSS","M","?","$","?","M","R","E","R","T","R","M","M","R","M","R","BOSS"],"build_version":"2019-01-23","purchased_purges":1,"victory":false,"max_hp_per_floor":[82,82,82,82,82,82,82,82,82,82,82,82,82,82,82,82,82,82,82,82,82,82,82,82,82,92,92,92,95,95,98,98,98],"card_choices":[{"not_picked":["Sword Boomerang","Sentinel"],"picked":"Heavy Blade","floor":1.0},{"not_picked":["Cleave","Heavy Blade"],"picked":"Disarm","floor":2.0},{"not_picked":["Havoc","Thunderclap"],"picked":"Sword Boomerang","floor":3.0},{"not_picked":["Havoc","Seeing Red"],"picked":"Shrug It Off","floor":4.0},{"not_picked":["Thunderclap","Perfected Strike"],"picked":"Offering","floor":5.0},{"not_picked":["Burning Pact","Spot Weakness"],"picked":"Flame Barrier","floor":6.0},{"not_picked":["Perfected Strike","Bloodletting"],"picked":"Second Wind","floor":8.0},{"not_picked":["Perfected Strike","Infernal Blade"],"picked":"Anger","floor":12.0},{"not_picked":["Disarm","Dropkick"],"picked":"True Grit","floor":13.0},{"not_picked":["True Grit","Clash"],"picked":"Pummel","floor":14.0},{"not_picked":["Berserk","Brutality"],"picked":"Immolate","floor":16.0},{"not_picked":["Headbutt","Thunderclap+1","Wild Strike"],"picked":"SKIP","floor":18.0},{"not_picked":["Sever Soul","Anger"],"picked":"Seeing Red","floor":22.0},{"not_picked":["Twin Strike","Wild Strike"],"picked":"True Grit","floor":24.0},{"not_picked":["Warcry","Body Slam"],"picked":"Feed","floor":28.0},{"not_picked":["Twin Strike","Clash"],"picked":"Anger","floor":29.0},{"not_picked":["Thunderclap","Havoc"],"picked":"Pommel Strike","floor":31}],"player_experience":970959,"relics_obtained":[{"floor":6.0,"key":"Charon\u0027s Ashes"},{"floor":9.0,"key":"Oddly Smooth Stone"},{"floor":12.0,"key":"Odd Mushroom"},{"floor":24.0,"key":"Gremlin Horn"},{"floor":26.0,"key":"Pear"}],"event_choices":[{"damage_healed":0.0,"max_hp_gain":0.0,"max_hp_loss":0.0,"gold_gain":0.0,"event_name":"Living Wall","player_choice":"Grow","floor":10.0,"gold_loss":0.0,"damage_taken":0.0,"cards_upgraded":["Flame Barrier"]},{"damage_healed":0.0,"max_hp_gain":0.0,"max_hp_loss":0.0,"gold_gain":0.0,"event_name":"Mushrooms","player_choice":"Fought Mushrooms","floor":12.0,"gold_loss":0.0,"damage_taken":0.0},{"damage_healed":0.0,"max_hp_gain":0.0,"max_hp_loss":0.0,"gold_gain":0.0,"event_name":"Back to Basics","player_choice":"Simplicity","floor":19.0,"gold_loss":0.0,"damage_taken":0.0,"cards_upgraded":["Strike_R","Strike_R","Strike_R","Strike_R","Strike_R","Defend_R","Defend_R","Defend_R","Defend_R"]},{"cards_removed":["Strike_R"],"damage_healed":0.0,"max_hp_gain":0.0,"max_hp_loss":0.0,"gold_gain":0.0,"event_name":"Purifier","player_choice":"Purged","floor":21.0,"gold_loss":0.0,"damage_taken":0.0}],"is_beta":false,"boss_relics":[{"not_picked":["White Beast Statue","Pandora\u0027s Box"],"picked":"Runic Dome"}],"items_purged_floors":[20],"is_endless":false,"potions_floor_spawned":[3,6,12,13,16,28,29,31],"killed_by":"Champ","ascension_level":17}