{"gold_per_floor":[112,112,132,144,158,187,187,198,244,259,226,244,244,254,254,352,382,393,393,492,65,78,78,111,111,137,137],"floor_reached":27,"playtime":3853,"items_purged":[],"score":235,"play_id":"383737d2-20f5-49bc-8454-328015a67d83","local_time":"20180707022508","is_ascension_mode":false,"campfire_choices":[{"floor":7,"key":"REST"},{"floor":13,"key":"REST"},{"floor":15,"key":"REST"},{"floor":23,"key":"REST"},{"floor":25,"key":"REST"}],"neow_cost":"","seed_source_timestamp":2095559149186000,"circlet_count":0,"master_deck":["Defend_G","Defend_G","Defend_G+1","Defend_G","Defend_G","Strike_G","Strike_G","Strike_G","Strike_G","Strike_G","Survivor","Neutralize","Deadly Poison","Flying Knee","Deadly Poison","Outmaneuver","Bullet Time","Dagger Spray+1","Dash+1","Masterful Stab+1","Slice+1","A Thousand Cuts","Poisoned Stab+1","Finisher+1","Purity","Crippling Poison","Well Laid Plans","Dagger Spray+1","Endless Agony+1"],"relics":["Ring of the Snake","Molten Egg 2","Lantern","Tiny House","Incense Burner","Mummified Hand","Anchor"],"potions_floor_usage":[],"damage_taken":[{"damage":1,"enemies":"Cultist","floor":1,"turns":5},{"damage":0,"enemies":"2 Louse","floor":3,"turns":3},{"damage":3,"enemies":"Jaw Worm","floor":4,"turns":3},{"damage":17,"enemies":"Exordium Thugs","floor":5,"turns":4},{"damage":30,"enemies":"Lagavulin","floor":6,"turns":6},{"damage":3,"enemies":"3 Louse","floor":8,"turns":3},{"damage":0,"enemies":"2 Fungi Beasts","floor":10,"turns":2},{"damage":5,"enemies":"Looter","floor":12,"turns":2},{"damage":9,"enemies":"Exordium Thugs","floor":14,"turns":5},{"damage":35,"enemies":"Slime Boss","floor":16,"turns":12},{"damage":22,"enemies":"Spheric Guardian","floor":18,"turns":6},{"damage":7,"enemies":"2 Thieves","floor":22,"turns":4},{"damage":42,"enemies":"Book of Stabbing","floor":24,"turns":6},{"damage":34,"enemies":"Centurion and Healer","floor":27,"turns":6}],"seed_played":"849718374125937390","potions_obtained":[{"floor":5,"key":"Poison Potion"},{"floor":6,"key":"Weak Potion"},{"floor":12,"key":"Weak Potion"},{"floor":14,"key":"SpeedPotion"},{"floor":17,"key":"SteroidPotion"}],"is_trial":false,"path_per_floor":["M","?","M","M","M","E","R","M","T","M","?","M","R","M","R","B",null,"M","?","?","$","M","R","E","R","T"],"character_chosen":"THE_SILENT","items_purchased":["Crippling Poison","Incense Burner","Well Laid Plans"],"campfire_rested":5,"item_purchase_floors":[21,21,21],"current_hp_per_floor":[69,69,69,66,49,19,40,37,37,37,37,32,53,44,65,30,75,53,39,39,39,32,54,12,34,34,0],"gold":137,"neow_bonus":"","is_prod":false,"is_daily":false,"chose_seed":false,"campfire_upgraded":0,"win_rate":0.0,"timestamp":1530944708,"path_taken":["M","?","M","M","M","E","R","M","T","M","?","M","R","M","R","BOSS","M","?","?","$","M","R","E","R","T","?"],"build_version":"2018-07-05","purchased_purges":0,"victory":false,"max_hp_per_floor":[70,70,70,70,70,70,70,70,70,70,70,70,70,70,70,70,75,75,75,75,75,75,75,75,75,75,75],"card_choices":[{"not_picked":["Sucker Punch","PiercingWail"],"picked":"Deadly Poison","floor":1},{"not_picked":["Backflip","Eviscerate"],"picked":"Flying Knee","floor":3},{"not_picked":["Eviscerate","PiercingWail"],"picked":"Deadly Poison","floor":4},{"not_picked":["PiercingWail","Riddle With Holes"],"picked":"Outmaneuver","floor":5},{"not_picked":["Outmaneuver","Slice"],"picked":"Bullet Time","floor":6},{"not_picked":["Deflect","Malaise"],"picked":"Dagger Spray+1","floor":8},{"not_picked":["Underhanded Strike+1","All Out Attack+1"],"picked":"Dash+1","floor":10},{"not_picked":["Calculated Gamble","Sucker Punch+1"],"picked":"Masterful Stab+1","floor":12},{"not_picked":["Dagger Spray+1","Underhanded Strike+1"],"picked":"Slice+1","floor":14},{"not_picked":["After Image","Phantasmal Killer"],"picked":"A Thousand Cuts","floor":16},{"not_picked":["Slice+1","Underhanded Strike+1"],"picked":"Poisoned Stab+1","floor":17},{"not_picked":["Footwork","Deflect"],"picked":"Finisher+1","floor":18},{"not_picked":["Masterful Stab+1","Flying Knee+1"],"picked":"Dagger Spray+1","floor":22},{"not_picked":["Blur","Outmaneuver"],"picked":"Endless Agony+1","floor":24}],"player_experience":6920,"relics_obtained":[{"floor":6,"key":"Molten Egg 2"},{"floor":9,"key":"Lantern"},{"floor":24,"key":"Mummified Hand"},{"floor":26,"key":"Anchor"}],"event_choices":[{"event_name":"Golden Wing","player_choice":"Ignored","floor":2,"damage_taken":0},{"event_name":"World of Goop","player_choice":"Left","floor":11,"damage_taken":0},{"event_name":"Knowing Skull","player_choice":"CARD ","floor":19,"damage_taken":0},{"event_name":"Nest","player_choice":"Stole From Cult","floor":20,"damage_taken":0}],"boss_relics":[{"not_picked":["White Beast Statue","Cursed Key"],"picked":"Tiny House"}],"items_purged_floors":[],"is_endless":false,"potions_floor_spawned":[5,6,12,14],"killed_by":"Centurion and Healer","ascension_level":0}