{"gold_per_floor":[118,130,140,151,161,161,161,190,237,237,293,307,307,339,339,439,439,457,557,570,582,582],"floor_reached":22,"playtime":1008,"items_purged":[],"score":228,"play_id":"c43b33f9-4a65-499d-86cb-9cfcf3e8108f","local_time":"20190110231702","is_ascension_mode":true,"campfire_choices":[{"data":"Perfected Strike","floor":6,"key":"SMITH"},{"floor":13,"key":"REST"},{"data":"Bash","floor":15,"key":"SMITH"}],"neow_cost":"NONE","seed_source_timestamp":182905195675104,"circlet_count":0,"master_deck":["Strike_R","Strike_R","Strike_R","Strike_R","Strike_R","Defend_R","Defend_R+1","Defend_R","Defend_R","Bash+1","Pommel Strike","Twin Strike","Clothesline","Perfected Strike+1","Second Wind+1","Twin Strike","Combust+1","Shrug It Off","Armaments"],"relics":["Burning Blood","The Courier","Bronze Scales","Pantograph","War Paint","Black Star"],"potions_floor_usage":[5,5,8,11,20,21,22],"damage_taken":[{"damage":12,"enemies":"Small Slimes","floor":1,"turns":3},{"damage":5,"enemies":"2 Louse","floor":2,"turns":3},{"damage":1,"enemies":"Cultist","floor":3,"turns":3},{"damage":37,"enemies":"Large Slime","floor":4,"turns":8},{"damage":25,"enemies":"Gremlin Gang","floor":5,"turns":4},{"damage":40,"enemies":"3 Sentries","floor":8,"turns":9},{"damage":4,"enemies":"Gremlin Nob","floor":11,"turns":3},{"damage":12,"enemies":"Looter","floor":12,"turns":3},{"damage":30,"enemies":"Lagavulin","floor":14,"turns":5},{"damage":48,"enemies":"Hexaghost","floor":16,"turns":9},{"damage":17,"enemies":"Spheric Guardian","floor":18,"turns":3},{"damage":17,"enemies":"2 Thieves","floor":20,"turns":3},{"damage":47,"enemies":"Shelled Parasite and Fungi","floor":21,"turns":5},{"damage":26,"enemies":"Centurion and Healer","floor":22,"turns":4}],"seed_played":"303140562021583736","potions_obtained":[{"floor":0,"key":"Ancient Potion"},{"floor":0,"key":"Poison Potion"},{"floor":0,"key":"Ancient Potion"},{"floor":2,"key":"BloodPotion"},{"floor":5,"key":"BloodPotion"},{"floor":8,"key":"Block Potion"},{"floor":11,"key":"SpeedPotion"},{"floor":18,"key":"SkillPotion"},{"floor":20,"key":"BloodPotion"},{"floor":21,"key":"FearPotion"}],"is_trial":false,"path_per_floor":["M","M","M","M","M","R","?","E","T","?","?","M","R","E","R","B",null,"M","?","M","M","M"],"character_chosen":"IRONCLAD","items_purchased":[],"campfire_rested":1,"item_purchase_floors":[],"current_hp_per_floor":[74,75,80,49,38,38,64,38,38,38,40,34,58,34,34,17,80,69,69,58,25,0],"gold":582,"neow_bonus":"THREE_SMALL_POTIONS","is_prod":false,"is_daily":false,"chose_seed":false,"campfire_upgraded":2,"win_rate":0,"timestamp":1547191022,"path_taken":["M","M","M","M","M","R","?","E","T","?","?","M","R","E","R","BOSS","M","?","M","M","M"],"build_version":"2019-01-10","purchased_purges":0,"victory":false,"max_hp_per_floor":[80,80,80,80,80,80,80,80,80,80,80,80,80,80,80,80,80,80,80,80,80,80],"card_choices":[{"not_picked":["Thunderclap","Body Slam"],"picked":"Pommel Strike","floor":1},{"not_picked":["Sever Soul","Impervious","Iron Wave"],"picked":"SKIP","floor":2},{"not_picked":["Iron Wave","Havoc"],"picked":"Twin Strike","floor":3},{"not_picked":["Bludgeon","Fire Breathing"],"picked":"Clothesline","floor":4},{"not_picked":["Twin Strike","Pommel Strike"],"picked":"Perfected Strike","floor":5},{"not_picked":["Reaper","Heavy Blade","Thunderclap"],"picked":"SKIP","floor":8},{"not_picked":["Sentinel","Havoc"],"picked":"Second Wind","floor":11},{"not_picked":["Clash","Iron Wave","Searing Blow"],"picked":"SKIP","floor":12},{"not_picked":["Hemokinesis","Havoc"],"picked":"Twin Strike","floor":14},{"not_picked":["Twin Strike","Burning Pact"],"picked":"Combust+1","floor":18},{"not_picked":["Seeing Red","Headbutt"],"picked":"Shrug It Off","floor":20},{"not_picked":["Heavy Blade","Exhume"],"picked":"Armaments","floor":21}],"player_experience":137750,"relics_obtained":[{"floor":8,"key":"The Courier"},{"floor":9,"key":"Bronze Scales"},{"floor":11,"key":"Pantograph"},{"floor":14,"key":"War Paint"}],"event_choices":[{"damage_healed":26,"gold_gain":0,"player_choice":"Banana","damage_taken":0,"max_hp_gain":0,"max_hp_loss":0,"event_name":"Big Fish","floor":7,"gold_loss":0},{"damage_healed":0,"gold_gain":0,"player_choice":"Ignored","damage_taken":0,"max_hp_gain":0,"max_hp_loss":0,"event_name":"Golden Idol","floor":10,"gold_loss":0},{"damage_healed":0,"gold_gain":0,"player_choice":"Searched \u00272\u0027 times","damage_taken":0,"max_hp_gain":0,"max_hp_loss":0,"event_name":"Dead Adventurer","floor":11,"gold_loss":0},{"damage_healed":0,"gold_gain":100,"player_choice":"Pray","damage_taken":0,"max_hp_gain":0,"max_hp_loss":0,"event_name":"Golden Shrine","floor":19,"gold_loss":0}],"is_beta":false,"boss_relics":[{"not_picked":["Empty Cage","Calling Bell"],"picked":"Black Star"}],"items_purged_floors":[],"is_endless":false,"potions_floor_spawned":[2,3,5,8,11,18,20,21],"killed_by":"Centurion and Healer","ascension_level":3}