{"path_per_floor":["M","?","?","M","M","E","R","E","T","?","M","R","$","M","R","B",null,"M","M","?","$","M","R","M","R","T","M","?","M","M","M","R"],"character_chosen":"THE_SILENT","items_purchased":["Noxious Fumes","Footwork"],"gold_per_floor":[109,109,109,119,134,166,166,201,231,231,243,243,133,145,145,249,249,259,270,270,98,109,109,122,122,122,134,134,151,167,183,183,183],"floor_reached":33,"campfire_rested":3,"playtime":2915,"current_hp_per_floor":[70,70,70,70,70,33,54,38,38,24,24,45,45,45,45,20,70,59,52,36,36,21,21,21,21,21,8,8,9,6,5,19,0],"items_purged":["Strike_G","Strike_G"],"gold":183,"score":286,"play_id":"9eefd76b-a838-46f8-8932-12afd51fc4cf","local_time":"20180415222206","is_prod":false,"is_daily":false,"chose_seed":false,"is_ascension_mode":false,"campfire_upgraded":3,"timestamp":1523823726,"path_taken":["M","?","?","M","?","E","R","E","T","?","M","R","$","M","R","BOSS","M","M","?","$","M","R","M","R","T","M","?","M","M","M","R","BOSS"],"build_version":"2018-04-12","seed_source_timestamp":0,"purchased_purges":2,"victory":false,"master_deck":["Defend_G","Defend_G","Defend_G","Defend_G","Defend_G","Survivor","Neutralize+1","Quick Slash+1","Die Die Die","Acrobatics+1","Prepared","Cloak And Dagger","Deflect","Noxious Fumes+1","Cloak And Dagger","Adrenaline","Footwork+1","Infinite Blades","Bite","Bite","Bite","Bite","Bite"],"max_hp_per_floor":[70,70,70,70,70,70,70,70,70,70,70,70,70,70,70,70,70,70,70,70,70,70,70,70,70,70,70,49,49,49,49,49,49],"relics":["Ring of the Snake","NeowsBlessing","Mercury Hourglass","Anchor","Tiny Chest","Black Star","Nilry\u0027s Codex","Dodecahedron"],"card_choices":[{"not_picked":["Heel Hook","Crippling Poison"],"picked":"Quick Slash","floor":1.0},{"not_picked":["Poisoned Stab","Deflect"],"picked":"Acrobatics","floor":4.0},{"not_picked":["Bane","Dodge and Roll"],"picked":"Prepared","floor":5.0},{"not_picked":["Venomology","Quick Slash"],"picked":"Cloak And Dagger","floor":6.0},{"not_picked":["Bane","Slice"],"picked":"Deflect","floor":11.0},{"not_picked":["Deflect","Skewer"],"picked":"Cloak And Dagger","floor":14.0},{"not_picked":["Corpse Explosion","Venomology"],"picked":"Adrenaline","floor":16},{"not_picked":["Riddle With Holes","Outmaneuver"],"picked":"Infinite Blades","floor":24}],"player_experience":81184,"potions_floor_usage":[33,33],"damage_taken":[{"damage":0.0,"enemies":"Jaw Worm","floor":1.0,"turns":1.0},{"damage":0.0,"enemies":"Cultist","floor":4.0,"turns":1.0},{"damage":0.0,"enemies":"Small Slimes","floor":5.0,"turns":1.0},{"damage":37.0,"enemies":"Lagavulin","floor":6.0,"turns":11.0},{"damage":16.0,"enemies":"Gremlin Nob","floor":8.0,"turns":5.0},{"damage":0.0,"enemies":"Exordium Thugs","floor":11.0,"turns":4.0},{"damage":0.0,"enemies":"Gremlin Gang","floor":14.0,"turns":2.0},{"damage":25,"enemies":"Slime Boss","floor":16,"turns":9},{"damage":11,"enemies":"Spheric Guardian","floor":18,"turns":6},{"damage":7,"enemies":"3 Byrds","floor":19,"turns":4},{"damage":15,"enemies":"Cultist and Chosen","floor":22,"turns":6},{"damage":0,"enemies":"Centurion and Healer","floor":24,"turns":7},{"damage":13,"enemies":"Slaver and Parasite","floor":27,"turns":6},{"damage":15,"enemies":"Cultist and Chosen","floor":29,"turns":7},{"damage":15,"enemies":"Snake Plant","floor":30,"turns":5},{"damage":9,"enemies":"3 Cultists","floor":31,"turns":5},{"damage":49,"enemies":"Automaton","floor":33,"turns":6}],"event_choices":[{"event_name":"Transmorgrifier","player_choice":"Transform","floor":2.0,"damage_taken":0.0},{"event_name":"Living Wall","player_choice":"Forget","floor":3.0,"damage_taken":0.0},{"event_name":"Shining Light","player_choice":"Entered Light","floor":10.0,"damage_taken":0.0},{"event_name":"Cursed Tome","player_choice":"Obtained Book","floor":20,"damage_taken":0},{"event_name":"Vampires","player_choice":"Became a vampire","floor":28,"damage_taken":0}],"boss_relics":[{"not_picked":["Tiny House","White Beast Statue"],"picked":"Black Star"}],"potions_floor_spawned":[1,8,11,22,29,31],"seed_played":"6532351612992865968","killed_by":"Automaton","ascension_level":0,"is_trial":false}