{"gold_per_floor":[109,109,34,34,53,88,105,105,105,140,90,109,127,186,186,186],"floor_reached":16,"playtime":852,"items_purged":["Strike_R"],"score":174,"play_id":"26c2ad92-9aa7-413d-a4e7-bfb6f2b0e1bd","local_time":"20181016134024","is_ascension_mode":true,"campfire_choices":[{"floor":8,"key":"REST"},{"floor":15,"key":"REST"}],"neow_cost":"NONE","seed_source_timestamp":425673128710852,"circlet_count":0,"master_deck":["Strike_R","Strike_R","Strike_R","Strike_R","Defend_R","Defend_R","Defend_R","Bash","Inflame","Shrug It Off","Impervious","Clothesline","Disarm","Shockwave","Ghostly Armor","Immolate"],"relics":["Burning Blood","Question Card","Smiling Mask","Thread and Needle","Oddly Smooth Stone","Tiny Chest"],"potions_floor_usage":[14],"damage_taken":[{"damage":3,"enemies":"2 Louse","floor":1,"turns":4},{"damage":8,"enemies":"Jaw Worm","floor":5,"turns":4},{"damage":54,"enemies":"3 Sentries","floor":6,"turns":14},{"damage":0,"enemies":"Cultist","floor":7,"turns":3},{"damage":21,"enemies":"Lagavulin","floor":10,"turns":8},{"damage":2,"enemies":"3 Louse","floor":12,"turns":4},{"damage":15,"enemies":"Looter","floor":13,"turns":3},{"damage":34,"enemies":"3 Sentries","floor":14,"turns":15},{"damage":66,"enemies":"Hexaghost","floor":16,"turns":16}],"seed_played":"8744467469767315853","potions_obtained":[{"floor":1,"key":"FairyPotion"},{"floor":7,"key":"FearPotion"},{"floor":12,"key":"Regen Potion"}],"is_trial":false,"path_per_floor":["M","?","$","?","M","E","M","R","T","E","?","M","M","E","R"],"character_chosen":"IRONCLAD","items_purchased":[],"campfire_rested":2,"item_purchase_floors":[],"current_hp_per_floor":[83,71,71,76,74,26,32,59,59,44,44,48,39,25,52,0],"gold":186,"neow_bonus":"TEN_PERCENT_HP_BONUS","is_prod":false,"is_daily":false,"chose_seed":false,"campfire_upgraded":0,"win_rate":0,"timestamp":1539711624,"path_taken":["M","?","$","?","M","E","M","R","T","E","?","M","M","E","R","BOSS"],"build_version":"2018-10-11","purchased_purges":1,"victory":false,"max_hp_per_floor":[88,88,88,93,93,93,93,93,93,93,93,93,93,93,93,93],"card_choices":[{"not_picked":["Burning Pact","Anger"],"picked":"Inflame","floor":1},{"not_picked":["Havoc","Perfected Strike","Headbutt"],"picked":"Shrug It Off","floor":5},{"not_picked":["Blood for Blood","Reckless Charge","Second Wind"],"picked":"Impervious","floor":6},{"not_picked":["Twin Strike","Seeing Red","Bloodletting"],"picked":"Clothesline","floor":7},{"not_picked":["Clash","Infernal Blade","Sentinel"],"picked":"Disarm","floor":10},{"not_picked":["Pommel Strike","Sever Soul","Sword Boomerang"],"picked":"Shockwave","floor":12},{"not_picked":["Body Slam","Anger","Cleave"],"picked":"Ghostly Armor","floor":13},{"not_picked":["Flex","Corruption","Reckless Charge"],"picked":"Immolate","floor":14}],"player_experience":601174,"relics_obtained":[{"floor":6,"key":"Smiling Mask"},{"floor":9,"key":"Thread and Needle"},{"floor":10,"key":"Oddly Smooth Stone"},{"floor":14,"key":"Tiny Chest"}],"event_choices":[{"event_name":"Scrap Ooze","player_choice":"success","floor":2,"damage_taken":12},{"event_name":"Big Fish","player_choice":"Donut","floor":4,"damage_taken":0},{"event_name":"The Cleric","player_choice":"Card Removal","floor":11,"damage_taken":0}],"is_beta":false,"boss_relics":[],"items_purged_floors":[3],"is_endless":false,"potions_floor_spawned":[1,7,12],"killed_by":"Hexaghost","ascension_level":9}