{"gold_per_floor":[112,129,129,15,31,31,19,19,19,32,61,61,92,55,55,153,153,166,182,192,210,220,220,254,254,254,254,265,275,285,304,304,304],"floor_reached":33,"playtime":4486,"items_purged":[],"score":308,"play_id":"8e2b6656-2e31-4845-9dfd-2fb69695332b","local_time":"20180708233952","is_ascension_mode":false,"campfire_choices":[{"data":"Heavy Blade","floor":6,"key":"SMITH"},{"data":"Flame Barrier","floor":8,"key":"SMITH"},{"data":"Inflame","floor":12,"key":"SMITH"},{"floor":15,"key":"REST"},{"floor":23,"key":"REST"},{"floor":25,"key":"REST"},{"floor":32,"key":"REST"}],"neow_cost":"NONE","seed_source_timestamp":2257804923874578,"circlet_count":0,"master_deck":["Strike_R","Strike_R","Strike_R+1","Strike_R","Defend_R","Defend_R+1","Defend_R","Defend_R","Bash","Cleave","Heavy Blade+1","Flame Barrier+1","Inflame+1","Second Wind","Shrug It Off","Headbutt","Reckless Charge","Ghostly Armor","Blood for Blood","Bludgeon","Perfected Strike+1","Infernal Blade","Rage+1","Spot Weakness+1","Infernal Blade","Pommel Strike","Limit Break","Armaments+1","Pommel Strike","Rampage","Searing Blow"],"relics":["Burning Blood","Mango","Gambling Chip","Ancient Tea Set","Eternal Feather","Regal Pillow","Pear"],"potions_floor_usage":[21,31,31,33],"damage_taken":[{"damage":3,"enemies":"Jaw Worm","floor":1,"turns":4},{"damage":0,"enemies":"Small Slimes","floor":2,"turns":2},{"damage":1,"enemies":"Cultist","floor":5,"turns":3},{"damage":9,"enemies":"Exordium Thugs","floor":7,"turns":5},{"damage":0,"enemies":"3 Louse","floor":10,"turns":4},{"damage":26,"enemies":"Lagavulin","floor":11,"turns":8},{"damage":3,"enemies":"3 Sentries","floor":13,"turns":8},{"damage":43,"enemies":"Hexaghost","floor":16,"turns":9},{"damage":30,"enemies":"2 Thieves","floor":18,"turns":5},{"damage":15,"enemies":"3 Byrds","floor":19,"turns":5},{"damage":23,"enemies":"Centurion and Healer","floor":20,"turns":5},{"damage":29,"enemies":"Sentry and Sphere","floor":21,"turns":9},{"damage":8,"enemies":"Snake Plant","floor":22,"turns":4},{"damage":52,"enemies":"Book of Stabbing","floor":24,"turns":6},{"damage":36,"enemies":"Chosen and Byrds","floor":28,"turns":6},{"damage":15,"enemies":"Centurion and Healer","floor":29,"turns":5},{"damage":15,"enemies":"Snecko","floor":30,"turns":3},{"damage":15,"enemies":"Chosen and Byrds","floor":31,"turns":2},{"damage":92,"enemies":"Collector","floor":33,"turns":7}],"seed_played":"937399724764713845","potions_obtained":[{"floor":1,"key":"SteroidPotion"},{"floor":7,"key":"LiquidBronze"},{"floor":10,"key":"Ancient Potion"},{"floor":21,"key":"FearPotion"},{"floor":24,"key":"Dexterity Potion"},{"floor":30,"key":"Strength Potion"}],"is_trial":false,"path_per_floor":["M","M","?","$","M","R","M","R","T","M","E","R","E","$","R","B",null,"M","M","M","M","M","R","E","R","T","?","M","M","M","M","R"],"character_chosen":"IRONCLAD","items_purchased":["Flame Barrier","Inflame","Blood for Blood"],"campfire_rested":4,"item_purchase_floors":[4,4,14],"current_hp_per_floor":[80,80,64,64,69,69,66,66,80,86,66,66,69,69,94,57,94,70,61,44,21,19,57,11,64,74,74,44,35,26,17,75,0],"gold":304,"neow_bonus":"REMOVE_CARD","is_prod":false,"is_daily":false,"chose_seed":false,"campfire_upgraded":3,"win_rate":0.0,"timestamp":1531107592,"path_taken":["M","M","?","$","M","R","M","R","T","M","E","R","E","?","R","BOSS","M","M","M","M","M","R","E","R","T","?","M","M","M","M","R","BOSS"],"build_version":"2018-07-05","purchased_purges":0,"victory":false,"max_hp_per_floor":[80,80,80,80,80,80,80,80,94,94,94,94,94,94,94,94,94,94,94,94,94,94,94,94,94,104,104,104,104,104,104,104,104],"card_choices":[{"not_picked":["Burning Pact","Anger"],"picked":"Cleave","floor":1},{"not_picked":["Anger","Perfected Strike"],"picked":"Heavy Blade","floor":2},{"not_picked":["Thunderclap","Perfected Strike"],"picked":"Second Wind","floor":5},{"not_picked":["Fiend Fire","True Grit"],"picked":"Shrug It Off","floor":7},{"not_picked":["Clothesline","Cleave"],"picked":"Headbutt","floor":10},{"not_picked":["Feel No Pain","Armaments"],"picked":"Reckless Charge","floor":11},{"not_picked":["Burning Pact","Hemokinesis"],"picked":"Ghostly Armor","floor":13},{"not_picked":["Reaper","Fiend Fire"],"picked":"Bludgeon","floor":16},{"not_picked":["Body Slam+1","Iron Wave"],"picked":"Perfected Strike+1","floor":18},{"not_picked":["Warcry","Twin Strike+1"],"picked":"Infernal Blade","floor":19},{"not_picked":["Armaments","Reckless Charge"],"picked":"Rage+1","floor":20},{"not_picked":["Thunderclap","Shrug It Off+1"],"picked":"Spot Weakness+1","floor":21},{"not_picked":["Armaments","Power Through"],"picked":"Infernal Blade","floor":22},{"not_picked":["Iron Wave","Bloodletting"],"picked":"Pommel Strike","floor":24},{"not_picked":["Clash+1","Warcry+1"],"picked":"Armaments+1","floor":28},{"not_picked":["Perfected Strike","Barricade"],"picked":"Pommel Strike","floor":29},{"not_picked":["Clothesline","Dropkick+1"],"picked":"Rampage","floor":30},{"not_picked":["Corruption+1","Second Wind"],"picked":"Searing Blow","floor":31}],"player_experience":36372,"relics_obtained":[{"floor":9,"key":"Mango"},{"floor":11,"key":"Gambling Chip"},{"floor":13,"key":"Ancient Tea Set"},{"floor":24,"key":"Regal Pillow"},{"floor":26,"key":"Pear"}],"event_choices":[{"event_name":"Shining Light","player_choice":"Entered Light","floor":3,"damage_taken":0},{"event_name":"The Library","player_choice":"Read","floor":27,"damage_taken":0}],"boss_relics":[{"not_picked":["Snecko Eye","Empty Cage"],"picked":"Eternal Feather"}],"items_purged_floors":[],"is_endless":false,"potions_floor_spawned":[1,7,10,11,19,21,24,30],"killed_by":"Collector","ascension_level":0}