{"gold_per_floor":[109,109,123,142,95,130,130,102,102,129,129,129,141,160,160,262,262,274,274,289,141,158,158,172,172,172,182,198,212,212,237,237,237],"floor_reached":33,"playtime":2552,"items_purged":["Strike_R"],"score":269,"play_id":"a735712a-fe62-4b01-925a-e2672bad6c73","local_time":"20181229004807","is_ascension_mode":false,"campfire_choices":[{"data":"Whirlwind","floor":7.0,"key":"SMITH"},{"data":"Rage","floor":12.0,"key":"SMITH"},{"data":"Bash","floor":15.0,"key":"SMITH"},{"data":"Fiend Fire","floor":23.0,"key":"SMITH"},{"floor":25.0,"key":"REST"},{"floor":30,"key":"REST"},{"floor":32,"key":"REST"}],"neow_cost":"NONE","seed_source_timestamp":0,"circlet_count":0,"master_deck":["Strike_R","Strike_R","Strike_R","Defend_R","Defend_R","Bash+1","Searing Blow","Twin Strike","Rage+1","Thunderclap","Whirlwind+1","Dropkick","Carnage","Fiend Fire+1","Flex+1","Evolve","Warcry","Rampage+1","Armaments+1","Intimidate+1","Iron Wave"],"special_seed":0,"relics":["Burning Blood","Matryoshka","Anchor","Sundial","Odd Mushroom","White Beast Statue","Vajra","Bottled Flame","PreservedInsect"],"potions_floor_usage":[31,33,33,33,33,33],"damage_taken":[{"damage":5.0,"enemies":"Cultist","floor":1.0,"turns":4.0},{"damage":5.0,"enemies":"Small Slimes","floor":3.0,"turns":3.0},{"damage":0.0,"enemies":"2 Louse","floor":4.0,"turns":3.0},{"damage":34.0,"enemies":"Lagavulin","floor":6.0,"turns":7.0},{"damage":0.0,"enemies":"The Mushroom Lair","floor":10.0,"turns":2.0},{"damage":0.0,"enemies":"2 Fungi Beasts","floor":13.0,"turns":2.0},{"damage":12.0,"enemies":"Large Slime","floor":14.0,"turns":6.0},{"damage":59.0,"enemies":"Hexaghost","floor":16.0,"turns":10.0},{"damage":20.0,"enemies":"Spheric Guardian","floor":18.0,"turns":4.0},{"damage":10.0,"enemies":"2 Thieves","floor":20.0,"turns":3.0},{"damage":27.0,"enemies":"Snake Plant","floor":22.0,"turns":4.0},{"damage":44.0,"enemies":"Sentry and Sphere","floor":24.0,"turns":6.0},{"damage":13.0,"enemies":"Centurion and Healer","floor":27.0,"turns":3.0},{"damage":13.0,"enemies":"3 Cultists","floor":28.0,"turns":4.0},{"damage":15.0,"enemies":"Snake Plant","floor":29.0,"turns":4.0},{"damage":21,"enemies":"Book of Stabbing","floor":31,"turns":5},{"damage":66,"enemies":"Automaton","floor":33,"turns":6}],"seed_played":"-1553594782337716479","potions_obtained":[{"floor":3.0,"key":"Poison Potion"},{"floor":10.0,"key":"Dexterity Potion"},{"floor":13.0,"key":"Regen Potion"},{"floor":14.0,"key":"Fire Potion"},{"floor":18.0,"key":"SkillPotion"},{"floor":20.0,"key":"GamblersBrew"},{"floor":22.0,"key":"Regen Potion"},{"floor":24.0,"key":"Weak Potion"},{"floor":27.0,"key":"Weak Potion"},{"floor":28.0,"key":"EntropicBrew"},{"floor":29.0,"key":"Swift Potion"},{"floor":31,"key":"Energy Potion"}],"is_trial":false,"path_per_floor":["M","?","M","M","$","E","R","?","T","?","?","R","M","M","R","B",null,"M","?","M","$","M","R","M","R","T","M","M","M","R","E","R","B"],"character_chosen":"IRONCLAD","items_purchased":["Thunderclap","Evolve"],"campfire_rested":3,"item_purchase_floors":[5,21],"current_hp_per_floor":[80,80,80,80,80,52,52,52,52,58,58,58,64,58,58,20,80,66,66,62,62,41,41,17,41,41,34,27,18,42,27,51,0],"gold":237,"neow_bonus":"TRANSFORM_CARD","is_prod":false,"is_daily":false,"chose_seed":false,"campfire_upgraded":4,"win_rate":0.0,"timestamp":1546073287,"path_taken":["M","?","M","M","?","E","R","?","T","?","?","R","M","M","R","BOSS","M","?","M","?","M","R","M","R","T","?","M","M","R","E","R","BOSS"],"build_version":"2018-12-20","purchased_purges":1,"victory":false,"max_hp_per_floor":[80,80,80,80,80,80,80,80,80,80,80,80,80,80,80,80,80,80,80,80,80,80,80,80,80,80,80,80,80,80,80,80,80],"card_choices":[{"not_picked":["Hemokinesis","Sword Boomerang"],"picked":"Twin Strike","floor":1.0},{"not_picked":["Warcry","Thunderclap"],"picked":"Rage","floor":3.0},{"not_picked":["Shrug It Off","Blood for Blood","Twin Strike"],"picked":"SKIP","floor":4.0},{"not_picked":["Clash","Body Slam"],"picked":"Whirlwind","floor":6.0},{"not_picked":["Clash","Flex"],"picked":"Dropkick","floor":13.0},{"not_picked":["Perfected Strike","Whirlwind"],"picked":"Carnage","floor":14.0},{"not_picked":["Berserk","Juggernaut"],"picked":"Fiend Fire","floor":16.0},{"not_picked":["Cleave+1","Carnage"],"picked":"Flex+1","floor":18.0},{"not_picked":["True Grit","Flex","Wild Strike"],"picked":"SKIP","floor":20.0},{"not_picked":["Fire Breathing","Uppercut"],"picked":"Warcry","floor":22.0},{"not_picked":["Carnage","Armaments","Warcry+1"],"picked":"SKIP","floor":24.0},{"not_picked":["Flex+1","True Grit"],"picked":"Rampage+1","floor":27.0},{"not_picked":["Headbutt","Body Slam"],"picked":"Armaments+1","floor":28.0},{"not_picked":["Clash","Barricade"],"picked":"Intimidate+1","floor":29.0},{"not_picked":["Sword Boomerang","Headbutt"],"picked":"Iron Wave","floor":31}],"player_experience":29666,"relics_obtained":[{"floor":6.0,"key":"Matryoshka"},{"floor":9.0,"key":"Anchor"},{"floor":9.0,"key":"Sundial"},{"floor":10.0,"key":"Odd Mushroom"},{"floor":26.0,"key":"Vajra"},{"floor":26.0,"key":"Bottled Flame"},{"floor":31,"key":"PreservedInsect"}],"event_choices":[{"cards_removed":["Defend_R"],"damage_healed":0.0,"max_hp_gain":0.0,"max_hp_loss":0.0,"gold_gain":0.0,"event_name":"Purifier","player_choice":"Purged","floor":2.0,"gold_loss":0.0,"damage_taken":0.0},{"damage_healed":0.0,"max_hp_gain":0.0,"max_hp_loss":0.0,"gold_gain":0.0,"event_name":"World of Goop","player_choice":"Left Gold","floor":8.0,"gold_loss":28.0,"damage_taken":0.0},{"damage_healed":0.0,"max_hp_gain":0.0,"max_hp_loss":0.0,"gold_gain":0.0,"event_name":"Mushrooms","player_choice":"Fought Mushrooms","floor":10.0,"gold_loss":0.0,"damage_taken":0.0},{"damage_healed":0.0,"max_hp_gain":0.0,"max_hp_loss":0.0,"gold_gain":0.0,"event_name":"Liars Game","player_choice":"Ignored","floor":11.0,"gold_loss":0.0,"damage_taken":0.0},{"cards_removed":["Strike_R"],"damage_healed":0.0,"max_hp_gain":0.0,"max_hp_loss":0.0,"gold_gain":0.0,"event_name":"Purifier","player_choice":"Purged","floor":19.0,"gold_loss":0.0,"damage_taken":0.0}],"is_beta":false,"boss_relics":[{"not_picked":["Sozu","Black Blood"],"picked":"White Beast Statue"}],"items_purged_floors":[21],"is_endless":false,"potions_floor_spawned":[3,10,13,14,18,20,22,24,27,28,29,31],"killed_by":"Automaton","ascension_level":0}