{"gold_per_floor":[117,127,127,138,158,193,193,219,243,14,14,24,24,35,35,138,138,151,165,165,2,22,22],"floor_reached":23,"playtime":1000,"items_purged":["Writhe"],"score":274,"play_id":"78017f0c-b5bd-4207-8704-85ca732afc75","local_time":"20190203144708","is_ascension_mode":true,"campfire_choices":[{"data":"Rip and Tear","floor":7,"key":"SMITH"},{"floor":11,"key":"REST"},{"floor":15,"key":"REST"}],"neow_cost":"NONE","seed_source_timestamp":1453098703449956,"circlet_count":0,"master_deck":["Strike_B","Strike_B","Strike_B","Strike_B+1","Defend_B","Defend_B","Defend_B","Defend_B","Zap+1","Dualcast","Rip and Tear+1","Ball Lightning+1","Rebound","Loop","Chill","Darkness","Multi-Cast","Conserve Battery+1","Conserve Battery","Auto Shields+1"],"relics":["Cracked Core","Whetstone","Dream Catcher","Bag of Preparation","Ancient Tea Set","Lantern","Inserter","MawBank"],"potions_floor_usage":[6,8,16,22],"damage_taken":[{"damage":8,"enemies":"2 Louse","floor":1,"turns":3},{"damage":3,"enemies":"Small Slimes","floor":2,"turns":2},{"damage":0,"enemies":"Cultist","floor":4,"turns":2},{"damage":0,"enemies":"Large Slime","floor":5,"turns":3},{"damage":26,"enemies":"Gremlin Nob","floor":6,"turns":4},{"damage":30,"enemies":"Lagavulin","floor":8,"turns":5},{"damage":3,"enemies":"Blue Slaver","floor":12,"turns":2},{"damage":4,"enemies":"Exordium Wildlife","floor":14,"turns":3},{"damage":36,"enemies":"The Guardian","floor":16,"turns":9},{"damage":9,"enemies":"3 Byrds","floor":18,"turns":5},{"damage":7,"enemies":"Chosen","floor":19,"turns":5},{"damage":29,"enemies":"Shelled Parasite and Fungi","floor":22,"turns":7},{"damage":20,"enemies":"Slavers","floor":23,"turns":2}],"seed_played":"7319046164094630390","potions_obtained":[{"floor":2,"key":"SkillPotion"},{"floor":4,"key":"FearPotion"},{"floor":6,"key":"Swift Potion"},{"floor":16,"key":"Fruit Juice"},{"floor":18,"key":"Fire Potion"}],"is_trial":false,"path_per_floor":["M","M","?","M","M","E","R","E","T","$","R","M","?","M","R","B",null,"M","M","?","$","M","E"],"character_chosen":"DEFECT","items_purchased":["Ancient Tea Set","Darkness","Conserve Battery","Fire Potion"],"campfire_rested":2,"item_purchase_floors":[10,10,21,21],"current_hp_per_floor":[60,57,57,57,57,31,31,1,1,1,23,20,20,16,38,7,62,53,46,46,46,17,0],"gold":22,"neow_bonus":"UPGRADE_CARD","is_prod":false,"is_daily":false,"chose_seed":false,"campfire_upgraded":1,"win_rate":0,"timestamp":1549234028,"path_taken":["M","M","?","M","M","E","R","E","T","$","R","M","?","?","R","BOSS","M","M","?","$","M","E"],"build_version":"2019-01-23","purchased_purges":1,"victory":false,"max_hp_per_floor":[75,75,75,75,75,75,75,75,75,75,75,75,75,75,75,80,80,80,80,80,80,80,80],"card_choices":[{"not_picked":["Turbo","Coolheaded"],"picked":"Rip and Tear","floor":1},{"not_picked":["Chaos","Capacitor","Barrage"],"picked":"SKIP","floor":2},{"not_picked":["Turbo","Leap"],"picked":"Ball Lightning","floor":4},{"not_picked":["Darkness","Echo Form"],"picked":"Rebound","floor":5},{"not_picked":["Conserve Battery","Ball Lightning"],"picked":"Loop","floor":6},{"not_picked":["Hologram","Ball Lightning"],"picked":"Chill","floor":8},{"not_picked":["Hello World","Ball Lightning","Compile Driver"],"picked":"SKIP","floor":12},{"not_picked":["Compile Driver","Ball Lightning","Steam Power"],"picked":"SKIP","floor":14},{"not_picked":["Creative AI","Seek"],"picked":"Multi-Cast","floor":16},{"not_picked":["Capacitor","Hologram"],"picked":"Conserve Battery+1","floor":18},{"not_picked":["Steam","Ball Lightning","Tempest"],"picked":"SKIP","floor":19},{"not_picked":["Compile Driver+1","Leap"],"picked":"Auto Shields+1","floor":22}],"player_experience":310418,"relics_obtained":[{"floor":6,"key":"Whetstone"},{"floor":8,"key":"Dream Catcher"},{"floor":9,"key":"Bag of Preparation"}],"event_choices":[{"damage_healed":0,"gold_gain":0,"player_choice":"Ignored","damage_taken":0,"max_hp_gain":0,"max_hp_loss":0,"event_name":"Golden Wing","floor":3,"gold_loss":0},{"damage_healed":0,"gold_gain":0,"player_choice":"Gave Potion","damage_taken":0,"relics_obtained":["Lantern"],"max_hp_gain":0,"max_hp_loss":0,"event_name":"WeMeetAgain","floor":13,"gold_loss":0},{"damage_healed":0,"gold_gain":0,"player_choice":"Opened","damage_taken":0,"relics_obtained":["MawBank"],"max_hp_gain":0,"max_hp_loss":0,"event_name":"The Mausoleum","floor":20,"gold_loss":0,"cards_obtained":["Writhe"]}],"is_beta":false,"boss_relics":[{"not_picked":["Empty Cage","Coffee Dripper"],"picked":"Inserter"}],"items_purged_floors":[21],"is_endless":false,"potions_floor_spawned":[2,4,6,16,18],"killed_by":"Slavers","ascension_level":7}