{"gold_per_floor":[115,81,98,109,109,109,136,148,184,229,253,295,323,363,375,484,496,522,547,484,496,508,520,560,586,628,111,111,141,153,168,168,265,265,278,295,315,39,139,139,155,85,138,170,170,203,203,213,213,213,213,213,18,47,47],"floor_reached":55,"playtime":3622,"items_purged":["Strike_B"],"score":795,"play_id":"9e5942be-23e5-436b-bbca-5003b3e9f4e5","local_time":"20190120150834","is_ascension_mode":false,"campfire_choices":[{"data":"Zap","floor":6,"key":"SMITH"},{"data":"Sweeping Beam","floor":8,"key":"SMITH"},{"floor":15,"key":"REST"},{"data":"Sunder","floor":23,"key":"SMITH"},{"data":"Defragment","floor":32,"key":"SMITH"},{"data":"Fission","floor":40,"key":"SMITH"},{"floor":47,"key":"RECALL"},{"data":"Static Discharge","floor":49,"key":"SMITH"},{"data":"Coolheaded","floor":52,"key":"SMITH"}],"neow_cost":"NONE","seed_source_timestamp":242031263038293,"circlet_count":0,"master_deck":["Strike_B","Strike_B","Defend_B","Defend_B","Defend_B","Defend_B","Zap+1","Dualcast","Sweeping Beam+1","Go for the Eyes","Core Surge","Coolheaded+1","Sunder+1","Capacitor","Gash","BootSequence","Barrage+1","Defragment+1","Gash","Blizzard+1","Compile Driver+1","Defragment+1","Fission+1","Ball Lightning+1","Gash","Reinforced Body+1","Capacitor","Gash+1","Capacitor+1","Static Discharge+1","Auto Shields+1","Echo Form"],"relics":["FrozenCore","Pantograph","MawBank","Orichalcum","Art of War","Potion Belt","Lantern","Bottled Lightning","Tiny Chest","DataDisk","Matryoshka","Shovel","Black Star","DollysMirror","Letter Opener","Nunchaku","Bottled Tornado","Boot","Toxic Egg 2","Torii","Ginger","Strawberry"],"potions_floor_usage":[3,7,10,29,31,36,36,55,55,55,55,55],"damage_taken":[{"damage":1,"enemies":"Jaw Worm","floor":1,"turns":3},{"damage":6,"enemies":"2 Louse","floor":3,"turns":2},{"damage":0,"enemies":"Cultist","floor":4,"turns":3},{"damage":37,"enemies":"3 Sentries","floor":7,"turns":10},{"damage":12,"enemies":"Gremlin Nob","floor":10,"turns":4},{"damage":1,"enemies":"Large Slime","floor":11,"turns":4},{"damage":15,"enemies":"Lagavulin","floor":12,"turns":5},{"damage":2,"enemies":"Gremlin Gang","floor":13,"turns":6},{"damage":6,"enemies":"3 Sentries","floor":14,"turns":4},{"damage":33,"enemies":"Slime Boss","floor":16,"turns":10},{"damage":6,"enemies":"Spheric Guardian","floor":18,"turns":4},{"damage":2,"enemies":"Shell Parasite","floor":19,"turns":7},{"damage":9,"enemies":"Gremlin Leader","floor":24,"turns":9},{"damage":15,"enemies":"Chosen and Byrds","floor":25,"turns":6},{"damage":4,"enemies":"Slavers","floor":29,"turns":6},{"damage":0,"enemies":"Snake Plant","floor":30,"turns":6},{"damage":5,"enemies":"Centurion and Healer","floor":31,"turns":5},{"damage":18,"enemies":"Automaton","floor":33,"turns":11},{"damage":0,"enemies":"3 Shapes","floor":35,"turns":5},{"damage":15,"enemies":"3 Darklings","floor":36,"turns":6},{"damage":7,"enemies":"Transient","floor":37,"turns":5},{"damage":0,"enemies":"Maw","floor":41,"turns":8},{"damage":19,"enemies":"Reptomancer","floor":44,"turns":8},{"damage":7,"enemies":"Giant Head","floor":46,"turns":9},{"damage":4,"enemies":"4 Shapes","floor":48,"turns":4},{"damage":49,"enemies":"Awakened One","floor":50,"turns":13},{"damage":34,"enemies":"Shield and Spear","floor":54,"turns":9},{"damage":78,"enemies":"The Heart","floor":55,"turns":6}],"seed_played":"1431050525447874788","potions_obtained":[{"floor":0,"key":"SneckoOil"},{"floor":0,"key":"Fruit Juice"},{"floor":0,"key":"LiquidBronze"},{"floor":1,"key":"Regen Potion"},{"floor":3,"key":"GamblersBrew"},{"floor":4,"key":"Weak Potion"},{"floor":7,"key":"SpeedPotion"},{"floor":19,"key":"SkillPotion"},{"floor":25,"key":"Energy Potion"},{"floor":30,"key":"Ancient Potion"},{"floor":31,"key":"LiquidBronze"},{"floor":35,"key":"FocusPotion"},{"floor":37,"key":"LiquidBronze"},{"floor":44,"key":"Strength Potion"}],"is_trial":false,"path_per_floor":["M","?","M","M","T","R","E","R","T","E","M","E","M","E","R","B",null,"M","M","?","$","?","R","E","M","T","$","?","E","M","M","R","B",null,"M","M","M","$","?","R","M","$","T","E","T","E","R","M","R","B",null,"R","$","E","B"],"character_chosen":"DEFECT","items_purchased":["Defragment","Gash","DataDisk","Matryoshka","DollysMirror","Capacitor","PowerPotion","LiquidBronze","Auto Shields+1"],"campfire_rested":1,"item_purchase_floors":[27,27,27,27,38,42,53,53,53],"current_hp_per_floor":[74,74,73,73,73,73,51,51,51,39,38,23,21,15,39,31,80,74,72,72,72,72,72,63,48,48,48,48,44,44,39,39,46,80,80,65,58,58,58,58,58,58,58,39,39,32,32,28,28,4,80,80,80,53,0],"gold":47,"neow_bonus":"THREE_SMALL_POTIONS","is_prod":false,"is_daily":false,"chose_seed":false,"campfire_upgraded":7,"win_rate":0,"timestamp":1548025714,"path_taken":["M","?","M","M","?","R","E","R","T","E","M","E","M","E","R","BOSS","M","M","?","$","?","R","E","?","T","$","?","E","?","M","R","BOSS","M","M","?","$","?","R","M","?","T","E","?","E","R","M","R","BOSS","R","$","E","BOSS"],"build_version":"2019-01-17v2","purchased_purges":1,"victory":false,"max_hp_per_floor":[75,75,80,80,80,80,80,80,80,80,80,80,80,80,80,80,80,80,80,80,80,80,80,80,80,80,80,80,80,80,80,80,80,80,80,80,80,80,80,80,80,80,80,80,80,80,80,80,80,80,80,80,80,87,87],"card_choices":[{"not_picked":["Gash","Genetic Algorithm"],"picked":"Sweeping Beam","floor":1},{"not_picked":["Heatsinks","Sweeping Beam"],"picked":"Go for the Eyes","floor":3},{"not_picked":["Rebound","Heatsinks","Leap"],"picked":"SKIP","floor":4},{"not_picked":["Recycle","Barrage"],"picked":"Core Surge","floor":7},{"not_picked":["Aggregate","Heatsinks"],"picked":"Coolheaded","floor":10},{"not_picked":["Rip and Tear","Stack"],"picked":"Sunder","floor":11},{"not_picked":["Amplify","Rebound","Scrape"],"picked":"SKIP","floor":12},{"not_picked":["Rebound","Barrage","Auto Shields"],"picked":"SKIP","floor":13},{"not_picked":["Undo","Turbo"],"picked":"Capacitor","floor":14},{"not_picked":["Genetic Algorithm","Doom and Gloom","Turbo"],"picked":"SKIP","floor":18},{"not_picked":["Sunder","Beam Cell+1"],"picked":"Gash","floor":19},{"not_picked":["Self Repair","Lockon"],"picked":"BootSequence","floor":24},{"not_picked":["Redo","Self Repair"],"picked":"Barrage+1","floor":25},{"not_picked":["Compile Driver","Sweeping Beam"],"picked":"Blizzard+1","floor":29},{"not_picked":["Stack","FTL"],"picked":"Compile Driver+1","floor":30},{"not_picked":["Tempest","Steam Power"],"picked":"Defragment","floor":31},{"not_picked":["Seek","Hyperbeam"],"picked":"Fission","floor":33},{"not_picked":["Steam","Rebound"],"picked":"Ball Lightning+1","floor":35},{"not_picked":["Hello World","Go for the Eyes","Redo"],"picked":"SKIP","floor":36},{"not_picked":["Ball Lightning","Beam Cell+1","Coolheaded"],"picked":"SKIP","floor":37},{"not_picked":["Ball Lightning","Beam Cell+1","Coolheaded"],"picked":"SKIP","floor":37},{"not_picked":["Steam","Genetic Algorithm"],"picked":"Reinforced Body+1","floor":41},{"not_picked":["Glacier+1","Chill+1"],"picked":"Gash+1","floor":44},{"not_picked":["Barrage+1","Steam Power+1"],"picked":"Capacitor+1","floor":46},{"not_picked":["Rebound","Sunder+1"],"picked":"Static Discharge","floor":48},{"not_picked":["Conserve Battery+1","Beam Cell+1"],"picked":"Echo Form","floor":54}],"player_experience":228796,"relics_obtained":[{"floor":5,"key":"Pantograph"},{"floor":7,"key":"MawBank"},{"floor":9,"key":"Orichalcum"},{"floor":10,"key":"Art of War"},{"floor":12,"key":"Potion Belt"},{"floor":14,"key":"Lantern"},{"floor":24,"key":"Bottled Lightning"},{"floor":26,"key":"Tiny Chest"},{"floor":29,"key":"Shovel"},{"floor":43,"key":"Letter Opener"},{"floor":44,"key":"Nunchaku"},{"floor":44,"key":"Bottled Tornado"},{"floor":45,"key":"Boot"},{"floor":45,"key":"Toxic Egg 2"},{"floor":46,"key":"Torii"},{"floor":54,"key":"Ginger"},{"floor":54,"key":"Strawberry"}],"event_choices":[{"damage_healed":0,"gold_gain":0,"player_choice":"Left Gold","damage_taken":0,"max_hp_gain":0,"max_hp_loss":0,"event_name":"World of Goop","floor":2,"gold_loss":34},{"cards_removed":["Strike_B"],"damage_healed":0,"gold_gain":0,"player_choice":"Gave Gold","damage_taken":0,"max_hp_gain":0,"max_hp_loss":0,"event_name":"Beggar","floor":20,"gold_loss":75},{"damage_healed":0,"gold_gain":0,"player_choice":"Ignored","damage_taken":0,"max_hp_gain":0,"max_hp_loss":0,"event_name":"N\u0027loth","floor":22,"gold_loss":0},{"damage_healed":0,"gold_gain":0,"player_choice":"Upgraded","damage_taken":0,"max_hp_gain":0,"max_hp_loss":0,"event_name":"Upgrade Shrine","floor":28,"gold_loss":0,"cards_upgraded":["Defragment"]},{"damage_healed":0,"gold_gain":100,"player_choice":"Pray","damage_taken":0,"max_hp_gain":0,"max_hp_loss":0,"event_name":"Golden Shrine","floor":39,"gold_loss":0}],"is_beta":false,"boss_relics":[{"not_picked":["Tiny House","Lizard Tail"],"picked":"FrozenCore"},{"not_picked":["Nuclear Battery","Runic Dome"],"picked":"Black Star"}],"items_purged_floors":[38],"is_endless":false,"potions_floor_spawned":[1,3,4,7,19,25,30,31,35,37,44],"killed_by":"The Heart","ascension_level":0}