{"gold_per_floor":[115,115,115,130,130,130,168,4,4,4,4,4,18,41,41,169,169,190,211,211],"floor_reached":20,"playtime":1064,"items_purged":[],"score":258,"play_id":"af253da5-d2d9-44ff-a682-0982948f3dd2","local_time":"20190122123152","is_ascension_mode":true,"campfire_choices":[{"data":"Tools of the Trade","floor":6,"key":"SMITH"},{"floor":10,"key":"REST"},{"floor":15,"key":"REST"}],"neow_cost":"NONE","seed_source_timestamp":298698722537161,"circlet_count":0,"master_deck":["AscendersBane","Defend_G","Defend_G","Defend_G","Defend_G","Defend_G","Strike_G","Strike_G","Strike_G","Strike_G","Survivor","Neutralize","Tools of the Trade+1","Poisoned Stab","Bouncing Flask","Terror","Metamorphosis","Underhanded Strike","Acrobatics","Burst","Blur+1"],"relics":["Ring of the Snake","Golden Idol","Oddly Smooth Stone","WingedGreaves","Dream Catcher","Empty Cage"],"potions_floor_usage":[],"damage_taken":[{"damage":5,"enemies":"2 Louse","floor":1,"turns":5},{"damage":0,"enemies":"Small Slimes","floor":4,"turns":4},{"damage":19,"enemies":"Lagavulin","floor":7,"turns":8},{"damage":4,"enemies":"Cultist","floor":13,"turns":4},{"damage":17,"enemies":"Lots of Slimes","floor":14,"turns":6},{"damage":52,"enemies":"Slime Boss","floor":16,"turns":15},{"damage":8,"enemies":"Chosen","floor":18,"turns":5},{"damage":34,"enemies":"3 Byrds","floor":19,"turns":6},{"damage":13,"enemies":"Snake Plant","floor":20,"turns":2}],"seed_played":"1712476783288419122","potions_obtained":[{"floor":1,"key":"Ancient Potion"},{"floor":4,"key":"Block Potion"},{"floor":19,"key":"Energy Potion"}],"is_trial":false,"path_per_floor":["?","?","?","$","?","M","M"],"character_chosen":"THE_SILENT","items_purchased":["Metamorphosis"],"campfire_rested":2,"item_purchase_floors":[8],"current_hp_per_floor":[58,58,58,58,58,58,39,39,39,60,60,60,56,39,60,8,55,47,13,0],"gold":211,"neow_bonus":"ONE_RANDOM_RARE_CARD","is_prod":false,"is_daily":false,"chose_seed":false,"campfire_upgraded":1,"win_rate":0,"timestamp":1548178312,"path_taken":["M","?","?","M","?","R","E","?","T","R","?","$","?","M","R","BOSS","M","?","M"],"build_version":"2019-01-20","purchased_purges":0,"victory":false,"max_hp_per_floor":[70,70,70,70,70,70,70,70,70,70,70,70,70,70,70,70,70,70,70,70],"card_choices":[{"not_picked":["Catalyst","Setup"],"picked":"Poisoned Stab","floor":1},{"not_picked":["Blade Dance","Prepared"],"picked":"Bouncing Flask","floor":4},{"not_picked":["Slice","Masterful Stab"],"picked":"Terror","floor":7},{"not_picked":["Slice","Eviscerate"],"picked":"Underhanded Strike","floor":13},{"not_picked":["Poisoned Stab","Skewer"],"picked":"Acrobatics","floor":14},{"not_picked":["Bullet Time","After Image"],"picked":"Burst","floor":16},{"not_picked":["Outmaneuver","Blade Dance"],"picked":"Blur+1","floor":18},{"not_picked":["Eviscerate","Blade Dance","Slice+1"],"picked":"SKIP","floor":19}],"player_experience":553026,"relics_obtained":[{"floor":7,"key":"Oddly Smooth Stone"},{"floor":9,"key":"WingedGreaves"}],"event_choices":[{"damage_healed":0,"gold_gain":0,"player_choice":"Ignored","damage_taken":0,"max_hp_gain":0,"max_hp_loss":0,"event_name":"Golden Wing","floor":2,"gold_loss":0},{"damage_healed":0,"gold_gain":0,"player_choice":"Take Wound","damage_taken":0,"relics_obtained":["Golden Idol"],"max_hp_gain":0,"max_hp_loss":0,"event_name":"Golden Idol","floor":3,"gold_loss":0,"cards_obtained":["Injury"]},{"damage_healed":0,"gold_gain":0,"player_choice":"Ignored","damage_taken":0,"max_hp_gain":0,"max_hp_loss":0,"event_name":"Liars Game","floor":5,"gold_loss":0},{"damage_healed":0,"gold_gain":0,"player_choice":"Gave Potion","damage_taken":0,"relics_obtained":["Dream Catcher"],"max_hp_gain":0,"max_hp_loss":0,"event_name":"WeMeetAgain","floor":11,"gold_loss":0}],"is_beta":true,"boss_relics":[{"not_picked":["Fusion Hammer","Ectoplasm"],"picked":"Empty Cage"}],"items_purged_floors":[],"is_endless":false,"potions_floor_spawned":[1,4,19],"killed_by":"Snake Plant","ascension_level":10}