{"gold_per_floor":[115,115,135,135,10,54,54,54,78,114,139,170,25,49,49,168,168,189,214,214,214,227,253,253,37,37,65,65,15,31,56,56,157,157,168,168,184,203,217,246,246,246,246,260,260,288,305,0,0,0],"floor_reached":51,"playtime":6670,"items_purged":["Pain","Injury","Strike_B"],"score":1165,"play_id":"78194471-b8f5-4606-bada-079cf8774942","local_time":"20180928131616","is_ascension_mode":true,"campfire_choices":[{"data":"Buffer","floor":8.0,"key":"SMITH"},{"floor":15.0,"key":"REST"},{"data":"Self Repair","floor":24.0,"key":"SMITH"},{"data":"Zap","floor":32.0,"key":"SMITH"},{"data":"Creative AI","floor":41,"key":"SMITH"},{"data":"Dualcast","floor":45,"key":"SMITH"},{"data":"Heatsinks","floor":49,"key":"SMITH"}],"neow_cost":"TEN_PERCENT_HP_LOSS","seed_source_timestamp":0,"circlet_count":0,"master_deck":["Strike_B","Strike_B","Strike_B","Defend_B","Defend_B","Zap+1","Dualcast+1","Electrodynamics","Glacier","Hello World","Buffer+1","Conserve Battery","Ball Lightning","Heatsinks+1","FTL","Self Repair+1","White Noise","Go for the Eyes+1","Cold Snap+1","All For One+1","Leap","FTL+1","Beam Cell+1","Streamline+1","Deep Breath","Streamline+1","Coolheaded","FTL+1","Loop+1","Turbo","Meteor Strike+1","Compile Driver+1","Creative AI+1","Force Field","Leap+1","Conserve Battery+1","FTL+1","Madness","Madness","Stack+1","Gash+1","Leap+1","White Noise+1","Rebound+1"],"special_seed":0,"relics":["Cracked Core","Bloody Idol","Matryoshka","WarpedTongs","Vajra","Ancient Tea Set","Smiling Mask","Molten Egg 2","Coffee Dripper","Bottled Flame","Anchor","Darkstone Periapt","Sundial","Pen Nib","Boot","Empty Cage","Juzu Bracelet","FossilizedHelix","Toxic Egg 2","Lee\u0027s Waffle"],"potions_floor_usage":[50,50,50,50],"damage_taken":[{"damage":0.0,"enemies":"Small Slimes","floor":1.0,"turns":2.0},{"damage":0.0,"enemies":"2 Louse","floor":3.0,"turns":1.0},{"damage":20.0,"enemies":"3 Sentries","floor":6.0,"turns":4.0},{"damage":15.0,"enemies":"Lagavulin","floor":10.0,"turns":8.0},{"damage":4.0,"enemies":"Jaw Worm","floor":11.0,"turns":2.0},{"damage":13.0,"enemies":"3 Sentries","floor":12.0,"turns":4.0},{"damage":0.0,"enemies":"Exordium Thugs","floor":14.0,"turns":5.0},{"damage":3.0,"enemies":"The Guardian","floor":16.0,"turns":12.0},{"damage":0.0,"enemies":"Spheric Guardian","floor":18.0,"turns":3.0},{"damage":0.0,"enemies":"Shell Parasite","floor":19.0,"turns":4.0},{"damage":12.0,"enemies":"Colosseum Slavers","floor":21.0,"turns":4.0},{"damage":0.0,"enemies":"Cultist and Chosen","floor":22.0,"turns":6.0},{"damage":21.0,"enemies":"Slavers","floor":23.0,"turns":3.0},{"damage":0.0,"enemies":"Gremlin Leader","floor":27.0,"turns":5.0},{"damage":10.0,"enemies":"3 Cultists","floor":30.0,"turns":3.0},{"damage":0.0,"enemies":"Slavers","floor":31.0,"turns":5.0},{"damage":0.0,"enemies":"Champ","floor":33.0,"turns":9.0},{"damage":17.0,"enemies":"3 Shapes","floor":35.0,"turns":4.0},{"damage":6.0,"enemies":"Orb Walker","floor":37.0,"turns":2.0},{"damage":23.0,"enemies":"Reptomancer","floor":38.0,"turns":5.0},{"damage":3.0,"enemies":"Spire Growth","floor":39.0,"turns":4.0},{"damage":1,"enemies":"Giant Head","floor":40,"turns":8},{"damage":0,"enemies":"Transient","floor":44,"turns":5},{"damage":0,"enemies":"Nemesis","floor":46,"turns":5},{"damage":0,"enemies":"Maw","floor":47,"turns":7},{"damage":45,"enemies":"Donu and Deca","floor":50,"turns":7}],"seed_played":"7440719546110814510","potions_obtained":[{"floor":1.0,"key":"Weak Potion"},{"floor":3.0,"key":"Regen Potion"},{"floor":12.0,"key":"LiquidBronze"},{"floor":22.0,"key":"Fire Potion"},{"floor":23.0,"key":"EssenceOfSteel"},{"floor":30.0,"key":"AttackPotion"},{"floor":33.0,"key":"SmokeBomb"},{"floor":38.0,"key":"Fire Potion"},{"floor":39.0,"key":"EntropicBrew"}],"is_trial":false,"path_per_floor":["M","?","M","?","$","E","?","R","T","E","M","E","$","M","R","B",null,"M","M","?","?","M","E","R","$","T","E","T","$","M","E","R","B",null,"M","?","M","M","M","E","R","?","T","M","R","E","M","$","R","B"],"character_chosen":"DEFECT","items_purchased":["Buffer","Conserve Battery","White Noise","Go for the Eyes+1","Deep Breath","Streamline+1","Coolheaded","Lee\u0027s Waffle","White Noise+1","Rebound+1"],"campfire_rested":1,"item_purchase_floors":[5,5,13,13,25,25,25,48,48,48],"current_hp_per_floor":[68,73,73,73,73,62,62,62,62,47,43,30,30,37,58,65,71,73,73,73,61,73,57,57,57,57,62,62,62,67,73,73,73,73,71,71,70,62,73,73,73,64,64,73,73,73,73,80,80,35],"gold":0,"neow_bonus":"THREE_RARE_CARDS","is_prod":false,"is_daily":false,"chose_seed":false,"campfire_upgraded":6,"win_rate":0,"timestamp":1538154976,"path_taken":["M","?","M","?","$","E","?","R","T","E","M","E","$","M","R","BOSS","M","M","?","?","M","E","R","$","T","E","?","?","M","E","R","BOSS","M","?","M","M","M","E","R","?","T","M","R","E","M","$","R","BOSS"],"build_version":"2018-09-27","purchased_purges":3,"victory":true,"max_hp_per_floor":[68,73,73,73,73,73,73,73,73,73,73,73,73,73,73,73,73,73,73,73,73,73,73,73,73,73,73,73,73,73,73,73,73,73,73,73,73,73,73,73,73,73,73,73,73,73,73,80,80,80],"card_choices":[{"not_picked":["Thunder Strike","Meteor Strike"],"picked":"Electrodynamics","floor":0.0},{"not_picked":["White Noise","Capacitor"],"picked":"Glacier","floor":1.0},{"not_picked":["Gash","Sweeping Beam"],"picked":"Hello World","floor":3.0},{"not_picked":["Streamline","Beam Cell"],"picked":"Ball Lightning","floor":6.0},{"not_picked":["Go for the Eyes","Ball Lightning"],"picked":"Heatsinks","floor":10.0},{"not_picked":["Conserve Battery","Scrape"],"picked":"FTL","floor":11.0},{"not_picked":["Blizzard","Hologram"],"picked":"Self Repair","floor":12.0},{"not_picked":["Compile Driver+1","Beam Cell+1"],"picked":"Cold Snap+1","floor":14.0},{"not_picked":["Electrodynamics","Reboot"],"picked":"All For One+1","floor":16.0},{"not_picked":["Chaos","White Noise"],"picked":"Leap","floor":18.0},{"not_picked":["Steam Power","Leap"],"picked":"FTL+1","floor":19.0},{"not_picked":["Leap","Darkness"],"picked":"Beam Cell+1","floor":22.0},{"not_picked":["Tempest","Sweeping Beam+1"],"picked":"Streamline+1","floor":23.0},{"not_picked":["Streamline+1","Force Field+1"],"picked":"FTL+1","floor":27.0},{"not_picked":["Streamline+1","Rip and Tear+1"],"picked":"Loop+1","floor":30.0},{"not_picked":["Stack","Rebound+1"],"picked":"Turbo","floor":31.0},{"not_picked":["Seek","Reboot"],"picked":"Meteor Strike+1","floor":33.0},{"not_picked":["Cold Snap+1","Stack+1"],"picked":"Compile Driver+1","floor":35.0},{"not_picked":["Capacitor+1","Beam Cell+1"],"picked":"Force Field","floor":37.0},{"not_picked":["Compile Driver+1","Turbo"],"picked":"Leap+1","floor":38.0},{"not_picked":["Go for the Eyes+1","Reprogram"],"picked":"Conserve Battery+1","floor":39.0},{"not_picked":["Turbo","Chaos+1"],"picked":"FTL+1","floor":40},{"not_picked":["Barrage+1","Hologram+1"],"picked":"Stack+1","floor":44},{"not_picked":["Rainbow","Cold Snap+1"],"picked":"Gash+1","floor":46},{"not_picked":["Go for the Eyes+1","Capacitor"],"picked":"Leap+1","floor":47}],"player_experience":499537,"relics_obtained":[{"floor":6.0,"key":"Matryoshka"},{"floor":9.0,"key":"Vajra"},{"floor":9.0,"key":"Ancient Tea Set"},{"floor":10.0,"key":"Smiling Mask"},{"floor":12.0,"key":"Molten Egg 2"},{"floor":23.0,"key":"Bottled Flame"},{"floor":26.0,"key":"Anchor"},{"floor":26.0,"key":"Darkstone Periapt"},{"floor":27.0,"key":"Sundial"},{"floor":28.0,"key":"Pen Nib"},{"floor":31.0,"key":"Boot"},{"floor":40,"key":"Juzu Bracelet"},{"floor":43,"key":"FossilizedHelix"},{"floor":46,"key":"Toxic Egg 2"}],"event_choices":[{"event_name":"Big Fish","player_choice":"Donut","floor":2.0,"damage_taken":0.0},{"event_name":"Golden Idol","player_choice":"Take Wound","floor":4.0,"damage_taken":0.0},{"event_name":"Accursed Blacksmith","player_choice":"Rummage","floor":7.0,"damage_taken":0.0},{"event_name":"Forgotten Altar","player_choice":"Gave Idol","floor":20.0,"damage_taken":0.0},{"event_name":"Colosseum","player_choice":"Fight","floor":21.0,"damage_taken":0.0},{"event_name":"Colosseum","player_choice":"Fled From Nobs","floor":21.0,"damage_taken":0.0},{"event_name":"Match and Keep!","player_choice":"1 cards matched","floor":36.0,"damage_taken":0.0},{"event_name":"Match and Keep!","player_choice":"1 cards matched","floor":36.0,"damage_taken":0.0},{"event_name":"Winding Halls","player_choice":"Embrace Madness","floor":42,"damage_taken":0}],"is_beta":false,"boss_relics":[{"not_picked":["Ectoplasm","Busted Crown"],"picked":"Coffee Dripper"},{"not_picked":["Snecko Eye","White Beast Statue"],"picked":"Empty Cage"}],"items_purged_floors":[13,25,29],"is_endless":false,"potions_floor_spawned":[1,3,12,21,22,23,30,33,38,39,46,47],"ascension_level":6}