{"gold_per_floor":[112,123,48,48,65,65,95,95,168,168,168,168,186,211,211,288,288,228,228],"floor_reached":19,"playtime":541,"items_purged":["Injury"],"score":400,"play_id":"1eee6c27-c19a-4f71-a7f9-163e9ed3ded6","local_time":"20190213030144","is_ascension_mode":true,"campfire_choices":[{"data":"Bash","floor":6,"key":"SMITH"},{"data":"Demon Form","floor":8,"key":"SMITH"},{"floor":12,"key":"REST"},{"floor":15,"key":"REST"}],"neow_cost":"CURSE","seed_source_timestamp":36094702449800,"circlet_count":0,"master_deck":["AscendersBane","Strike_R","Strike_R","Strike_R","Strike_R","Strike_R","Defend_R","Defend_R","Defend_R","Defend_R","Bash+1","Demon Form+1","Heavy Blade+1","Offering","Infernal Blade","Double Tap"],"relics":["Burning Blood","Dream Catcher","Matryoshka","Pocketwatch","Ectoplasm"],"potions_floor_usage":[16,18],"damage_taken":[{"damage":4,"enemies":"Jaw Worm","floor":1,"turns":5},{"damage":23,"enemies":"Small Slimes","floor":2,"turns":5},{"damage":13,"enemies":"Cultist","floor":5,"turns":5},{"damage":45,"enemies":"3 Sentries","floor":7,"turns":9},{"damage":20,"enemies":"Blue Slaver","floor":13,"turns":7},{"damage":26,"enemies":"Lagavulin","floor":14,"turns":5},{"damage":25,"enemies":"Hexaghost","floor":16,"turns":6},{"damage":24,"enemies":"2 Thieves","floor":18,"turns":4},{"damage":45,"enemies":"Shell Parasite","floor":19,"turns":3}],"seed_played":"831821096521262214","potions_obtained":[{"floor":2,"key":"LiquidBronze"},{"floor":13,"key":"Energy Potion"}],"is_trial":false,"path_per_floor":["M","M","$","?","M","R","E","R","T","?","?","R","M","E","R","B",null,"M","M"],"character_chosen":"IRONCLAD","items_purchased":[],"campfire_rested":2,"item_purchase_floors":[],"current_hp_per_floor":[70,53,53,75,68,68,29,29,29,29,29,51,37,17,39,20,61,43,0],"gold":228,"neow_bonus":"THREE_RARE_CARDS","is_prod":false,"is_daily":false,"chose_seed":false,"campfire_upgraded":2,"win_rate":0,"timestamp":1550019704,"path_taken":["M","M","$","?","M","R","E","R","T","?","?","R","?","E","R","BOSS","M","M"],"build_version":"2019-01-23","purchased_purges":1,"victory":false,"max_hp_per_floor":[75,75,75,75,75,75,75,75,75,75,75,75,75,75,75,75,75,75,75],"card_choices":[{"not_picked":["Juggernaut","Bludgeon"],"picked":"Demon Form","floor":0},{"not_picked":["Seeing Red","True Grit"],"picked":"Heavy Blade","floor":1},{"not_picked":["Pommel Strike","Burning Pact","Anger"],"picked":"SKIP","floor":2},{"not_picked":["Iron Wave","Body Slam","Shrug It Off"],"picked":"SKIP","floor":5},{"not_picked":["Cleave","Pommel Strike","Wild Strike"],"picked":"SKIP","floor":7},{"not_picked":["Twin Strike","Corruption"],"picked":"Offering","floor":13},{"not_picked":["Clothesline","Anger","Havoc"],"picked":"SKIP","floor":14},{"not_picked":["Warcry","Armaments"],"picked":"Infernal Blade","floor":15},{"not_picked":["Feed","Brutality"],"picked":"Double Tap","floor":16},{"not_picked":["Iron Wave","Flex","Havoc"],"picked":"SKIP","floor":18}],"player_experience":732930,"relics_obtained":[{"floor":7,"key":"Dream Catcher"},{"floor":9,"key":"Matryoshka"},{"floor":14,"key":"Pocketwatch"}],"event_choices":[{"damage_healed":25,"gold_gain":0,"player_choice":"Banana","damage_taken":0,"max_hp_gain":0,"max_hp_loss":0,"event_name":"Big Fish","floor":4,"gold_loss":0},{"damage_healed":0,"gold_gain":0,"player_choice":"Ignored","damage_taken":0,"max_hp_gain":0,"max_hp_loss":0,"event_name":"Liars Game","floor":10,"gold_loss":0},{"damage_healed":0,"gold_gain":0,"player_choice":"Forge","damage_taken":0,"max_hp_gain":0,"max_hp_loss":0,"event_name":"Accursed Blacksmith","floor":11,"gold_loss":0,"cards_upgraded":["Heavy Blade"]}],"is_beta":false,"boss_relics":[{"not_picked":["Astrolabe","Runic Dome"],"picked":"Ectoplasm"}],"items_purged_floors":[3],"is_endless":false,"potions_floor_spawned":[2,13],"killed_by":"Shell Parasite","ascension_level":20}