{"gold_per_floor":[119,119,119,130,149,149,184,184,184,217,217,231,248,268,268,366,366,378,378,378,388,38,38,38],"floor_reached":24,"playtime":2049,"items_purged":["Regret"],"score":252,"play_id":"617cd9ef-8067-430a-8b0a-c82ad1658f03","local_time":"20180913005214","is_ascension_mode":true,"campfire_choices":[{"floor":6.0,"key":"REST"},{"floor":8.0,"key":"REST"},{"floor":11.0,"key":"REST"},{"floor":15.0,"key":"REST"},{"floor":23,"key":"REST"}],"neow_cost":"PERCENT_DAMAGE","seed_source_timestamp":0,"circlet_count":0,"master_deck":["Defend_R","Defend_R","Defend_R","Defend_R","Bash","Barricade","Perfected Strike","Twin Strike","Twin Strike","Reaper","Bludgeon","Armaments","Shrug It Off","Burning Pact","Limit Break","Disarm","Perfected Strike","Flex","Wild Strike","Wild Strike","Perfected Strike+1","J.A.X.","Bite","Bite","Bite","Bite","Bite","Warcry","Limit Break","Flex","Good Instincts"],"special_seed":0,"relics":["Burning Blood","Calipers","PreservedInsect","Mummified Hand","Bag of Marbles","Orrery"],"potions_floor_usage":[],"damage_taken":[{"damage":11.0,"enemies":"Small Slimes","floor":1.0,"turns":5.0},{"damage":19.0,"enemies":"Jaw Worm","floor":4.0,"turns":5.0},{"damage":0.0,"enemies":"2 Louse","floor":5.0,"turns":2.0},{"damage":40.0,"enemies":"Gremlin Nob","floor":7.0,"turns":5.0},{"damage":36.0,"enemies":"3 Sentries","floor":10.0,"turns":8.0},{"damage":20.0,"enemies":"Exordium Thugs","floor":12.0,"turns":5.0},{"damage":26.0,"enemies":"Lots of Slimes","floor":13.0,"turns":6.0},{"damage":22.0,"enemies":"3 Louse","floor":14.0,"turns":4.0},{"damage":55.0,"enemies":"Slime Boss","floor":16.0,"turns":13.0},{"damage":15.0,"enemies":"Chosen","floor":18.0,"turns":4.0},{"damage":35.0,"enemies":"3 Byrds","floor":21.0,"turns":6.0},{"damage":58,"enemies":"Centurion and Healer","floor":24,"turns":7}],"seed_played":"-4579815095484985197","potions_obtained":[{"floor":1.0,"key":"PowerPotion"},{"floor":10.0,"key":"Poison Potion"},{"floor":12.0,"key":"Strength Potion"},{"floor":13.0,"key":"LiquidBronze"},{"floor":16.0,"key":"Fire Potion"}],"is_trial":false,"path_per_floor":["M","?","?","M","M","R","E","R","T","E","R","M","M","M","R","B",null,"M","?","?","M","$","R"],"character_chosen":"IRONCLAD","items_purchased":["Limit Break","Flex","Good Instincts"],"campfire_rested":5,"item_purchase_floors":[22,22,22],"current_hp_per_floor":[51,44,44,31,37,61,27,51,51,33,57,55,42,47,71,31,80,71,71,56,33,33,49,0],"gold":38,"neow_bonus":"THREE_RARE_CARDS","is_prod":false,"is_daily":false,"chose_seed":false,"campfire_upgraded":0,"win_rate":0,"timestamp":1536814334,"path_taken":["M","?","?","M","M","R","E","R","T","E","R","M","M","?","R","BOSS","M","?","?","M","$","R","M"],"build_version":"2018-09-06","purchased_purges":1,"victory":false,"max_hp_per_floor":[80,80,80,80,80,80,80,80,80,80,80,80,80,80,80,80,80,80,80,56,56,56,56,56],"card_choices":[{"not_picked":["Dark Embrace","Immolate"],"picked":"Barricade","floor":0.0},{"not_picked":["Second Wind","Pommel Strike"],"picked":"Perfected Strike","floor":1.0},{"not_picked":["Clash","Bloodletting"],"picked":"Twin Strike","floor":4.0},{"not_picked":["True Grit","Armaments"],"picked":"Twin Strike","floor":5.0},{"not_picked":["Dual Wield","Dropkick"],"picked":"Reaper","floor":7.0},{"not_picked":["Anger","Rupture"],"picked":"Bludgeon","floor":10.0},{"not_picked":["Second Wind","Combust"],"picked":"Armaments","floor":12.0},{"not_picked":["Flex","Thunderclap"],"picked":"Shrug It Off","floor":13.0},{"not_picked":["Anger","Armaments"],"picked":"Burning Pact","floor":14.0},{"not_picked":["Barricade","Berserk"],"picked":"Limit Break","floor":16.0},{"not_picked":["Shrug It Off","Carnage"],"picked":"Disarm","floor":17.0},{"not_picked":["Bloodletting","Pommel Strike"],"picked":"Perfected Strike","floor":17.0},{"not_picked":["Cleave","Headbutt"],"picked":"Flex","floor":17.0},{"not_picked":["Clash","Heavy Blade"],"picked":"Wild Strike","floor":17.0},{"not_picked":["Seeing Red","Heavy Blade"],"picked":"Wild Strike","floor":17.0},{"not_picked":["Rupture+1","Shrug It Off"],"picked":"Perfected Strike+1","floor":18.0},{"not_picked":["Searing Blow","Uppercut+1"],"picked":"Warcry","floor":21.0}],"player_experience":350439,"relics_obtained":[{"floor":7.0,"key":"PreservedInsect"},{"floor":9.0,"key":"Mummified Hand"},{"floor":10.0,"key":"Bag of Marbles"}],"event_choices":[{"event_name":"Golden Wing","player_choice":"Card Removal","floor":2.0,"damage_taken":0.0},{"event_name":"Big Fish","player_choice":"Box","floor":3.0,"damage_taken":0.0},{"event_name":"Drug Dealer","player_choice":"Got JAX","floor":19.0,"damage_taken":0.0},{"event_name":"Vampires","player_choice":"Became a vampire","floor":20.0,"damage_taken":0.0}],"is_beta":false,"boss_relics":[{"not_picked":["Eternal Feather","Philosopher\u0027s Stone"],"picked":"Orrery"}],"items_purged_floors":[22],"is_endless":false,"potions_floor_spawned":[1,10,12,13,16],"killed_by":"Centurion and Healer","ascension_level":2}