{"gold_per_floor":[110,126,301,31,31,363,363,388,388,406,406,506,526,545,545,641,641,631,631,19,32,32,65,83,83,106,120,154,154,188,113,113,217,217,229,229,244,107,124,153,167,267,267,301,319,319,329,354,354,354],"floor_reached":51,"playtime":7783,"items_purged":["Doubt","Defend_G"],"score":922,"play_id":"9484bb97-f892-48d4-8494-724d950b4109","local_time":"20190212174239","is_ascension_mode":true,"campfire_choices":[{"data":"Footwork","floor":7,"key":"SMITH"},{"floor":11,"key":"REST"},{"floor":15,"key":"REST"},{"data":"Blur","floor":25,"key":"SMITH"},{"data":"Terror","floor":29,"key":"SMITH"},{"data":"Backflip","floor":32,"key":"SMITH"},{"data":"Backflip","floor":46,"key":"SMITH"},{"data":"Backflip","floor":49,"key":"SMITH"}],"neow_cost":"NONE","seed_source_timestamp":323531529734974,"circlet_count":0,"master_deck":["Defend_G","Defend_G","Defend_G","Survivor","Neutralize","Prepared","Footwork+1","Backflip+1","Choke","Escape Plan","Terror+1","Backflip+1","Blur+1","Tools of the Trade+1","Backflip+1","Bite","Bite","Bite","Bite","Bite","Noxious Fumes+1","Reflex","A Thousand Cuts+1","Tools of the Trade+1","Noxious Fumes+1","Blur","Corpse Explosion","Reflex","Underhanded Strike"],"relics":["Ring of the Snake","Frozen Egg 2","Old Coin","Mercury Hourglass","Unceasing Top","Sozu","Gambling Chip","Bronze Scales","Blood Vial","Omamori","Juzu Bracelet","Potion Belt","Cursed Key","Anchor","Prayer Wheel","Tingsha","Sundial","Toxic Egg 2"],"potions_floor_usage":[8,41],"damage_taken":[{"damage":0,"enemies":"2 Louse","floor":1,"turns":4},{"damage":0,"enemies":"Cultist","floor":2,"turns":4},{"damage":35,"enemies":"3 Sentries","floor":6,"turns":17},{"damage":37,"enemies":"Gremlin Nob","floor":8,"turns":6},{"damage":0,"enemies":"Jaw Worm","floor":10,"turns":6},{"damage":0,"enemies":"Lots of Slimes","floor":13,"turns":4},{"damage":0,"enemies":"Gremlin Gang","floor":14,"turns":4},{"damage":31,"enemies":"Slime Boss","floor":16,"turns":16},{"damage":13,"enemies":"2 Thieves","floor":18,"turns":4},{"damage":0,"enemies":"Shell Parasite","floor":21,"turns":6},{"damage":7,"enemies":"Slavers","floor":23,"turns":7},{"damage":5,"enemies":"Shelled Parasite and Fungi","floor":24,"turns":6},{"damage":0,"enemies":"Snecko","floor":27,"turns":3},{"damage":16,"enemies":"Gremlin Leader","floor":28,"turns":8},{"damage":14,"enemies":"Slavers","floor":30,"turns":8},{"damage":29,"enemies":"Champ","floor":33,"turns":12},{"damage":0,"enemies":"Orb Walker","floor":35,"turns":3},{"damage":0,"enemies":"3 Shapes","floor":37,"turns":3},{"damage":2,"enemies":"Spire Growth","floor":39,"turns":5},{"damage":0,"enemies":"Giant Head","floor":40,"turns":10},{"damage":0,"enemies":"Transient","floor":41,"turns":5},{"damage":0,"enemies":"Mind Bloom Boss Battle","floor":42,"turns":4},{"damage":0,"enemies":"Reptomancer","floor":44,"turns":6},{"damage":1,"enemies":"Sphere and 2 Shapes","floor":45,"turns":3},{"damage":0,"enemies":"Spire Growth","floor":47,"turns":4},{"damage":0,"enemies":"Nemesis","floor":48,"turns":6},{"damage":7,"enemies":"Awakened One","floor":50,"turns":12}],"seed_played":"8224578232595120594","potions_obtained":[{"floor":6,"key":"Energy Potion"},{"floor":10,"key":"Strength Potion"}],"is_trial":false,"path_per_floor":["M","M","?","$","?","E","R","E","T","M","R","?","M","M","R","B",null,"M","?","$","M","?","E","M","R","T","M","E","R","E","?","R","B",null,"M","?","M","$","M","E","M","?","T","E","M","R","M","E","R","B",null],"character_chosen":"THE_SILENT","items_purchased":["Frozen Egg 2","Backflip","Noxious Fumes+1","Gambling Chip","Bronze Scales","Noxious Fumes+1"],"campfire_rested":2,"item_purchase_floors":[4,4,20,20,20,38],"current_hp_per_floor":[77,77,77,77,77,42,42,5,5,5,28,28,28,28,51,20,77,64,53,53,53,53,50,53,53,53,53,45,45,41,41,41,28,53,53,53,53,53,51,53,53,53,53,53,52,52,53,53,53,53],"gold":354,"neow_bonus":"TEN_PERCENT_HP_BONUS","is_prod":false,"is_daily":false,"chose_seed":false,"campfire_upgraded":6,"win_rate":0,"timestamp":1549989759,"path_taken":["M","M","?","$","?","E","R","E","T","?","R","?","M","M","R","BOSS","M","?","$","M","?","E","?","R","T","?","E","R","E","?","R","BOSS","M","?","M","$","M","E","M","?","T","E","M","R","M","E","R","BOSS"],"build_version":"2019-01-23","purchased_purges":2,"victory":true,"max_hp_per_floor":[77,77,77,77,77,77,77,77,77,77,77,77,77,77,77,77,77,77,53,53,53,53,53,53,53,53,53,53,53,53,53,53,53,53,53,53,53,53,53,53,53,53,53,53,53,53,53,53,53,53],"card_choices":[{"not_picked":["Bane","Deflect"],"picked":"Prepared","floor":1},{"not_picked":["Bane","Finisher"],"picked":"Footwork","floor":2},{"not_picked":["Expertise","Poisoned Stab"],"picked":"Escape Plan","floor":6},{"not_picked":["Dagger Spray","Flying Knee"],"picked":"Terror","floor":8},{"not_picked":["Riddle With Holes","Sucker Punch"],"picked":"Backflip","floor":10},{"not_picked":["Blade Dance","Dagger Spray"],"picked":"Blur","floor":13},{"not_picked":["Wraith Form v2+1","Riddle With Holes","Deadly Poison"],"picked":"SKIP","floor":14},{"not_picked":["Doppelganger","Phantasmal Killer"],"picked":"Tools of the Trade+1","floor":16},{"not_picked":["Dagger Throw","Finisher"],"picked":"Backflip","floor":18},{"not_picked":["Eviscerate","Deflect"],"picked":"Reflex","floor":21},{"not_picked":["Dagger Spray+1","Prepared"],"picked":"A Thousand Cuts+1","floor":23},{"not_picked":["Accuracy+1","Dash","Masterful Stab+1"],"picked":"SKIP","floor":24},{"not_picked":["Deadly Poison+1","Heel Hook","Accuracy+1"],"picked":"SKIP","floor":27},{"not_picked":["Quick Slash","Deflect+1","All Out Attack+1"],"picked":"SKIP","floor":28},{"not_picked":["Eviscerate","PiercingWail","Deflect"],"picked":"SKIP","floor":30},{"not_picked":["Bullet Time","Storm of Steel"],"picked":"Tools of the Trade+1","floor":33},{"not_picked":["Dagger Throw","Riddle With Holes+1","Quick Slash"],"picked":"SKIP","floor":35},{"not_picked":["Slice+1","Catalyst","Dagger Throw"],"picked":"SKIP","floor":37},{"not_picked":["Predator+1","Slice","Poisoned Stab+1"],"picked":"SKIP","floor":39},{"not_picked":["Sucker Punch","Terror+1"],"picked":"Blur","floor":40},{"not_picked":["Deflect","Terror+1","Unload"],"picked":"SKIP","floor":41},{"not_picked":["Bane","Poisoned Stab"],"picked":"Corpse Explosion","floor":44},{"not_picked":["Poisoned Stab","Slice","Deflect"],"picked":"SKIP","floor":45},{"not_picked":["Finisher+1","Sucker Punch+1","Deflect+1"],"picked":"SKIP","floor":45},{"not_picked":["Poisoned Stab","Slice","Deflect"],"picked":"SKIP","floor":45},{"not_picked":["Finisher+1","Sucker Punch+1","Deflect+1"],"picked":"SKIP","floor":45},{"not_picked":["Die Die Die","Flechettes"],"picked":"Reflex","floor":47},{"not_picked":["Poisoned Stab","Crippling Poison"],"picked":"Underhanded Strike","floor":47},{"not_picked":["Leg Sweep","Dagger Throw+1","Dagger Spray"],"picked":"SKIP","floor":48}],"player_experience":252617,"relics_obtained":[{"floor":6,"key":"Old Coin"},{"floor":8,"key":"Mercury Hourglass"},{"floor":9,"key":"Unceasing Top"},{"floor":23,"key":"Blood Vial"},{"floor":26,"key":"Omamori"},{"floor":28,"key":"Juzu Bracelet"},{"floor":30,"key":"Potion Belt"},{"floor":40,"key":"Anchor"},{"floor":42,"key":"Prayer Wheel"},{"floor":43,"key":"Tingsha"},{"floor":44,"key":"Sundial"},{"floor":48,"key":"Toxic Egg 2"}],"event_choices":[{"damage_healed":0,"gold_gain":175,"player_choice":"AGREE","damage_taken":0,"max_hp_gain":0,"max_hp_loss":0,"event_name":"Liars Game","floor":3,"gold_loss":0,"cards_obtained":["Doubt"]},{"damage_healed":0,"gold_gain":0,"player_choice":"1 cards matched","damage_taken":0,"max_hp_gain":0,"max_hp_loss":0,"event_name":"Match and Keep!","floor":5,"gold_loss":0,"cards_obtained":["Choke"]},{"damage_healed":0,"gold_gain":100,"player_choice":"Pray","damage_taken":0,"max_hp_gain":0,"max_hp_loss":0,"event_name":"Golden Shrine","floor":12,"gold_loss":0},{"damage_healed":0,"gold_gain":0,"player_choice":"Became a vampire","damage_taken":0,"max_hp_gain":0,"max_hp_loss":24,"event_name":"Vampires","floor":19,"gold_loss":0,"cards_obtained":["Bite","Bite","Bite","Bite","Bite"]},{"damage_healed":0,"gold_gain":0,"cards_transformed":["Defend_G"],"player_choice":"Transformed","damage_taken":0,"max_hp_gain":0,"max_hp_loss":0,"event_name":"Transmorgrifier","floor":22,"gold_loss":0,"cards_obtained":["Unload"]},{"cards_removed":["Unload"],"damage_healed":0,"gold_gain":0,"player_choice":"Gave Gold","damage_taken":0,"max_hp_gain":0,"max_hp_loss":0,"event_name":"Beggar","floor":31,"gold_loss":75},{"damage_healed":0,"gold_gain":0,"player_choice":"Ignored","damage_taken":0,"max_hp_gain":0,"max_hp_loss":0,"event_name":"Tomb of Lord Red Mask","floor":36,"gold_loss":0},{"damage_healed":0,"gold_gain":0,"player_choice":"Fight","damage_taken":0,"max_hp_gain":0,"max_hp_loss":0,"event_name":"MindBloom","floor":42,"gold_loss":0}],"is_beta":false,"boss_relics":[{"not_picked":["Runic Pyramid","Busted Crown"],"picked":"Sozu"},{"not_picked":["Fusion Hammer","Orrery"],"picked":"Cursed Key"}],"items_purged_floors":[20,38],"is_endless":false,"potions_floor_spawned":[6,10,21,27,30,39,40,45],"ascension_level":1}