{"gold_per_floor":[118,293,306,306,317,343,343,343,394,394],"floor_reached":10,"playtime":390,"items_purged":[],"score":66,"play_id":"a9b3fe7c-8110-4a51-8c6d-2bd461c74dfd","local_time":"20190213000507","is_ascension_mode":false,"campfire_choices":[{"floor":7,"key":"REST"}],"neow_cost":"PERCENT_DAMAGE","seed_source_timestamp":4483318628122528,"circlet_count":0,"master_deck":["Strike_R","Strike_R","Strike_R","Defend_R","Defend_R","Defend_R","Defend_R","Bash","Iron Wave","Doubt","Cleave","Shrug It Off","Spot Weakness"],"relics":["Burning Blood","Gambling Chip","Regal Pillow","Potion Belt"],"potions_floor_usage":[],"damage_taken":[{"damage":7,"enemies":"2 Louse","floor":1,"turns":3},{"damage":0,"enemies":"Small Slimes","floor":3,"turns":3},{"damage":15,"enemies":"Jaw Worm","floor":5,"turns":6},{"damage":44,"enemies":"Gremlin Nob","floor":6,"turns":6},{"damage":63,"enemies":"Lagavulin","floor":10,"turns":8}],"seed_played":"-6318958927786721449","potions_obtained":[{"floor":5,"key":"Swift Potion"},{"floor":6,"key":"EssenceOfSteel"}],"is_trial":false,"path_per_floor":["M","?","M","?","M","E","R","?","T","E"],"character_chosen":"IRONCLAD","items_purchased":[],"campfire_rested":1,"item_purchase_floors":[],"current_hp_per_floor":[55,55,61,54,45,7,46,46,46,0],"gold":394,"neow_bonus":"ONE_RARE_RELIC","is_prod":false,"is_daily":false,"chose_seed":false,"campfire_upgraded":0,"win_rate":0,"timestamp":1549976707,"path_taken":["M","?","M","?","M","E","R","?","T","E"],"build_version":"2019-02-06","purchased_purges":0,"victory":false,"max_hp_per_floor":[80,80,80,80,80,80,80,80,80,80],"card_choices":[{"not_picked":["Sword Boomerang","Twin Strike"],"picked":"Iron Wave","floor":1},{"not_picked":["Clothesline","Evolve"],"picked":"Cleave","floor":3},{"not_picked":["Sword Boomerang","Anger"],"picked":"Shrug It Off","floor":5},{"not_picked":["Clothesline","Thunderclap"],"picked":"Spot Weakness","floor":6}],"player_experience":104866,"relics_obtained":[{"floor":6,"key":"Regal Pillow"},{"floor":9,"key":"Potion Belt"}],"event_choices":[{"damage_healed":0,"gold_gain":175,"player_choice":"AGREE","damage_taken":0,"max_hp_gain":0,"max_hp_loss":0,"event_name":"Liars Game","floor":2,"gold_loss":0,"cards_obtained":["Doubt"]},{"cards_removed":["Strike_R"],"damage_healed":0,"gold_gain":0,"player_choice":"Card Removal","damage_taken":7,"max_hp_gain":0,"max_hp_loss":0,"event_name":"Golden Wing","floor":4,"gold_loss":0},{"cards_removed":["Strike_R"],"damage_healed":0,"gold_gain":0,"player_choice":"Forget","damage_taken":0,"max_hp_gain":0,"max_hp_loss":0,"event_name":"Living Wall","floor":8,"gold_loss":0}],"is_beta":true,"boss_relics":[],"items_purged_floors":[],"is_endless":false,"potions_floor_spawned":[5,6],"killed_by":"Lagavulin","ascension_level":0}