{"gold_per_floor":[115,133,143,143,154,154,188,188,188,113,38,67,83,109,109,186,186,198,248,262,279,121,121,156,356,356,389,389,412,468,484,484,484],"floor_reached":33,"playtime":2407,"items_purged":["Strike_B","Defend_B"],"score":646,"play_id":"50aa7996-41ed-4535-886b-4a6fb794d93b","local_time":"20190202194303","is_ascension_mode":true,"campfire_choices":[{"data":"Barrage","floor":6,"key":"SMITH"},{"data":"Go for the Eyes","floor":8,"key":"SMITH"},{"data":"Doom and Gloom","floor":15,"key":"SMITH"},{"floor":23,"key":"REST"},{"floor":28,"key":"REST"},{"floor":32,"key":"REST"}],"neow_cost":"NONE","seed_source_timestamp":1372459264257512,"circlet_count":0,"master_deck":["AscendersBane","Defend_B","Defend_B+1","Zap+1","Dualcast","Barrage+1","Go for the Eyes+1","Glacier","Doom and Gloom+1","Undo","Genetic Algorithm+1","Cold Snap","Ball Lightning","Biased Cognition+1","Thunder Strike+1","Hyperbeam+1","Turbo+1","Loop+1","Genetic Algorithm","Compile Driver","Coolheaded","Buffer+1","White Noise+1"],"relics":["Cracked Core","Juzu Bracelet","Frozen Egg 2","Dead Branch","Question Card","Astrolabe","Happy Flower","War Paint","Orichalcum","Vajra","Tiny Chest"],"potions_floor_usage":[7,12,13,14,24,27,33],"damage_taken":[{"damage":2,"enemies":"Jaw Worm","floor":1,"turns":3},{"damage":1,"enemies":"Cultist","floor":2,"turns":3},{"damage":0,"enemies":"2 Louse","floor":3,"turns":2},{"damage":4,"enemies":"Large Slime","floor":5,"turns":6},{"damage":5,"enemies":"3 Sentries","floor":7,"turns":4},{"damage":3,"enemies":"Lagavulin","floor":12,"turns":6},{"damage":0,"enemies":"Lots of Slimes","floor":13,"turns":1},{"damage":6,"enemies":"Gremlin Nob","floor":14,"turns":3},{"damage":21,"enemies":"Hexaghost","floor":16,"turns":11},{"damage":16,"enemies":"2 Thieves","floor":18,"turns":3},{"damage":9,"enemies":"Shell Parasite","floor":20,"turns":4},{"damage":0,"enemies":"3 Cultists","floor":21,"turns":2},{"damage":16,"enemies":"Book of Stabbing","floor":24,"turns":6},{"damage":26,"enemies":"Slavers","floor":27,"turns":3},{"damage":6,"enemies":"Book of Stabbing","floor":30,"turns":6},{"damage":0,"enemies":"Sentry and Sphere","floor":31,"turns":4},{"damage":60,"enemies":"Collector","floor":33,"turns":9}],"seed_played":"1277582000720998150","potions_obtained":[{"floor":1,"key":"Strength Potion"},{"floor":2,"key":"Explosive Potion"},{"floor":7,"key":"Explosive Potion"},{"floor":12,"key":"Ancient Potion"},{"floor":16,"key":"Poison Potion"},{"floor":18,"key":"AttackPotion"},{"floor":21,"key":"Swift Potion"},{"floor":27,"key":"SpeedPotion"}],"is_trial":false,"path_per_floor":["M","M","M","?","M","R","E","R","T","?","$","E","M","E","R","B",null,"M","?","M","M","$","R","E","?","T","E","R","T","E","M","R","B"],"character_chosen":"DEFECT","items_purchased":["Coolheaded"],"campfire_rested":3,"item_purchase_floors":[22],"current_hp_per_floor":[62,61,61,61,57,57,52,52,52,52,52,49,49,43,43,22,59,43,43,34,34,34,55,39,39,39,13,34,34,28,28,49,0],"gold":484,"neow_bonus":"UPGRADE_CARD","is_prod":false,"is_daily":false,"chose_seed":false,"campfire_upgraded":3,"win_rate":0,"timestamp":1549165383,"path_taken":["M","M","M","?","M","R","E","R","T","?","$","E","M","E","R","BOSS","M","?","M","M","?","R","E","?","T","E","R","?","E","M","R","BOSS"],"build_version":"2019-01-23","purchased_purges":2,"victory":false,"max_hp_per_floor":[71,71,71,71,71,71,71,71,71,71,71,71,71,71,71,71,71,71,71,71,71,71,71,71,71,71,71,71,71,71,71,71,71],"card_choices":[{"not_picked":["BootSequence","Go for the Eyes"],"picked":"Barrage","floor":1},{"not_picked":["Storm","Aggregate"],"picked":"Go for the Eyes","floor":2},{"not_picked":["Go for the Eyes","Coolheaded"],"picked":"Glacier","floor":3},{"not_picked":["Beam Cell","Streamline"],"picked":"Doom and Gloom","floor":5},{"not_picked":["Auto Shields","Turbo"],"picked":"Undo","floor":7},{"not_picked":["Hyperbeam","Gash"],"picked":"Genetic Algorithm","floor":12},{"not_picked":["Stack","Conserve Battery"],"picked":"Cold Snap","floor":13},{"not_picked":["Hologram","Force Field"],"picked":"Ball Lightning","floor":14},{"not_picked":["Core Surge","Seek","Buffer+1"],"picked":"Biased Cognition+1","floor":16},{"not_picked":["Tempest+1","Recycle+1","BootSequence"],"picked":"Loop+1","floor":18},{"not_picked":["Turbo","Consume","Tempest"],"picked":"Genetic Algorithm","floor":20},{"not_picked":["FTL","Go for the Eyes","Rebound+1"],"picked":"Compile Driver","floor":21},{"not_picked":["Leap","Compile Driver","Rip and Tear","Rebound"],"picked":"SKIP","floor":24},{"not_picked":["Sweeping Beam","Capacitor+1","Skim"],"picked":"Buffer+1","floor":27},{"not_picked":["Cold Snap","Gash","Compile Driver"],"picked":"White Noise+1","floor":30},{"not_picked":["Barrage","Turbo","Conserve Battery","Chaos"],"picked":"SKIP","floor":31}],"player_experience":802965,"relics_obtained":[{"floor":7,"key":"Juzu Bracelet"},{"floor":9,"key":"Frozen Egg 2"},{"floor":12,"key":"Dead Branch"},{"floor":14,"key":"Question Card"},{"floor":24,"key":"Happy Flower"},{"floor":26,"key":"War Paint"},{"floor":27,"key":"Orichalcum"},{"floor":29,"key":"Vajra"},{"floor":30,"key":"Tiny Chest"}],"event_choices":[{"damage_healed":0,"gold_gain":0,"cards_transformed":["Strike_B"],"player_choice":"Transformed","damage_taken":0,"max_hp_gain":0,"max_hp_loss":0,"event_name":"Transmorgrifier","floor":4,"gold_loss":0,"cards_obtained":["Hello World"]},{"cards_removed":["Strike_B"],"damage_healed":0,"gold_gain":0,"player_choice":"Card Removal","damage_taken":0,"max_hp_gain":0,"max_hp_loss":0,"event_name":"The Cleric","floor":10,"gold_loss":75},{"damage_healed":0,"gold_gain":50,"player_choice":"Pray","damage_taken":0,"max_hp_gain":0,"max_hp_loss":0,"event_name":"Golden Shrine","floor":19,"gold_loss":0},{"damage_healed":0,"gold_gain":200,"player_choice":"Gold","damage_taken":0,"max_hp_gain":0,"max_hp_loss":0,"event_name":"Wheel of Change","floor":25,"gold_loss":0}],"is_beta":false,"boss_relics":[{"not_picked":["Black Star","Empty Cage"],"picked":"Astrolabe"}],"items_purged_floors":[11,22],"is_endless":false,"potions_floor_spawned":[1,2,7,12,16,18,21,27],"killed_by":"Collector","ascension_level":20}