{"gold_per_floor":[213,213,213,231,251,251,283,283,362,393,411,411,430,458,458,555,555,568,586,586,31,31,31,62,62,62,62,62],"floor_reached":28,"playtime":1090,"items_purged":["Strike_R"],"score":343,"play_id":"ff39cccd-c6f8-4ebb-9fd6-0fdaa7a87397","local_time":"20190130223909","is_ascension_mode":true,"campfire_choices":[{"data":"Bash","floor":6,"key":"SMITH"},{"data":"Clothesline","floor":8,"key":"SMITH"},{"data":"Cleave","floor":15,"key":"SMITH"},{"data":"Apotheosis","floor":23,"key":"SMITH"},{"data":"Disarm","floor":25,"key":"SMITH"},{"floor":27,"key":"REST"}],"neow_cost":"NONE","seed_source_timestamp":1135697879608770,"circlet_count":0,"master_deck":["Strike_R","Strike_R","Strike_R","Strike_R","Defend_R","Defend_R","Defend_R","Defend_R","Bash+1","Heavy Blade","Clothesline+1","Shrug It Off","Thunderclap","Parasite","Cleave+1","Ghostly Armor","Offering","Disarm+1","Apotheosis+1"],"relics":["Burning Blood","Blood Vial","Sundial","Shuriken","Pen Nib","Black Star","Mercury Hourglass","Question Card","Dodecahedron","Ornamental Fan"],"potions_floor_usage":[7,10,11,16,16,16,19,24,24,24],"damage_taken":[{"damage":1,"enemies":"2 Louse","floor":1,"turns":2},{"damage":9,"enemies":"Jaw Worm","floor":4,"turns":3},{"damage":1,"enemies":"Cultist","floor":5,"turns":3},{"damage":12,"enemies":"Gremlin Nob","floor":7,"turns":3},{"damage":24,"enemies":"3 Sentries","floor":10,"turns":7},{"damage":20,"enemies":"Exordium Wildlife","floor":11,"turns":5},{"damage":16,"enemies":"Blue Slaver","floor":13,"turns":3},{"damage":28,"enemies":"Lagavulin","floor":14,"turns":7},{"damage":31,"enemies":"Slime Boss","floor":16,"turns":12},{"damage":14,"enemies":"Chosen","floor":18,"turns":4},{"damage":25,"enemies":"Spheric Guardian","floor":19,"turns":4},{"damage":25,"enemies":"Book of Stabbing","floor":24,"turns":5},{"damage":53,"enemies":"Gremlin Leader","floor":28,"turns":3}],"seed_played":"630413440780219540","potions_obtained":[{"floor":3,"key":"EssenceOfSteel"},{"floor":3,"key":"Explosive Potion"},{"floor":3,"key":"Energy Potion"},{"floor":10,"key":"Swift Potion"},{"floor":13,"key":"EntropicBrew"},{"floor":16,"key":"EssenceOfSteel"},{"floor":18,"key":"Explosive Potion"},{"floor":19,"key":"SteroidPotion"}],"is_trial":false,"path_per_floor":["M","?","?","M","M","R","E","R","T","E","M","?","M","E","R","B",null,"M","M","?","$","?","R","E","R","T","R","E"],"character_chosen":"IRONCLAD","items_purchased":["Mercury Hourglass","Apotheosis","PowerPotion"],"campfire_rested":1,"item_purchase_floors":[21,21,21],"current_hp_per_floor":[77,77,77,74,79,79,73,73,73,57,45,65,57,37,37,14,64,58,41,41,41,41,41,24,24,24,48,0],"gold":62,"neow_bonus":"HUNDRED_GOLD","is_prod":false,"is_daily":false,"chose_seed":false,"campfire_upgraded":5,"win_rate":0,"timestamp":1548916749,"path_taken":["M","?","?","M","M","R","E","R","T","E","?","?","M","E","R","BOSS","M","M","?","$","?","R","E","R","T","R","E"],"build_version":"2019-01-23","purchased_purges":1,"victory":false,"max_hp_per_floor":[80,80,80,80,80,80,80,80,80,80,80,80,80,80,80,80,80,80,80,80,80,80,80,80,80,80,80,80],"card_choices":[{"not_picked":["Havoc","Armaments"],"picked":"Heavy Blade","floor":1},{"not_picked":["Flame Barrier","Havoc"],"picked":"Clothesline","floor":4},{"not_picked":["Corruption","Dual Wield","Second Wind"],"picked":"SKIP","floor":5},{"not_picked":["True Grit","Blood for Blood"],"picked":"Shrug It Off","floor":7},{"not_picked":["Anger","Searing Blow"],"picked":"Thunderclap","floor":10},{"not_picked":["Hemokinesis","Burning Pact","True Grit"],"picked":"SKIP","floor":11},{"not_picked":["Warcry","Pommel Strike"],"picked":"Cleave","floor":13},{"not_picked":["Whirlwind","Brutality"],"picked":"Ghostly Armor","floor":14},{"not_picked":["Impervious","Fiend Fire"],"picked":"Offering","floor":16},{"not_picked":["Rage","Uppercut","Blood for Blood"],"picked":"SKIP","floor":18},{"not_picked":["Headbutt","Rupture+1","Twin Strike"],"picked":"SKIP","floor":19},{"not_picked":["Heavy Blade","Rupture","Carnage"],"picked":"SKIP","floor":24}],"player_experience":287881,"relics_obtained":[{"floor":7,"key":"Blood Vial"},{"floor":9,"key":"Sundial"},{"floor":10,"key":"Shuriken"},{"floor":14,"key":"Pen Nib"},{"floor":24,"key":"Question Card"},{"floor":24,"key":"Dodecahedron"},{"floor":26,"key":"Ornamental Fan"}],"event_choices":[{"damage_healed":0,"gold_gain":0,"player_choice":"Leave","damage_taken":0,"max_hp_gain":0,"max_hp_loss":0,"event_name":"The Cleric","floor":2,"gold_loss":0},{"damage_healed":0,"gold_gain":0,"player_choice":"Got Potions","damage_taken":0,"max_hp_gain":0,"max_hp_loss":0,"event_name":"Lab","floor":3,"gold_loss":0},{"damage_healed":20,"gold_gain":0,"player_choice":"Healed and dodged fight","damage_taken":0,"max_hp_gain":0,"max_hp_loss":0,"event_name":"Mushrooms","floor":12,"gold_loss":0,"cards_obtained":["Parasite"]},{"damage_healed":0,"gold_gain":0,"player_choice":"Read","damage_taken":0,"max_hp_gain":0,"max_hp_loss":0,"event_name":"The Library","floor":20,"gold_loss":0,"cards_obtained":["Disarm"]},{"damage_healed":0,"gold_gain":0,"player_choice":"Ignored","damage_taken":0,"max_hp_gain":0,"max_hp_loss":0,"event_name":"Beggar","floor":22,"gold_loss":0}],"is_beta":false,"boss_relics":[{"not_picked":["Busted Crown","Pandora\u0027s Box"],"picked":"Black Star"}],"items_purged_floors":[21],"is_endless":false,"potions_floor_spawned":[5,10,13,16,18,19],"killed_by":"Gremlin Leader","ascension_level":7}