{"gold_per_floor":[110,35,52,52,52,52,72,72,72,72,72,85,85,105,105,181,181,193,193,220,235,43,43,57,57,84,96,135,157,187,214,226,313,325,352,364,91,91,110,110,143,143,190,201,201,201,211,221,221,221],"floor_reached":51,"playtime":2063,"items_purged":["Regret","Writhe"],"score":1130,"play_id":"250f46b2-279c-4295-a727-018621bbe915","local_time":"20190212193323","is_ascension_mode":true,"campfire_choices":[{"data":"Infernal Blade","floor":6.0,"key":"SMITH"},{"data":"Offering","floor":8.0,"key":"SMITH"},{"data":"Perfected Strike","floor":11.0,"key":"SMITH"},{"floor":15.0,"key":"REST"},{"data":"Sadistic Nature","floor":23.0,"key":"SMITH"},{"data":"Uppercut","floor":25.0,"key":"SMITH"},{"floor":32.0,"key":"REST"},{"data":"Demon Form","floor":40.0,"key":"SMITH"},{"data":"Shrug It Off","floor":42.0,"key":"SMITH"},{"data":"Ghostly Armor","floor":45.0,"key":"SMITH"},{"floor":49.0,"key":"REST"}],"neow_cost":"CURSE","seed_source_timestamp":660692587587111,"circlet_count":0,"master_deck":["AscendersBane","Strike_R","Strike_R","Defend_R","Defend_R","Defend_R","Bash","Infernal Blade+1","Uppercut+1","Perfected Strike+1","Shrug It Off+1","Offering+1","Anger+1","Ghostly Armor+1","Reaper","Clothesline+1","Twin Strike","Sadistic Nature+1","Thunderclap","Demon Form+1","Spot Weakness+1","Perfected Strike+1","Warcry+1","Chrysalis+1","Armaments+1"],"special_seed":0,"relics":["Burning Blood","Shuriken","Odd Mushroom","Meat on the Bone","Sozu","Toxic Egg 2","Red Mask","MawBank","StoneCalendar","Eternal Feather","Dream Catcher","Lantern"],"potions_floor_usage":[50,50],"damage_taken":[{"damage":9.0,"enemies":"2 Louse","floor":1.0,"turns":2.0},{"damage":9.0,"enemies":"Jaw Worm","floor":3.0,"turns":2.0},{"damage":18.0,"enemies":"The Mushroom Lair","floor":7.0,"turns":4.0},{"damage":8.0,"enemies":"Small Slimes","floor":12.0,"turns":2.0},{"damage":8.0,"enemies":"Exordium Thugs","floor":14.0,"turns":4.0},{"damage":54.0,"enemies":"The Guardian","floor":16.0,"turns":9.0},{"damage":6.0,"enemies":"3 Byrds","floor":18.0,"turns":3.0},{"damage":24.0,"enemies":"Masked Bandits","floor":20.0,"turns":3.0},{"damage":6.0,"enemies":"Spheric Guardian","floor":21.0,"turns":3.0},{"damage":14.0,"enemies":"Snake Plant","floor":24.0,"turns":4.0},{"damage":51.0,"enemies":"Book of Stabbing","floor":28.0,"turns":6.0},{"damage":25.0,"enemies":"3 Cultists","floor":29.0,"turns":4.0},{"damage":48.0,"enemies":"Cultist and Chosen","floor":30.0,"turns":5.0},{"damage":19.0,"enemies":"Snecko","floor":31.0,"turns":4.0},{"damage":68.0,"enemies":"Automaton","floor":33.0,"turns":7.0},{"damage":22.0,"enemies":"3 Shapes","floor":35.0,"turns":4.0},{"damage":14.0,"enemies":"Orb Walker","floor":39.0,"turns":3.0},{"damage":73.0,"enemies":"Reptomancer","floor":41.0,"turns":7.0},{"damage":30.0,"enemies":"Maw","floor":44.0,"turns":7.0},{"damage":43.0,"enemies":"Sphere and 2 Shapes","floor":47.0,"turns":5.0},{"damage":31.0,"enemies":"Spire Growth","floor":48.0,"turns":5.0},{"damage":119,"enemies":"Awakened One","floor":50,"turns":10}],"seed_played":"8190804143593058505","potions_obtained":[{"floor":1.0,"key":"Regen Potion"},{"floor":3.0,"key":"PowerPotion"}],"is_trial":false,"path_per_floor":["M","$","M","?","?","R","?","R","T","?","R","M","?","M","R","B",null,"M","?","?","M","$","R","M","R","T","?","E","M","M","M","R","B",null,"M","?","$","?","M","R","E","R","T","M","R","?","M","M","R","B",null],"character_chosen":"IRONCLAD","items_purchased":["Sadistic Nature","Chrysalis+1"],"campfire_rested":3,"item_purchase_floors":[22,37],"current_hp_per_floor":[65,65,62,67,60,60,48,48,48,48,48,58,58,56,80,44,71,71,71,73,73,73,73,65,65,65,80,54,47,35,41,65,36,69,63,63,63,63,55,70,35,50,50,51,66,66,41,53,80,30],"gold":221,"neow_bonus":"TRANSFORM_TWO_CARDS","is_prod":false,"is_daily":false,"chose_seed":false,"campfire_upgraded":8,"win_rate":0,"timestamp":1550018003,"path_taken":["M","$","M","?","?","R","?","R","T","?","R","?","?","M","R","BOSS","M","?","?","M","$","R","M","R","T","?","E","M","M","M","R","BOSS","M","?","$","?","M","R","E","R","T","M","R","?","?","M","R","BOSS"],"build_version":"2019-02-06","purchased_purges":2,"victory":true,"max_hp_per_floor":[75,75,75,80,80,80,80,80,80,80,80,80,80,80,80,80,80,80,80,80,80,80,80,80,80,80,80,80,80,80,80,80,80,80,80,80,80,80,80,80,80,80,80,80,80,80,80,80,80,80],"card_choices":[{"not_picked":["Warcry","Heavy Blade"],"picked":"Perfected Strike","floor":1.0},{"not_picked":["Anger","Wild Strike"],"picked":"Shrug It Off","floor":3.0},{"not_picked":["Feel No Pain","Bloodletting"],"picked":"Offering","floor":7.0},{"not_picked":["Wild Strike","Dual Wield"],"picked":"Anger","floor":12.0},{"not_picked":["Corruption","Bloodletting"],"picked":"Ghostly Armor","floor":14.0},{"not_picked":["Juggernaut","Offering"],"picked":"Reaper","floor":16.0},{"not_picked":["Iron Wave","Hemokinesis"],"picked":"Clothesline+1","floor":18.0},{"not_picked":["Wild Strike","Whirlwind"],"picked":"Twin Strike","floor":20.0},{"not_picked":["Heavy Blade","Pommel Strike","Sentinel+1"],"picked":"SKIP","floor":21.0},{"not_picked":["Iron Wave","Burning Pact+1","Reckless Charge"],"picked":"SKIP","floor":24.0},{"not_picked":["Anger","Perfected Strike"],"picked":"Thunderclap","floor":28.0},{"not_picked":["Clothesline","Pommel Strike"],"picked":"Demon Form","floor":29.0},{"not_picked":["Bloodletting+1","Clothesline"],"picked":"Spot Weakness+1","floor":30.0},{"not_picked":["Carnage","Body Slam+1"],"picked":"Perfected Strike+1","floor":31.0},{"not_picked":["Anger","True Grit+1"],"picked":"Warcry+1","floor":35.0},{"not_picked":["Wild Strike+1","Anger"],"picked":"Armaments+1","floor":39.0},{"not_picked":["Immolate","Warcry+1","Power Through+1"],"picked":"SKIP","floor":41.0},{"not_picked":["Thunderclap","Pommel Strike","Fire Breathing"],"picked":"SKIP","floor":44.0},{"not_picked":["Rampage","Dual Wield+1","Pommel Strike"],"picked":"SKIP","floor":47.0},{"not_picked":["Twin Strike","Havoc+1","Shrug It Off+1"],"picked":"SKIP","floor":48.0}],"player_experience":594867,"relics_obtained":[{"floor":7.0,"key":"Odd Mushroom"},{"floor":9.0,"key":"Meat on the Bone"},{"floor":20.0,"key":"Red Mask"},{"floor":26.0,"key":"MawBank"},{"floor":28.0,"key":"StoneCalendar"},{"floor":41.0,"key":"Dream Catcher"},{"floor":43.0,"key":"Lantern"}],"event_choices":[{"damage_healed":0.0,"max_hp_gain":5.0,"max_hp_loss":0.0,"gold_gain":0.0,"event_name":"Big Fish","player_choice":"Donut","floor":4.0,"gold_loss":0.0,"damage_taken":0.0},{"damage_healed":0.0,"max_hp_gain":0.0,"max_hp_loss":0.0,"gold_gain":0.0,"event_name":"Scrap Ooze","player_choice":"Success","floor":5.0,"gold_loss":0.0,"damage_taken":7.0,"relics_obtained":["Shuriken"]},{"damage_healed":0.0,"max_hp_gain":0.0,"max_hp_loss":0.0,"gold_gain":0.0,"event_name":"Mushrooms","player_choice":"Fought Mushrooms","floor":7.0,"gold_loss":0.0,"damage_taken":0.0},{"cards_removed":["Strike_R"],"damage_healed":0.0,"max_hp_gain":0.0,"max_hp_loss":0.0,"gold_gain":0.0,"event_name":"Purifier","player_choice":"Purged","floor":10.0,"gold_loss":0.0,"damage_taken":0.0},{"damage_healed":0.0,"max_hp_gain":0.0,"max_hp_loss":0.0,"gold_gain":0.0,"event_name":"Accursed Blacksmith","player_choice":"Forge","floor":13.0,"gold_loss":0.0,"damage_taken":0.0,"cards_upgraded":["Anger"]},{"damage_healed":0.0,"max_hp_gain":0.0,"max_hp_loss":0.0,"gold_gain":0.0,"event_name":"The Mausoleum","player_choice":"Opened","floor":19.0,"gold_loss":0.0,"damage_taken":0.0,"relics_obtained":["Toxic Egg 2"],"cards_obtained":["Writhe"]},{"damage_healed":0.0,"max_hp_gain":0.0,"max_hp_loss":0.0,"gold_gain":0.0,"event_name":"Masked Bandits","player_choice":"Fought Bandits","floor":20.0,"gold_loss":0.0,"damage_taken":0.0},{"damage_healed":15.0,"max_hp_gain":0.0,"max_hp_loss":0.0,"gold_gain":0.0,"event_name":"Wheel of Change","player_choice":"Full Heal","floor":27.0,"gold_loss":0.0,"damage_taken":0.0},{"damage_healed":0.0,"max_hp_gain":0.0,"max_hp_loss":0.0,"gold_gain":0.0,"event_name":"Mysterious Sphere","player_choice":"Ignored","floor":36.0,"gold_loss":0.0,"damage_taken":0.0},{"cards_removed":["Strike_R"],"damage_healed":0.0,"max_hp_gain":0.0,"max_hp_loss":0.0,"gold_gain":0.0,"event_name":"Falling","player_choice":"Removed Attack","floor":38.0,"gold_loss":0.0,"damage_taken":0.0},{"damage_healed":0.0,"max_hp_gain":0.0,"max_hp_loss":0.0,"gold_gain":0.0,"event_name":"Lab","player_choice":"Got Potions","floor":46.0,"gold_loss":0.0,"damage_taken":0.0}],"is_beta":true,"boss_relics":[{"not_picked":["Philosopher\u0027s Stone","Black Blood"],"picked":"Sozu"},{"not_picked":["Runic Cube","Fusion Hammer"],"picked":"Eternal Feather"}],"items_purged_floors":[2,37],"is_endless":false,"potions_floor_spawned":[1,3,20,21,29,31,41,44],"ascension_level":14}