{"gold_per_floor":[112,16,35,35,49,77,94,94,94,125,176,192,192,224,224,321,321,337,352,371,12,32,32,66,66,118,118,138,149,149,161,161,259,259,271,82,94,94,43,43,62,94,94,106,106,106,139,39,39,39],"floor_reached":51,"playtime":3122,"items_purged":["Strike_R","Defend_R"],"score":809,"play_id":"7199c0f4-3846-40ba-8a48-36e8bd35e462","local_time":"20190106031646","is_ascension_mode":true,"campfire_choices":[{"data":"Heavy Blade","floor":8,"key":"SMITH"},{"floor":15,"key":"REST"},{"data":"Limit Break","floor":23,"key":"SMITH"},{"floor":32,"key":"REST"},{"data":"Double Tap","floor":40,"key":"SMITH"},{"data":"Demon Form","floor":46,"key":"SMITH"},{"data":"Warcry","floor":49,"key":"SMITH"}],"neow_cost":"NONE","seed_source_timestamp":1411438888546400,"circlet_count":0,"master_deck":["Strike_R","Strike_R","Strike_R","Defend_R","Defend_R","Defend_R","Bash","Flex","Heavy Blade+1","Flex","Twin Strike","Warcry+1","Clothesline","Flame Barrier","Pommel Strike+1","Limit Break+1","Demon Form+1","Pummel+1","Perfected Strike+1","Offering","Reaper+1","Injury","Disarm","Iron Wave+1","Power Through","Immolate+1","Shrug It Off","Double Tap+1","Shrug It Off","Shockwave+1","True Grit+1","Shame","Power Through+1","Seeing Red+1"],"relics":["Burning Blood","Pen Nib","Ancient Tea Set","Molten Egg 2","Sundial","Red Skull","Cursed Key","Tiny Chest","Question Card","Ice Cream","Bronze Scales","Eternal Feather","Du-Vu Doll","Bag of Preparation","Dream Catcher"],"potions_floor_usage":[14,24,29,31,50,50,50],"damage_taken":[{"damage":11,"enemies":"2 Louse","floor":1,"turns":4},{"damage":1,"enemies":"Jaw Worm","floor":3,"turns":3},{"damage":6,"enemies":"Cultist","floor":5,"turns":3},{"damage":32,"enemies":"Gremlin Nob","floor":6,"turns":4},{"damage":15,"enemies":"Exordium Wildlife","floor":7,"turns":4},{"damage":17,"enemies":"3 Sentries","floor":10,"turns":6},{"damage":6,"enemies":"3 Louse","floor":12,"turns":4},{"damage":24,"enemies":"Gremlin Nob","floor":14,"turns":5},{"damage":12,"enemies":"Hexaghost","floor":16,"turns":7},{"damage":0,"enemies":"Spheric Guardian","floor":18,"turns":3},{"damage":5,"enemies":"Chosen","floor":19,"turns":4},{"damage":21,"enemies":"Snecko","floor":20,"turns":4},{"damage":14,"enemies":"Cultist and Chosen","floor":22,"turns":6},{"damage":35,"enemies":"Slavers","floor":24,"turns":4},{"damage":35,"enemies":"Centurion and Healer","floor":28,"turns":3},{"damage":4,"enemies":"Snake Plant","floor":29,"turns":2},{"damage":5,"enemies":"Cultist and Chosen","floor":31,"turns":2},{"damage":55,"enemies":"Automaton","floor":33,"turns":8},{"damage":5,"enemies":"Orb Walker","floor":35,"turns":4},{"damage":31,"enemies":"3 Darklings","floor":37,"turns":4},{"damage":7,"enemies":"Spire Growth","floor":41,"turns":3},{"damage":33,"enemies":"Nemesis","floor":42,"turns":5},{"damage":6,"enemies":"Transient","floor":44,"turns":5},{"damage":6,"enemies":"Giant Head","floor":47,"turns":5},{"damage":82,"enemies":"Awakened One","floor":50,"turns":14}],"seed_played":"1180040739029550082","potions_obtained":[{"floor":5,"key":"LiquidBronze"},{"floor":12,"key":"GamblersBrew"},{"floor":14,"key":"GamblersBrew"},{"floor":16,"key":"SpeedPotion"},{"floor":18,"key":"Fire Potion"},{"floor":19,"key":"Ancient Potion"},{"floor":28,"key":"Block Potion"},{"floor":29,"key":"PowerPotion"},{"floor":33,"key":"Swift Potion"},{"floor":44,"key":"Block Potion"}],"is_trial":false,"path_per_floor":["M","$","M","$","M","E","M","R","T","E","?","M","?","E","R","B",null,"M","M","M","$","M","R","E","?","T","?","M","M","?","M","R","B",null,"M","$","M","?","$","R","M","E","T","M","?","R","E","$","R","B",null],"character_chosen":"IRONCLAD","items_purchased":["Heavy Blade","Flex","Tiny Chest","Question Card","Shrug It Off","Double Tap","Shrug It Off"],"campfire_rested":2,"item_purchase_floors":[2,2,21,21,36,36,39],"current_hp_per_floor":[75,75,80,80,80,54,45,45,45,34,34,34,34,16,40,34,80,80,80,65,65,57,57,28,28,28,28,23,25,25,26,50,31,80,80,80,55,55,55,73,72,46,46,76,76,76,76,76,76,17],"gold":39,"neow_bonus":"RANDOM_COMMON_RELIC","is_prod":false,"is_daily":false,"chose_seed":false,"campfire_upgraded":5,"win_rate":0,"timestamp":1546773406,"path_taken":["M","$","M","$","M","E","M","R","T","E","?","M","?","E","R","BOSS","M","M","?","$","M","R","E","?","T","?","M","M","?","M","R","BOSS","M","$","M","?","$","R","M","E","T","M","?","R","E","$","R","BOSS"],"build_version":"2019-01-03v4","purchased_purges":2,"victory":true,"max_hp_per_floor":[80,80,80,80,80,80,80,80,80,80,80,80,80,80,80,80,80,80,80,80,80,80,80,80,80,80,80,80,80,80,80,80,80,80,80,80,80,80,80,80,80,80,80,80,76,76,76,76,76,76],"card_choices":[{"not_picked":["Cleave","Hemokinesis"],"picked":"Flex","floor":1},{"not_picked":["Havoc","Entrench"],"picked":"Twin Strike","floor":3},{"not_picked":["Dual Wield","Twin Strike"],"picked":"Warcry","floor":5},{"not_picked":["Flex","Seeing Red"],"picked":"Clothesline","floor":6},{"not_picked":["Sentinel","Infernal Blade"],"picked":"Flame Barrier","floor":7},{"not_picked":["Twin Strike+1","Wild Strike+1"],"picked":"Pommel Strike+1","floor":10},{"not_picked":["Heavy Blade+1","Bloodletting"],"picked":"Limit Break","floor":12},{"not_picked":["Brutality","Anger+1","Flame Barrier"],"picked":"SKIP","floor":14},{"not_picked":["Exhume","Bludgeon+1"],"picked":"Demon Form","floor":16},{"not_picked":["Thunderclap+1","Wild Strike+1"],"picked":"Pummel+1","floor":18},{"not_picked":["Armaments+1","Pummel+1"],"picked":"Perfected Strike+1","floor":19},{"not_picked":["Clash+1","Body Slam+1"],"picked":"Thunderclap+1","floor":20},{"not_picked":["Battle Trance+1","Clash+1","True Grit"],"picked":"Offering","floor":22},{"not_picked":["Wild Strike+1","Sword Boomerang+1","Clash+1"],"picked":"Reaper+1","floor":24},{"not_picked":["Hemokinesis+1","Evolve","Ghostly Armor"],"picked":"Disarm","floor":28},{"not_picked":["Spot Weakness","Infernal Blade","Armaments"],"picked":"Iron Wave+1","floor":29},{"not_picked":["Berserk","Havoc+1","Reckless Charge+1"],"picked":"Power Through","floor":31},{"not_picked":["Offering","Bludgeon+1","Reaper+1"],"picked":"Immolate+1","floor":33},{"not_picked":["Clash+1","Pommel Strike+1","Body Slam+1","Sword Boomerang+1"],"picked":"SKIP","floor":35},{"not_picked":["Hemokinesis+1","Heavy Blade+1","Warcry+1","Body Slam+1"],"picked":"SKIP","floor":37},{"not_picked":["Flex+1","Twin Strike+1","Perfected Strike+1"],"picked":"Shockwave+1","floor":41},{"not_picked":["Battle Trance+1","Fire Breathing","Demon Form"],"picked":"True Grit+1","floor":42},{"not_picked":["Fire Breathing+1","Heavy Blade+1","Body Slam+1"],"picked":"Power Through+1","floor":44},{"not_picked":["Blood for Blood+1","Bludgeon+1","Sentinel+1"],"picked":"Seeing Red+1","floor":47}],"player_experience":92966,"relics_obtained":[{"floor":6,"key":"Ancient Tea Set"},{"floor":9,"key":"Molten Egg 2"},{"floor":10,"key":"Sundial"},{"floor":14,"key":"Red Skull"},{"floor":24,"key":"Ice Cream"},{"floor":26,"key":"Bronze Scales"},{"floor":42,"key":"Du-Vu Doll"},{"floor":43,"key":"Bag of Preparation"},{"floor":47,"key":"Dream Catcher"}],"event_choices":[{"damage_healed":0,"gold_gain":51,"player_choice":"Gained Gold","damage_taken":0,"max_hp_gain":0,"max_hp_loss":0,"event_name":"Golden Wing","floor":11,"gold_loss":0},{"cards_removed":["Strike_R"],"damage_healed":0,"gold_gain":0,"player_choice":"Offered Basic","damage_taken":0,"max_hp_gain":0,"max_hp_loss":0,"event_name":"Bonfire Elementals","floor":13,"gold_loss":0},{"damage_healed":0,"gold_gain":0,"player_choice":"Ignored","damage_taken":0,"max_hp_gain":0,"max_hp_loss":0,"event_name":"The Mausoleum","floor":25,"gold_loss":0},{"damage_healed":0,"gold_gain":0,"player_choice":"Ignored","damage_taken":0,"max_hp_gain":0,"max_hp_loss":0,"event_name":"Cursed Tome","floor":27,"gold_loss":0},{"damage_healed":0,"gold_gain":0,"player_choice":"Ignored","damage_taken":0,"max_hp_gain":0,"max_hp_loss":0,"event_name":"Ghosts","floor":30,"gold_loss":0},{"cards_removed":["Thunderclap"],"damage_healed":0,"gold_gain":0,"player_choice":"Removed Attack","damage_taken":0,"max_hp_gain":0,"max_hp_loss":0,"event_name":"Falling","floor":38,"gold_loss":0},{"damage_healed":0,"gold_gain":0,"player_choice":"Max HP","damage_taken":0,"max_hp_gain":0,"max_hp_loss":4,"event_name":"Winding Halls","floor":45,"gold_loss":0}],"is_beta":false,"boss_relics":[{"not_picked":["Lizard Tail","Astrolabe"],"picked":"Cursed Key"},{"not_picked":["White Beast Statue","Coffee Dripper"],"picked":"Eternal Feather"}],"items_purged_floors":[36,48],"is_endless":false,"potions_floor_spawned":[5,12,14,16,18,19,28,29,33,44],"ascension_level":1}