{"gold_per_floor":[117,25,25,35,35,68,68,93,93,124,124,142,177,191,191,294,294,310,329,341,39,53,53,86,86,86,98,132,132,47,77,77,179,179,195,195,16,16,36,66,66,91,118,118,136,169,22,48,60,72],"floor_reached":51,"playtime":3147,"items_purged":["Strike_B","Strike_B"],"score":1521,"play_id":"fe0ee6ea-b17a-435e-a0b3-6f6407e2b7d3","local_time":"20181105141033","is_ascension_mode":true,"campfire_choices":[{"data":"Storm","floor":11.0,"key":"SMITH"},{"data":"Zap","floor":15.0,"key":"SMITH"},{"data":"Apotheosis","floor":23.0,"key":"SMITH"},{"data":"Buffer","floor":29.0,"key":"SMITH"},{"data":"Chill","floor":32.0,"key":"SMITH"},{"data":"Ball Lightning","floor":44,"key":"SMITH"},{"data":"Defragment","floor":49,"key":"SMITH"}],"neow_cost":"NONE","seed_source_timestamp":231299577139112,"circlet_count":0,"master_deck":["AscendersBane","Strike_B","Defend_B","Defend_B","Defend_B","Defend_B","Zap+1","Dualcast","Self Repair","Storm+1","Go for the Eyes","Biased Cognition","Heatsinks","Trip","Sunder","Leap","Seek","Ball Lightning+1","Glacier","Chill+1","Leap","Buffer+1","Apotheosis+1","Defragment","Reboot","Thunder Strike","Defragment+1","Madness","Madness","Heatsinks","Defragment","White Noise"],"special_seed":0,"relics":["Cracked Core","NeowsBlessing","Darkstone Periapt","Bag of Preparation","Strawberry","Incense Burner","Pen Nib","Busted Crown","Blood Vial","Dodecahedron","Singing Bowl","PreservedInsect","Juzu Bracelet","Sozu","Calipers","Letter Opener","Happy Flower","Centennial Puzzle","Symbiotic Virus","MawBank"],"potions_floor_usage":[50],"damage_taken":[{"damage":0.0,"enemies":"Cultist","floor":1.0,"turns":1.0},{"damage":0.0,"enemies":"Jaw Worm","floor":4.0,"turns":1.0},{"damage":0.0,"enemies":"Gremlin Nob","floor":6.0,"turns":1.0},{"damage":20.0,"enemies":"3 Sentries","floor":8.0,"turns":6.0},{"damage":20.0,"enemies":"Gremlin Nob","floor":10.0,"turns":4.0},{"damage":8.0,"enemies":"Small Slimes","floor":12.0,"turns":3.0},{"damage":16.0,"enemies":"3 Sentries","floor":13.0,"turns":5.0},{"damage":0.0,"enemies":"Red Slaver","floor":14.0,"turns":3.0},{"damage":25.0,"enemies":"Slime Boss","floor":16.0,"turns":7.0},{"damage":10.0,"enemies":"2 Thieves","floor":18.0,"turns":4.0},{"damage":1.0,"enemies":"Shell Parasite","floor":19.0,"turns":5.0},{"damage":1.0,"enemies":"Sentry and Sphere","floor":20.0,"turns":5.0},{"damage":0.0,"enemies":"Cultist and Chosen","floor":22.0,"turns":5.0},{"damage":0.0,"enemies":"Gremlin Leader","floor":24.0,"turns":7.0},{"damage":0.0,"enemies":"Chosen and Byrds","floor":27.0,"turns":4.0},{"damage":4.0,"enemies":"Book of Stabbing","floor":28.0,"turns":4.0},{"damage":19.0,"enemies":"Slavers","floor":31.0,"turns":4.0},{"damage":0,"enemies":"Collector","floor":33,"turns":10},{"damage":2,"enemies":"3 Darklings","floor":35,"turns":5},{"damage":0,"enemies":"Orb Walker","floor":39,"turns":3},{"damage":0,"enemies":"Giant Head","floor":40,"turns":6},{"damage":9,"enemies":"Reptomancer","floor":42,"turns":5},{"damage":1,"enemies":"Maw","floor":45,"turns":4},{"damage":0,"enemies":"Nemesis","floor":46,"turns":3},{"damage":2,"enemies":"Giant Head","floor":48,"turns":4},{"damage":25,"enemies":"Time Eater","floor":50,"turns":6}],"seed_played":"6845652063613612177","potions_obtained":[{"floor":1.0,"key":"LiquidBronze"},{"floor":12.0,"key":"Strength Potion"},{"floor":13.0,"key":"SteroidPotion"},{"floor":20.0,"key":"Block Potion"},{"floor":25.0,"key":"FocusPotion"}],"is_trial":false,"path_per_floor":["M","$","?","M","$","E","$","E","T","E","R","M","E","M","R","B",null,"M","M","M","$","M","R","E","E","?","T","M","E","R","?","E","R","B",null,"M","?","$","?","M","E","?","E","T","R","M","E","$","E","R","B",null],"character_chosen":"DEFECT","items_purchased":["Storm","Go for the Eyes","Apotheosis","Defragment","Defragment","Defragment","White Noise"],"campfire_rested":0,"item_purchase_floors":[2,2,21,21,37,47,47],"current_hp_per_floor":[68,68,68,68,68,68,68,55,62,49,49,48,39,46,46,28,69,66,72,78,78,82,82,82,82,82,82,84,84,84,75,75,84,84,86,86,86,86,88,90,79,79,79,79,92,94,94,96,96,78],"gold":84,"neow_bonus":"THREE_ENEMY_KILL","is_prod":false,"is_daily":false,"chose_seed":false,"campfire_upgraded":7,"win_rate":0,"timestamp":1541445033,"path_taken":["M","?","?","?","$","E","$","E","T","E","R","M","E","M","R","BOSS","M","M","M","$","M","R","E","?","T","?","E","R","?","E","R","BOSS","M","?","?","?","M","E","?","E","T","R","M","E","?","E","R","BOSS"],"build_version":"2018-11-01","purchased_purges":2,"victory":true,"max_hp_per_floor":[75,75,75,75,75,75,75,75,82,82,82,82,82,82,82,82,82,82,82,82,82,82,82,82,82,82,82,84,84,84,84,84,84,84,86,86,86,86,88,90,90,90,90,90,92,94,94,96,96,96],"card_choices":[{"not_picked":["Auto Shields","Genetic Algorithm"],"picked":"Self Repair","floor":1.0},{"not_picked":["Lockon","Go for the Eyes"],"picked":"Sunder","floor":4.0},{"not_picked":["Turbo","Multi-Cast"],"picked":"Leap","floor":6.0},{"not_picked":["Sweeping Beam","Leap"],"picked":"Seek","floor":8.0},{"not_picked":["Sweeping Beam","Recycle"],"picked":"Ball Lightning","floor":10.0},{"not_picked":["Stack","Reinforced Body"],"picked":"Glacier","floor":12.0},{"not_picked":["Aggregate","Redo"],"picked":"Chill","floor":13.0},{"not_picked":["Rebound","Sweeping Beam"],"picked":"Leap","floor":14.0},{"not_picked":["Machine Learning","Seek"],"picked":"Buffer","floor":16.0},{"not_picked":["Streamline"],"picked":"SKIP","floor":18.0},{"not_picked":["Streamline"],"picked":"SKIP","floor":19.0},{"not_picked":["Tempest"],"picked":"SKIP","floor":20.0},{"not_picked":["Tempest"],"picked":"SKIP","floor":22.0},{"not_picked":["Fusion"],"picked":"SKIP","floor":24.0},{"not_picked":["Fusion"],"picked":"SKIP","floor":24.0},{"not_picked":["Go for the Eyes"],"picked":"SKIP","floor":27.0},{"not_picked":["Hologram"],"picked":"Singing Bowl","floor":28.0},{"not_picked":[],"picked":"Reboot","floor":31.0},{"not_picked":[],"picked":"Thunder Strike","floor":33},{"not_picked":["Recycle+1"],"picked":"Singing Bowl","floor":35},{"not_picked":["Gash+1"],"picked":"Singing Bowl","floor":39},{"not_picked":["Steam+1"],"picked":"Singing Bowl","floor":40},{"not_picked":[],"picked":"Heatsinks","floor":42},{"not_picked":["Chill"],"picked":"Singing Bowl","floor":45},{"not_picked":["Stack"],"picked":"Singing Bowl","floor":46},{"not_picked":["Reboot"],"picked":"Singing Bowl","floor":48}],"player_experience":694597,"relics_obtained":[{"floor":6.0,"key":"Darkstone Periapt"},{"floor":8.0,"key":"Bag of Preparation"},{"floor":9.0,"key":"Strawberry"},{"floor":10.0,"key":"Incense Burner"},{"floor":13.0,"key":"Pen Nib"},{"floor":24.0,"key":"Blood Vial"},{"floor":26.0,"key":"Dodecahedron"},{"floor":28.0,"key":"Singing Bowl"},{"floor":31.0,"key":"Juzu Bracelet"},{"floor":40,"key":"Letter Opener"},{"floor":42,"key":"Happy Flower"},{"floor":43,"key":"Centennial Puzzle"},{"floor":46,"key":"Symbiotic Virus"},{"floor":48,"key":"MawBank"}],"event_choices":[{"damage_healed":0.0,"max_hp_gain":0.0,"max_hp_loss":0.0,"gold_gain":0.0,"event_name":"Match and Keep!","player_choice":"3 cards matched","floor":3.0,"gold_loss":0.0,"damage_taken":0.0,"cards_obtained":["Biased Cognition","Heatsinks","Trip"]},{"damage_healed":0.0,"max_hp_gain":0.0,"max_hp_loss":0.0,"gold_gain":0.0,"event_name":"Lab","player_choice":"Got Potions","floor":25.0,"gold_loss":0.0,"damage_taken":0.0},{"damage_healed":0.0,"max_hp_gain":0.0,"max_hp_loss":0.0,"gold_gain":0.0,"event_name":"Addict","player_choice":"Obtained Relic","floor":30.0,"gold_loss":85.0,"damage_taken":0.0,"relics_obtained":["PreservedInsect"]},{"damage_healed":0,"gold_gain":0,"player_choice":"Gave Potion","damage_taken":0,"relics_obtained":["Calipers"],"max_hp_gain":0,"max_hp_loss":0,"event_name":"WeMeetAgain","floor":36,"gold_loss":0},{"cards_removed":["Strike_B"],"damage_healed":0,"gold_gain":0,"player_choice":"Removed Attack","damage_taken":0,"max_hp_gain":0,"max_hp_loss":0,"event_name":"Falling","floor":38,"gold_loss":0},{"damage_healed":0,"gold_gain":0,"player_choice":"Embrace Madness","damage_taken":11,"max_hp_gain":0,"max_hp_loss":0,"event_name":"Winding Halls","floor":41,"gold_loss":0,"cards_obtained":["Madness","Madness"]}],"is_beta":false,"boss_relics":[{"not_picked":["Inserter","FrozenCore"],"picked":"Busted Crown"},{"not_picked":["White Beast Statue","Orrery"],"picked":"Sozu"}],"items_purged_floors":[21,37],"is_endless":false,"potions_floor_spawned":[1,12,13,14,20,22,24,28,33,35,39,45,48],"ascension_level":11}