{"gold_per_floor":[109,127,127,202,42,83,183,207,230,230],"floor_reached":10,"playtime":656,"items_purged":["Strike_G"],"score":76,"play_id":"5c522759-abe5-497e-bf23-34cd7a2ade2a","local_time":"20190131021058","is_ascension_mode":true,"campfire_choices":[],"neow_cost":"NONE","seed_source_timestamp":7477368056103,"circlet_count":0,"master_deck":["Defend_G","Defend_G","Defend_G","Defend_G","Defend_G","Strike_G","Strike_G","Strike_G","Strike_G","Survivor","Neutralize","Poisoned Stab","Dagger Throw","Catalyst","Sucker Punch","Flying Knee"],"relics":["Ring of the Snake","Lantern","Golden Idol","PreservedInsect","Snake Skull"],"potions_floor_usage":[10],"damage_taken":[{"damage":0,"enemies":"Jaw Worm","floor":1,"turns":4},{"damage":1,"enemies":"2 Louse","floor":2,"turns":3},{"damage":30,"enemies":"Gremlin Nob","floor":6,"turns":5},{"damage":0,"enemies":"Cultist","floor":8,"turns":3},{"damage":12,"enemies":"3 Sentries","floor":10,"turns":3}],"seed_played":"5329737389423403494","potions_obtained":[{"floor":2,"key":"SneckoOil"}],"is_trial":false,"path_per_floor":["M","M","?","?","$","E","?","M","T","E"],"character_chosen":"THE_SILENT","items_purchased":["Catalyst","Sucker Punch"],"campfire_rested":0,"item_purchase_floors":[5,5],"current_hp_per_floor":[70,69,52,41,41,11,11,11,11,0],"gold":230,"neow_bonus":"RANDOM_COMMON_RELIC","is_prod":false,"is_daily":false,"chose_seed":false,"campfire_upgraded":0,"win_rate":0,"timestamp":1548897058,"path_taken":["M","M","?","?","$","E","?","M","T","E"],"build_version":"2019-01-23","purchased_purges":1,"victory":false,"max_hp_per_floor":[70,70,70,70,70,70,70,70,70,70],"card_choices":[{"not_picked":["Dodge and Roll","Eviscerate"],"picked":"Poisoned Stab","floor":1},{"not_picked":["Cloak And Dagger","Outmaneuver"],"picked":"Dagger Throw","floor":2},{"not_picked":["Night Terror","Dagger Spray"],"picked":"Flying Knee","floor":6},{"not_picked":["Infinite Blades","Quick Slash","Acrobatics"],"picked":"SKIP","floor":8}],"player_experience":281609,"relics_obtained":[{"floor":6,"key":"PreservedInsect"},{"floor":9,"key":"Snake Skull"}],"event_choices":[{"damage_healed":0,"gold_gain":0,"player_choice":"Take Damage","damage_taken":17,"relics_obtained":["Golden Idol"],"max_hp_gain":0,"max_hp_loss":0,"event_name":"Golden Idol","floor":3,"gold_loss":0},{"damage_healed":0,"gold_gain":75,"player_choice":"Gather Gold","damage_taken":11,"max_hp_gain":0,"max_hp_loss":0,"event_name":"World of Goop","floor":4,"gold_loss":0},{"damage_healed":0,"gold_gain":100,"player_choice":"Pray","damage_taken":0,"max_hp_gain":0,"max_hp_loss":0,"event_name":"Golden Shrine","floor":7,"gold_loss":0}],"is_beta":false,"boss_relics":[],"items_purged_floors":[5],"is_endless":false,"potions_floor_spawned":[2],"killed_by":"3 Sentries","ascension_level":3}