{"gold_per_floor":[117,127,147,160,171,171,15,48,126,146,175,175,175,194,194,290,290,304,304,504,516,564,564,135,170,170,182,182,200,200,200],"floor_reached":31,"playtime":1573,"items_purged":["Strike_R"],"score":307,"play_id":"d610575f-089d-4cea-b64d-b7f59c6b9b05","local_time":"20190109234124","is_ascension_mode":true,"campfire_choices":[{"data":"Spot Weakness","floor":6,"key":"SMITH"},{"data":"Sentinel","floor":12,"key":"SMITH"},{"floor":15,"key":"REST"},{"data":"True Grit","floor":23,"key":"SMITH"},{"data":"Armaments","floor":30,"key":"SMITH"}],"neow_cost":"NONE","seed_source_timestamp":97396776182622,"circlet_count":0,"master_deck":["Strike_R","Strike_R+1","Strike_R+1","Strike_R","Defend_R","Defend_R+1","Defend_R+1","Defend_R","Bash","Iron Wave","Spot Weakness+1","Shrug It Off","Pommel Strike","Burning Pact","Sentinel+1","Headbutt","Offering","Purity","True Grit+1","Uppercut","Armaments+1","Demon Form+1","Whirlwind+1","Bloodletting+1"],"relics":["Burning Blood","War Paint","Bronze Scales","Juzu Bracelet","Frozen Egg 2","Nunchaku","Runic Pyramid","Smiling Mask","Bottled Lightning","Potion Belt","Kunai"],"potions_floor_usage":[8,18,29,31,31],"damage_taken":[{"damage":6,"enemies":"2 Louse","floor":1,"turns":4},{"damage":3,"enemies":"Small Slimes","floor":2,"turns":3},{"damage":1,"enemies":"Cultist","floor":3,"turns":3},{"damage":3,"enemies":"Exordium Thugs","floor":4,"turns":5},{"damage":6,"enemies":"3 Louse","floor":5,"turns":3},{"damage":51,"enemies":"Gremlin Nob","floor":8,"turns":5},{"damage":6,"enemies":"Looter","floor":10,"turns":2},{"damage":11,"enemies":"3 Sentries","floor":11,"turns":8},{"damage":0,"enemies":"Large Slime","floor":14,"turns":4},{"damage":11,"enemies":"The Guardian","floor":16,"turns":9},{"damage":11,"enemies":"3 Byrds","floor":18,"turns":2},{"damage":6,"enemies":"Spheric Guardian","floor":21,"turns":2},{"damage":29,"enemies":"Slavers","floor":25,"turns":6},{"damage":26,"enemies":"Centurion and Healer","floor":27,"turns":7},{"damage":18,"enemies":"Chosen and Byrds","floor":29,"turns":4},{"damage":21,"enemies":"Cultist and Chosen","floor":31,"turns":5}],"seed_played":"-8759439829839034426","potions_obtained":[{"floor":2,"key":"Poison Potion"},{"floor":3,"key":"Explosive Potion"},{"floor":8,"key":"FearPotion"},{"floor":10,"key":"SpeedPotion"},{"floor":11,"key":"Fire Potion"},{"floor":21,"key":"FearPotion"},{"floor":27,"key":"AttackPotion"}],"is_trial":false,"path_per_floor":["M","M","M","M","M","R","$","E","T","M","E","R","?","M","R","B",null,"M","?","?","M","T","R","$","E","T","M","?","M","R","M"],"character_chosen":"IRONCLAD","items_purchased":["Bronze Scales","Uppercut","Armaments","Bottled Lightning"],"campfire_rested":1,"item_purchase_floors":[7,24,24,24],"current_hp_per_floor":[80,80,80,80,80,80,80,35,35,35,30,30,14,20,44,39,80,75,75,75,75,75,75,75,52,52,32,32,20,20,0],"gold":200,"neow_bonus":"RANDOM_COMMON_RELIC","is_prod":false,"is_daily":false,"chose_seed":false,"campfire_upgraded":4,"win_rate":0,"timestamp":1547106084,"path_taken":["M","M","M","M","M","R","$","E","T","M","E","R","?","M","R","BOSS","M","?","?","M","?","R","$","E","T","M","?","M","R","M"],"build_version":"2019-01-03v4","purchased_purges":1,"victory":false,"max_hp_per_floor":[80,80,80,80,80,80,80,80,80,80,80,80,80,80,80,80,80,80,80,80,80,80,80,80,80,80,80,80,80,80,80],"card_choices":[{"not_picked":["Cleave","Anger"],"picked":"Iron Wave","floor":1},{"not_picked":["Warcry","Reaper"],"picked":"Spot Weakness","floor":2},{"not_picked":["Iron Wave","Power Through"],"picked":"Shrug It Off","floor":3},{"not_picked":["Power Through","Ghostly Armor","Perfected Strike"],"picked":"SKIP","floor":4},{"not_picked":["Warcry","Infernal Blade"],"picked":"Pommel Strike","floor":5},{"not_picked":["Perfected Strike","Carnage"],"picked":"Burning Pact","floor":8},{"not_picked":["Hemokinesis","Sever Soul"],"picked":"Sentinel","floor":10},{"not_picked":["Cleave","Burning Pact","Rampage"],"picked":"SKIP","floor":11},{"not_picked":["Flex","Feel No Pain+1"],"picked":"Headbutt","floor":14},{"not_picked":["Fiend Fire","Feed"],"picked":"Offering","floor":16},{"not_picked":["Sword Boomerang","Wild Strike","Burning Pact"],"picked":"SKIP","floor":18},{"not_picked":["Battle Trance","Flex"],"picked":"True Grit","floor":21},{"not_picked":["Perfected Strike","Havoc+1"],"picked":"Demon Form+1","floor":25},{"not_picked":["Twin Strike","True Grit+1"],"picked":"Whirlwind+1","floor":27},{"not_picked":["True Grit","Armaments"],"picked":"Bloodletting+1","floor":29}],"player_experience":133282,"relics_obtained":[{"floor":8,"key":"Juzu Bracelet"},{"floor":9,"key":"Frozen Egg 2"},{"floor":11,"key":"Nunchaku"},{"floor":22,"key":"Smiling Mask"},{"floor":25,"key":"Potion Belt"},{"floor":26,"key":"Kunai"}],"event_choices":[{"damage_healed":0,"gold_gain":0,"player_choice":"Entered Light","damage_taken":16,"max_hp_gain":0,"max_hp_loss":0,"event_name":"Shining Light","floor":13,"gold_loss":0,"cards_upgraded":["Strike_R","Strike_R"]},{"damage_healed":0,"gold_gain":0,"player_choice":"1 cards matched","damage_taken":0,"max_hp_gain":0,"max_hp_loss":0,"event_name":"Match and Keep!","floor":19,"gold_loss":0,"cards_obtained":["Purity"]},{"damage_healed":0,"gold_gain":250,"player_choice":"Bet on Owner","damage_taken":0,"max_hp_gain":0,"max_hp_loss":0,"event_name":"The Joust","floor":20,"gold_loss":50},{"damage_healed":0,"gold_gain":0,"player_choice":"Ignored","damage_taken":0,"max_hp_gain":0,"max_hp_loss":0,"event_name":"Ghosts","floor":28,"gold_loss":0}],"is_beta":false,"boss_relics":[{"not_picked":["Runic Cube","Orrery"],"picked":"Runic Pyramid"}],"items_purged_floors":[24],"is_endless":false,"potions_floor_spawned":[2,3,8,10,11,16,21,27],"killed_by":"Cultist and Chosen","ascension_level":3}