{"gold_per_floor":[117,136,136,65,65,91,13,13,13,45,55,68,68,80,80,179,179,195,10,27,39,39,39,51,77,77,77,88,105,105],"floor_reached":30,"playtime":2218,"items_purged":[],"score":374,"play_id":"766e2144-eb6c-4db0-9dcf-b9f0bfcd95e4","local_time":"20190202024243","is_ascension_mode":true,"campfire_choices":[{"data":"Deadly Poison","floor":8.0,"key":"SMITH"},{"data":"Well Laid Plans","floor":13,"key":"SMITH"},{"floor":15,"key":"REST"},{"floor":23,"key":"REST"},{"floor":27,"key":"REST"}],"neow_cost":"NONE","seed_source_timestamp":0,"circlet_count":0,"master_deck":["Defend_G","Defend_G","Defend_G","Defend_G","Defend_G","Strike_G","Strike_G","Survivor","Neutralize+1","Cloak And Dagger","Corpse Explosion","Well Laid Plans+1","Dagger Spray","Deadly Poison+1","Flying Knee","Noxious Fumes+1","Caltrops+1","Dodge and Roll","Catalyst","Doppelganger","Blur+1","Deadly Poison","Deflect+1","Crippling Poison","PiercingWail","Corpse Explosion","Wraith Form v2+1","PiercingWail+1"],"special_seed":0,"relics":["Ring of the Snake","NeowsBlessing","Frozen Egg 2","The Courier","Sundial","Empty Cage","ClockworkSouvenir","Dodecahedron","Kunai"],"potions_floor_usage":[18],"damage_taken":[{"damage":0.0,"enemies":"Small Slimes","floor":1.0,"turns":1.0},{"damage":0.0,"enemies":"Cultist","floor":2.0,"turns":1.0},{"damage":0.0,"enemies":"3 Sentries","floor":6.0,"turns":2.0},{"damage":21,"enemies":"Lagavulin","floor":10,"turns":8},{"damage":6,"enemies":"Jaw Worm","floor":11,"turns":4},{"damage":16,"enemies":"Gremlin Gang","floor":12,"turns":4},{"damage":16,"enemies":"Exordium Wildlife","floor":14,"turns":3},{"damage":19,"enemies":"Hexaghost","floor":16,"turns":9},{"damage":23,"enemies":"2 Thieves","floor":18,"turns":3},{"damage":14,"enemies":"Spheric Guardian","floor":20,"turns":5},{"damage":14,"enemies":"Centurion and Healer","floor":21,"turns":6},{"damage":0,"enemies":"3 Cultists","floor":24,"turns":3},{"damage":37,"enemies":"Gremlin Leader","floor":25,"turns":7},{"damage":0,"enemies":"Snecko","floor":28,"turns":5},{"damage":16,"enemies":"Centurion and Healer","floor":29,"turns":5},{"damage":11,"enemies":"Snake Plant","floor":30,"turns":1}],"seed_played":"-7559667024217113239","potions_obtained":[{"floor":2.0,"key":"Energy Potion"},{"floor":11,"key":"Weak Potion"},{"floor":16,"key":"EssenceOfSteel"},{"floor":21,"key":"LiquidBronze"},{"floor":25,"key":"GhostInAJar"},{"floor":29,"key":"Ancient Potion"}],"is_trial":false,"path_per_floor":["M","M","?","$","$","E","$","R","T","E","M","M","R","M","R","B",null,"M","$","M","M","?","R","M","E","T","R","M","M","M"],"character_chosen":"THE_SILENT","items_purchased":["Well Laid Plans","Deadly Poison","Flying Knee","ClockworkSouvenir","Deadly Poison"],"campfire_rested":3,"item_purchase_floors":[4,7,7,19,19],"current_hp_per_floor":[70,70,70,70,70,70,70,70,70,49,43,27,27,11,32,13,70,47,47,33,19,19,40,40,3,3,24,24,8,0],"gold":105,"neow_bonus":"THREE_ENEMY_KILL","is_prod":false,"is_daily":false,"chose_seed":false,"campfire_upgraded":2,"win_rate":0,"timestamp":1549071763,"path_taken":["M","M","?","?","$","E","$","R","T","E","M","M","R","M","R","BOSS","M","$","M","M","?","R","?","E","T","R","M","M","M"],"build_version":"2019-01-23","purchased_purges":0,"victory":false,"max_hp_per_floor":[70,70,70,70,70,70,70,70,70,70,70,70,70,70,70,70,70,70,70,70,70,70,70,70,70,70,70,70,70,70],"card_choices":[{"not_picked":["Outmaneuver","Bane"],"picked":"Cloak And Dagger","floor":1.0},{"not_picked":["Underhanded Strike","Dodge and Roll"],"picked":"Corpse Explosion","floor":2.0},{"not_picked":["Endless Agony","Bane"],"picked":"Dagger Spray","floor":6.0},{"not_picked":["PiercingWail","Burst"],"picked":"Noxious Fumes+1","floor":10},{"not_picked":["Dagger Throw","Distraction"],"picked":"Caltrops+1","floor":11},{"not_picked":["Concentrate","Outmaneuver"],"picked":"Dodge and Roll","floor":12},{"not_picked":["Eviscerate","Infinite Blades+1"],"picked":"Catalyst","floor":14},{"not_picked":["Unload","A Thousand Cuts+1"],"picked":"Doppelganger","floor":16},{"not_picked":["Quick Slash+1","Outmaneuver"],"picked":"Blur+1","floor":18},{"not_picked":["Cloak And Dagger","Deadly Poison"],"picked":"Deflect+1","floor":20},{"not_picked":["Underhanded Strike","Slice"],"picked":"Crippling Poison","floor":21},{"not_picked":["Flechettes","Riddle With Holes"],"picked":"Corpse Explosion","floor":24},{"not_picked":["All Out Attack","Setup"],"picked":"Wraith Form v2+1","floor":25},{"not_picked":["Slice+1","Deflect","Dagger Throw"],"picked":"SKIP","floor":28},{"not_picked":["Quick Slash+1","Poisoned Stab"],"picked":"PiercingWail+1","floor":29}],"player_experience":289706,"relics_obtained":[{"floor":6.0,"key":"Frozen Egg 2"},{"floor":9.0,"key":"The Courier"},{"floor":10,"key":"Sundial"},{"floor":25,"key":"Dodecahedron"},{"floor":26,"key":"Kunai"}],"event_choices":[{"damage_healed":0.0,"max_hp_gain":0.0,"max_hp_loss":0.0,"gold_gain":0.0,"event_name":"Accursed Blacksmith","player_choice":"Forge","floor":3.0,"gold_loss":0.0,"damage_taken":0.0,"cards_upgraded":["Neutralize"]},{"damage_healed":0,"gold_gain":0,"cards_transformed":["Strike_G"],"player_choice":"Transformed","damage_taken":0,"max_hp_gain":0,"max_hp_loss":0,"event_name":"Transmorgrifier","floor":22,"gold_loss":0,"cards_obtained":["PiercingWail"]}],"is_beta":false,"boss_relics":[{"not_picked":["White Beast Statue","Ectoplasm"],"picked":"Empty Cage"}],"items_purged_floors":[],"is_endless":false,"potions_floor_spawned":[2,11,16,21,25,29],"killed_by":"Snake Plant","ascension_level":4}