{"gold_per_floor":[359,17,33,50,66,96,115,132,132,132,146,146,161,177,177,276,276,292,292,34,63,63,63,63],"floor_reached":24,"playtime":1799,"items_purged":["Strike_R"],"score":305,"play_id":"67e77140-d118-4072-8c0d-eceb4404d2bb","local_time":"20181004142514","is_ascension_mode":true,"campfire_choices":[{"floor":12,"key":"REST"},{"floor":15,"key":"REST"},{"floor":23,"key":"REST"}],"neow_cost":"PERCENT_DAMAGE","seed_source_timestamp":64485690714835,"circlet_count":0,"master_deck":["Strike_R","Strike_R","Strike_R","Defend_R","Defend_R","Defend_R","Defend_R","Bash","Shrug It Off","Rampage","Metallicize","Armaments","Shrug It Off","Ghostly Armor","Bludgeon","Combust","Inflame","True Grit","Brutality","Apotheosis","Twin Strike+1","Ghostly","Ghostly","Ghostly","Ghostly","Ghostly"],"relics":["Burning Blood","Bird Faced Urn","Juzu Bracelet","Letter Opener","Sozu","Red Mask"],"potions_floor_usage":[16,16],"damage_taken":[{"damage":2,"enemies":"Small Slimes","floor":1,"turns":4},{"damage":1,"enemies":"Cultist","floor":3,"turns":4},{"damage":8,"enemies":"2 Louse","floor":4,"turns":3},{"damage":28,"enemies":"Exordium Thugs","floor":5,"turns":7},{"damage":24,"enemies":"3 Sentries","floor":6,"turns":11},{"damage":0,"enemies":"Looter","floor":7,"turns":5},{"damage":0,"enemies":"Exordium Wildlife","floor":8,"turns":3},{"damage":6,"enemies":"3 Louse","floor":11,"turns":4},{"damage":26,"enemies":"Gremlin Gang","floor":13,"turns":4},{"damage":11,"enemies":"Looter","floor":14,"turns":3},{"damage":40,"enemies":"Hexaghost","floor":16,"turns":14},{"damage":30,"enemies":"2 Thieves","floor":18,"turns":5},{"damage":24,"enemies":"Colosseum Slavers","floor":19,"turns":6},{"damage":43,"enemies":"Masked Bandits","floor":21,"turns":6},{"damage":32,"enemies":"Gremlin Leader","floor":24,"turns":6}],"seed_played":"-5407451083299491802","potions_obtained":[{"floor":1,"key":"SpeedPotion"},{"floor":3,"key":"Swift Potion"},{"floor":8,"key":"SteroidPotion"},{"floor":16,"key":"Strength Potion"}],"is_trial":false,"path_per_floor":["M","$","M","M","M","E","M","M","T","?","M","R","M","M","R","B",null,"M","?","$","?","?","R"],"character_chosen":"IRONCLAD","items_purchased":["Bird Faced Urn","Rampage","Apotheosis"],"campfire_rested":3,"item_purchase_floors":[2,2,20],"current_hp_per_floor":[55,55,60,60,40,24,32,38,38,38,38,62,46,41,65,37,69,53,41,41,10,10,22,0],"gold":63,"neow_bonus":"TWO_FIFTY_GOLD","is_prod":false,"is_daily":false,"chose_seed":false,"campfire_upgraded":0,"win_rate":0,"timestamp":1538677514,"path_taken":["M","$","M","M","M","E","M","M","T","?","M","R","M","M","R","BOSS","M","?","$","?","?","R","E"],"build_version":"2018-09-27","purchased_purges":1,"victory":false,"max_hp_per_floor":[80,80,80,80,80,80,80,80,80,80,80,80,80,80,80,80,80,80,80,80,80,40,40,40],"card_choices":[{"not_picked":["Disarm","Thunderclap"],"picked":"Shrug It Off","floor":1},{"not_picked":["Wild Strike","Pommel Strike"],"picked":"Metallicize","floor":3},{"not_picked":["Flame Barrier","Shrug It Off"],"picked":"Armaments","floor":4},{"not_picked":["Heavy Blade","Thunderclap"],"picked":"Shrug It Off","floor":5},{"not_picked":["Dual Wield","Perfected Strike"],"picked":"Ghostly Armor","floor":6},{"not_picked":["True Grit","Feel No Pain"],"picked":"Bludgeon","floor":7},{"not_picked":["Intimidate","Armaments","Fire Breathing"],"picked":"SKIP","floor":8},{"not_picked":["Second Wind","Warcry"],"picked":"Combust","floor":11},{"not_picked":["Anger","Sentinel"],"picked":"Inflame","floor":13},{"not_picked":["Rampage","Thunderclap"],"picked":"True Grit","floor":14},{"not_picked":["Dark Embrace","Berserk"],"picked":"Brutality","floor":16},{"not_picked":["Cleave+1","Searing Blow","Twin Strike"],"picked":"SKIP","floor":18},{"not_picked":["Body Slam","Havoc"],"picked":"Twin Strike+1","floor":21}],"player_experience":556971,"relics_obtained":[{"floor":6,"key":"Juzu Bracelet"},{"floor":9,"key":"Letter Opener"},{"floor":21,"key":"Red Mask"}],"event_choices":[{"event_name":"Bonfire Elementals","player_choice":"BASIC","floor":10,"damage_taken":0},{"event_name":"Colosseum","player_choice":"Fight","floor":19,"damage_taken":0},{"event_name":"Colosseum","player_choice":"Fled From Nobs","floor":19,"damage_taken":0},{"event_name":"Masked Bandits","player_choice":"Fought Bandits","floor":21,"damage_taken":0},{"event_name":"Ghosts","player_choice":"Became a Ghost","floor":22,"damage_taken":0}],"is_beta":false,"boss_relics":[{"not_picked":["Fusion Hammer","White Beast Statue"],"picked":"Sozu"}],"items_purged_floors":[20],"is_endless":false,"potions_floor_spawned":[1,3,8,14,16,18,21],"killed_by":"Gremlin Leader","ascension_level":8}