{"gold_per_floor":[118,134,99,116,32,58,58,68,68,68,88,88,88,103,103,180,180,198,4,14,14,14,14,47,47,97,97,97,112,112,128,128,199,199,209,229,38,38,56,56],"floor_reached":40,"playtime":1833,"items_purged":[],"score":711,"play_id":"aebe649d-760c-41f7-8c57-a49fd0cc0f8a","local_time":"20190204093818","is_ascension_mode":true,"campfire_choices":[{"floor":7.0,"key":"REST"},{"data":"Defragment","floor":10.0,"key":"SMITH"},{"floor":15.0,"key":"REST"},{"floor":23.0,"key":"REST"},{"floor":25,"key":"REST"},{"floor":27,"key":"REST"},{"floor":32,"key":"REST"}],"neow_cost":"PERCENT_DAMAGE","seed_source_timestamp":1410650035555190,"circlet_count":0,"master_deck":["AscendersBane","Defend_B","Defend_B","Zap","Dualcast","Storm","Multi-Cast","Auto Shields","Melter","Coolheaded","Defragment+1","Beam Cell","Core Surge+1","Streamline","Cold Snap","Beam Cell","Biased Cognition","Reinforced Body","Barrage","Steam+1","Amplify","Conserve Battery","Echo Form","Scrape+1","Hyperbeam+1","Coolheaded+1","Hologram","Reprogram+1","Aggregate"],"special_seed":0,"relics":["Cracked Core","Matryoshka","Oddly Smooth Stone","Ice Cream","Bronze Scales","Inserter","Membership Card","Meat on the Bone","Dodecahedron","Pen Nib","Regal Pillow","MutagenicStrength","Astrolabe","Incense Burner"],"potions_floor_usage":[24,24,40],"damage_taken":[{"damage":1.0,"enemies":"Cultist","floor":1.0,"turns":4.0},{"damage":0.0,"enemies":"2 Louse","floor":2.0,"turns":2.0},{"damage":7.0,"enemies":"Jaw Worm","floor":4.0,"turns":3.0},{"damage":32.0,"enemies":"Gremlin Nob","floor":6.0,"turns":5.0},{"damage":8.0,"enemies":"Large Slime","floor":8.0,"turns":6.0},{"damage":8.0,"enemies":"Blue Slaver","floor":11.0,"turns":3.0},{"damage":4.0,"enemies":"2 Fungi Beasts","floor":14.0,"turns":3.0},{"damage":18.0,"enemies":"Slime Boss","floor":16.0,"turns":5.0},{"damage":10.0,"enemies":"Chosen","floor":18.0,"turns":4.0},{"damage":20.0,"enemies":"2 Thieves","floor":20.0,"turns":5.0},{"damage":33,"enemies":"Slavers","floor":24,"turns":5},{"damage":22,"enemies":"Snake Plant","floor":29,"turns":4},{"damage":0,"enemies":"Centurion and Healer","floor":31,"turns":5},{"damage":56,"enemies":"Collector","floor":33,"turns":16},{"damage":42,"enemies":"3 Darklings","floor":35,"turns":6},{"damage":12,"enemies":"Orb Walker","floor":36,"turns":3},{"damage":32,"enemies":"Sphere and 2 Shapes","floor":39,"turns":5},{"damage":23,"enemies":"Giant Head","floor":40,"turns":5}],"seed_played":"461332035641623320","potions_obtained":[{"floor":2.0,"key":"AttackPotion"},{"floor":6.0,"key":"Dexterity Potion"},{"floor":16.0,"key":"LiquidBronze"},{"floor":24,"key":"Poison Potion"},{"floor":33,"key":"Dexterity Potion"},{"floor":35,"key":"AttackPotion"}],"is_trial":false,"path_per_floor":["M","M","?","M","$","E","R","M","T","R","M","?","?","M","R","B",null,"M","$","M","?","?","R","E","R","T","R","?","M","?","M","R","B",null,"M","M","$","?","M","E"],"character_chosen":"DEFECT","items_purchased":["Defragment","Beam Cell","Membership Card","Incense Burner","Aggregate"],"campfire_rested":6,"item_purchase_floors":[5,5,19,37,37],"current_hp_per_floor":[49,49,67,60,60,28,50,42,42,42,34,16,16,12,34,16,60,50,50,30,16,16,40,19,43,43,80,80,58,58,58,80,36,69,39,39,39,39,19,0],"gold":56,"neow_bonus":"TRANSFORM_TWO_CARDS","is_prod":false,"is_daily":false,"chose_seed":false,"campfire_upgraded":1,"win_rate":0,"timestamp":1549291098,"path_taken":["M","M","?","M","$","E","R","M","T","R","M","?","?","?","R","BOSS","M","$","M","?","?","R","E","R","T","R","?","M","?","M","R","BOSS","M","?","$","?","?","E"],"build_version":"2019-01-23","purchased_purges":0,"victory":false,"max_hp_per_floor":[75,75,75,75,75,75,75,75,75,75,75,75,75,75,75,75,75,75,75,75,80,80,80,80,80,80,80,80,80,80,80,80,80,80,80,80,80,80,80,80],"card_choices":[{"not_picked":["Rebound","Steam"],"picked":"Auto Shields","floor":1.0},{"not_picked":["Rip and Tear","Conserve Battery"],"picked":"Melter","floor":2.0},{"not_picked":["Steam Power","Hologram"],"picked":"Coolheaded","floor":4.0},{"not_picked":["Tempest","Melter"],"picked":"Core Surge","floor":6.0},{"not_picked":["Turbo","Compile Driver"],"picked":"Streamline","floor":8.0},{"not_picked":["Turbo","Beam Cell"],"picked":"Cold Snap","floor":11.0},{"not_picked":["Lockon","Gash"],"picked":"Beam Cell","floor":14.0},{"not_picked":["Hyperbeam","Machine Learning"],"picked":"Biased Cognition","floor":16.0},{"not_picked":["Compile Driver","Streamline+1"],"picked":"Reinforced Body","floor":18.0},{"not_picked":["Ball Lightning","Beam Cell+1"],"picked":"Barrage","floor":20.0},{"not_picked":["Reinforced Body","Darkness"],"picked":"Steam+1","floor":24},{"not_picked":["Reinforced Body+1","Capacitor+1"],"picked":"Amplify","floor":29},{"not_picked":["Beam Cell","Force Field"],"picked":"Conserve Battery","floor":31},{"not_picked":["Creative AI","Meteor Strike"],"picked":"Echo Form","floor":33},{"not_picked":["Beam Cell","Melter"],"picked":"Hologram","floor":35},{"not_picked":["Barrage","Coolheaded"],"picked":"Reprogram+1","floor":36},{"not_picked":["Doom and Gloom","Gash","Sunder+1"],"picked":"SKIP","floor":39}],"player_experience":580177,"relics_obtained":[{"floor":6.0,"key":"Matryoshka"},{"floor":9.0,"key":"Oddly Smooth Stone"},{"floor":9.0,"key":"Ice Cream"},{"floor":24,"key":"Dodecahedron"},{"floor":26,"key":"Pen Nib"},{"floor":26,"key":"Regal Pillow"}],"event_choices":[{"damage_healed":18.0,"max_hp_gain":0.0,"max_hp_loss":0.0,"gold_gain":0.0,"event_name":"The Cleric","player_choice":"Healed","floor":3.0,"gold_loss":35.0,"damage_taken":0.0},{"damage_healed":0.0,"max_hp_gain":0.0,"max_hp_loss":0.0,"gold_gain":0.0,"event_name":"Scrap Ooze","player_choice":"Success","floor":12.0,"gold_loss":0.0,"damage_taken":18.0,"relics_obtained":["Bronze Scales"]},{"damage_healed":0.0,"max_hp_gain":0.0,"max_hp_loss":0.0,"gold_gain":0.0,"event_name":"Living Wall","player_choice":"Grow","floor":13.0,"gold_loss":0.0,"damage_taken":0.0,"cards_upgraded":["Core Surge"]},{"damage_healed":0.0,"max_hp_gain":5.0,"max_hp_loss":0.0,"gold_gain":0.0,"event_name":"Forgotten Altar","player_choice":"Shed Blood","floor":21.0,"gold_loss":0.0,"damage_taken":19.0},{"damage_healed":0.0,"max_hp_gain":0.0,"max_hp_loss":0.0,"gold_gain":0.0,"event_name":"The Mausoleum","player_choice":"Opened","floor":22.0,"gold_loss":0.0,"damage_taken":0.0,"relics_obtained":["Meat on the Bone"]},{"damage_healed":0,"gold_gain":0,"player_choice":"Inject Mutagens","damage_taken":0,"relics_obtained":["MutagenicStrength"],"max_hp_gain":0,"max_hp_loss":0,"event_name":"Drug Dealer","floor":28,"gold_loss":0},{"cards_removed":["Strike_B"],"damage_healed":0,"gold_gain":0,"player_choice":"Offered Basic","damage_taken":0,"max_hp_gain":0,"max_hp_loss":0,"event_name":"Bonfire Elementals","floor":30,"gold_loss":0},{"damage_healed":0,"gold_gain":0,"player_choice":"Ignored","damage_taken":0,"max_hp_gain":0,"max_hp_loss":0,"event_name":"SecretPortal","floor":38,"gold_loss":0}],"is_beta":true,"boss_relics":[{"not_picked":["Empty Cage","Pandora\u0027s Box"],"picked":"Inserter"},{"not_picked":["Tiny House","Coffee Dripper"],"picked":"Astrolabe"}],"items_purged_floors":[],"is_endless":false,"potions_floor_spawned":[2,6,14,16,24,33,35],"killed_by":"Giant Head","ascension_level":13}