{"gold_per_floor":[110,126,301,301,321,321,353,353,353,353,380,391,408,418,418,514,514,530,95,115,115,128,128,153,165,257,296,223,253,295,377,389,503,515,541,553,585,651,663,675,8,8,8,41,61,61,76,104,104,104],"floor_reached":51,"playtime":5092,"items_purged":["Doubt","Strike_G"],"score":1132,"play_id":"d8fce18c-fffd-460b-9a90-7b9475c7f8a7","local_time":"20181010200653","is_ascension_mode":true,"campfire_choices":[{"data":"Envenom","floor":6.0,"key":"SMITH"},{"floor":8.0,"key":"REST"},{"floor":10.0,"key":"REST"},{"floor":15.0,"key":"REST"},{"floor":23.0,"key":"REST"},{"floor":25.0,"key":"REST"},{"floor":32.0,"key":"REST"},{"floor":40.0,"key":"REST"},{"floor":42.0,"key":"REST"},{"floor":49,"key":"REST"}],"neow_cost":"TEN_PERCENT_HP_LOSS","seed_source_timestamp":0,"circlet_count":0,"master_deck":["Defend_G","Defend_G","Defend_G","Defend_G","Defend_G","Strike_G","Strike_G","Survivor","Neutralize","Blade Dance","Envenom+1","PiercingWail","Cloak And Dagger","Well Laid Plans","Deadly Poison","Backflip","Infinite Blades","Dodge and Roll","Venomology","Quick Slash","Infinite Blades","Poisoned Stab+1","Neutralize","Deep Breath","Accuracy","Crippling Poison","Accuracy","Envenom","Glass Knife+1","Footwork","Poisoned Stab+1","Predator+1","Jack Of All Trades","Master of Strategy","Mind Blast+1","Panache","Shame","Blade Dance+1","Cloak And Dagger+1","All Out Attack+1"],"special_seed":0,"relics":["Ring of the Snake","Matryoshka","Meat on the Bone","Pen Nib","Oddly Smooth Stone","Mummified Hand","Fusion Hammer","OrangePellets","MawBank","Ancient Tea Set","Gremlin Horn","Bronze Scales","Mango","Lantern","Molten Egg 2","Cursed Key","Unceasing Top","Mercury Hourglass","Art of War","Omamori","Tough Bandages","Dead Branch","Blood Vial"],"potions_floor_usage":[46,48,50,50,50],"damage_taken":[{"damage":0.0,"enemies":"Small Slimes","floor":1.0,"turns":4.0},{"damage":1.0,"enemies":"Cultist","floor":2.0,"turns":4.0},{"damage":5.0,"enemies":"Jaw Worm","floor":5.0,"turns":8.0},{"damage":52.0,"enemies":"Gremlin Nob","floor":7.0,"turns":6.0},{"damage":25.0,"enemies":"3 Sentries","floor":11.0,"turns":13.0},{"damage":2.0,"enemies":"Blue Slaver","floor":12.0,"turns":3.0},{"damage":1.0,"enemies":"Exordium Wildlife","floor":13.0,"turns":3.0},{"damage":7.0,"enemies":"Red Slaver","floor":14.0,"turns":4.0},{"damage":32.0,"enemies":"The Guardian","floor":16.0,"turns":13.0},{"damage":0.0,"enemies":"Shell Parasite","floor":18.0,"turns":7.0},{"damage":10.0,"enemies":"2 Thieves","floor":20.0,"turns":4.0},{"damage":2.0,"enemies":"Snake Plant","floor":22.0,"turns":4.0},{"damage":32.0,"enemies":"Book of Stabbing","floor":24.0,"turns":7.0},{"damage":0.0,"enemies":"Gremlin Leader","floor":27.0,"turns":7.0},{"damage":14.0,"enemies":"Sentry and Sphere","floor":29.0,"turns":6.0},{"damage":17.0,"enemies":"Slavers","floor":30.0,"turns":5.0},{"damage":39.0,"enemies":"Collector","floor":33.0,"turns":8.0},{"damage":8.0,"enemies":"3 Darklings","floor":35.0,"turns":6.0},{"damage":1.0,"enemies":"3 Shapes","floor":37.0,"turns":4.0},{"damage":19.0,"enemies":"Mysterious Sphere","floor":38.0,"turns":6.0},{"damage":2.0,"enemies":"2 Orb Walkers","floor":44.0,"turns":4.0},{"damage":3.0,"enemies":"Sphere and 2 Shapes","floor":45.0,"turns":4.0},{"damage":0,"enemies":"Mind Bloom Boss Battle","floor":46,"turns":6},{"damage":12,"enemies":"Spire Growth","floor":47,"turns":3},{"damage":0,"enemies":"Giant Head","floor":48,"turns":6},{"damage":16,"enemies":"Donu and Deca","floor":50,"turns":6}],"seed_played":"5210701896212600992","potions_obtained":[{"floor":1.0,"key":"Energy Potion"},{"floor":2.0,"key":"Poison Potion"},{"floor":14.0,"key":"FearPotion"},{"floor":22.0,"key":"SneckoOil"},{"floor":27.0,"key":"Block Potion"},{"floor":38.0,"key":"Ancient Potion"}],"is_trial":false,"path_per_floor":["M","M","?","?","M","R","E","R","T","R","E","M","M","M","R","B",null,"M","$","M","?","M","R","E","R","T","E","?","M","E","T","R","B",null,"M","?","M","?","?","R","$","R","T","E","M","?","M","E","R","B"],"character_chosen":"THE_SILENT","items_purchased":["Infinite Blades","OrangePellets","GhostInAJar","Mercury Hourglass","Panache","Art of War"],"campfire_rested":9,"item_purchase_floors":[19,19,19,41,41,41],"current_hp_per_floor":[63,62,62,59,54,54,2,20,20,38,25,35,34,39,57,37,57,57,57,47,47,45,63,43,61,61,61,75,61,44,44,67,40,68,60,60,59,40,30,53,53,76,76,74,71,71,59,59,77,61],"gold":104,"neow_bonus":"TRANSFORM_TWO_CARDS","is_prod":false,"is_daily":false,"chose_seed":false,"campfire_upgraded":1,"win_rate":0,"timestamp":1539216413,"path_taken":["M","M","?","?","M","R","E","R","T","R","E","M","?","?","R","BOSS","M","?","M","?","M","R","E","R","T","E","?","M","E","?","R","BOSS","M","?","M","?","?","R","$","R","T","E","?","?","M","E","R","BOSS"],"build_version":"2018-10-04v2","purchased_purges":2,"victory":true,"max_hp_per_floor":[63,63,63,63,63,63,63,63,63,63,63,63,63,63,63,63,63,63,63,63,63,63,63,63,63,63,63,77,77,77,77,77,77,77,77,77,77,77,77,77,77,77,77,77,77,77,77,77,77,77],"card_choices":[{"not_picked":["Caltrops","Escape Plan"],"picked":"PiercingWail","floor":1.0},{"not_picked":["Tactician","Expertise"],"picked":"Cloak And Dagger","floor":2.0},{"not_picked":["Terror","Flying Knee"],"picked":"Well Laid Plans","floor":5.0},{"not_picked":["Riddle With Holes","Bouncing Flask"],"picked":"Deadly Poison","floor":7.0},{"not_picked":["Sucker Punch","Dagger Spray"],"picked":"Backflip","floor":11.0},{"not_picked":["Quick Slash","Underhanded Strike"],"picked":"Infinite Blades","floor":12.0},{"not_picked":["Underhanded Strike","Choke","Finisher"],"picked":"SKIP","floor":13.0},{"not_picked":["Prepared","Concentrate"],"picked":"Dodge and Roll","floor":14.0},{"not_picked":["Wraith Form v2","Storm of Steel"],"picked":"Venomology","floor":16.0},{"not_picked":["Eviscerate","Outmaneuver"],"picked":"Quick Slash","floor":18.0},{"not_picked":["Eviscerate","Backstab+1"],"picked":"Poisoned Stab+1","floor":20.0},{"not_picked":["Deadly Poison","Choke","Flechettes"],"picked":"SKIP","floor":22.0},{"not_picked":["Terror","Backflip+1"],"picked":"Accuracy","floor":24.0},{"not_picked":["Well Laid Plans","Quick Slash"],"picked":"Crippling Poison","floor":27.0},{"not_picked":["Dodge and Roll","Bane"],"picked":"Accuracy","floor":29.0},{"not_picked":["Outmaneuver","Eviscerate"],"picked":"Envenom","floor":30.0},{"not_picked":["A Thousand Cuts","Wraith Form v2"],"picked":"Glass Knife+1","floor":33.0},{"not_picked":["Dagger Throw+1","Cloak And Dagger"],"picked":"Footwork","floor":35.0},{"not_picked":["Heel Hook+1","Acrobatics+1"],"picked":"Poisoned Stab+1","floor":37.0},{"not_picked":["Acrobatics+1","Dodge and Roll"],"picked":"Predator+1","floor":38.0},{"not_picked":["Magnetism","Enlightenment"],"picked":"Jack Of All Trades","floor":39.0},{"not_picked":["Swift Strike+1","Panacea"],"picked":"Master of Strategy","floor":39.0},{"not_picked":["Enlightenment","Good Instincts"],"picked":"Mind Blast+1","floor":39.0},{"not_picked":["Dagger Spray+1","Underhanded Strike+1"],"picked":"Blade Dance+1","floor":44.0},{"not_picked":["Underhanded Strike+1","Deadly Poison","Dagger Spray+1"],"picked":"SKIP","floor":45.0},{"not_picked":["Grand Finale+1","Flying Knee+1"],"picked":"Cloak And Dagger+1","floor":46},{"not_picked":["Expertise","Quick Slash+1"],"picked":"All Out Attack+1","floor":47},{"not_picked":["Heel Hook+1","Caltrops","Outmaneuver"],"picked":"SKIP","floor":48}],"player_experience":575880,"relics_obtained":[{"floor":7.0,"key":"Meat on the Bone"},{"floor":9.0,"key":"Pen Nib"},{"floor":9.0,"key":"Oddly Smooth Stone"},{"floor":11.0,"key":"Mummified Hand"},{"floor":24.0,"key":"MawBank"},{"floor":26.0,"key":"Ancient Tea Set"},{"floor":26.0,"key":"Gremlin Horn"},{"floor":27.0,"key":"Bronze Scales"},{"floor":30.0,"key":"Lantern"},{"floor":31.0,"key":"Molten Egg 2"},{"floor":38.0,"key":"Unceasing Top"},{"floor":43.0,"key":"Omamori"},{"floor":44.0,"key":"Tough Bandages"},{"floor":46,"key":"Dead Branch"},{"floor":48,"key":"Blood Vial"}],"event_choices":[{"event_name":"Liars Game","player_choice":"agreed","floor":3.0,"damage_taken":0.0},{"event_name":"Scrap Ooze","player_choice":"success","floor":4.0,"damage_taken":3.0},{"event_name":"Match and Keep!","player_choice":"2 cards matched","floor":21.0,"damage_taken":0.0},{"event_name":"Addict","player_choice":"Obtained Relic","floor":28.0,"damage_taken":0.0},{"event_name":"Tomb of Lord Red Mask","player_choice":"Ignored","floor":36.0,"damage_taken":0.0},{"event_name":"Mysterious Sphere","player_choice":"Fight","floor":38.0,"damage_taken":0.0},{"event_name":"SensoryStone","player_choice":"Memory 3","floor":39.0,"damage_taken":0.0},{"event_name":"MindBloom","player_choice":"Fight","floor":46,"damage_taken":0}],"is_beta":false,"boss_relics":[{"not_picked":["Velvet Choker","Tiny House"],"picked":"Fusion Hammer"},{"not_picked":["Philosopher\u0027s Stone","Coffee Dripper"],"picked":"Cursed Key"}],"items_purged_floors":[19,41],"is_endless":false,"potions_floor_spawned":[1,2,14,20,22,27,38,44,46,48],"ascension_level":8}