{"gold_per_floor":[109,128,145,158,158,190,190,224,249,249,267,279,279,296,296,398,398,415,52,72,90,101,101,101,118,118,118,128,142,177,194,194,289,289,302,314,314,333,353,353,147,147,147,167,167,167],"floor_reached":46,"playtime":6033,"items_purged":["Parasite"],"score":485,"play_id":"b5e27693-f7e6-454d-bd08-3da93de90f67","local_time":"20181104064300","is_ascension_mode":false,"campfire_choices":[{"floor":7,"key":"REST"},{"data":"Fusion","floor":10,"key":"SMITH"},{"data":"Rainbow","floor":13,"key":"SMITH"},{"floor":15,"key":"REST"},{"data":"Fission","floor":24,"key":"SMITH"},{"floor":27,"key":"REST"},{"floor":32,"key":"REST"},{"floor":40,"key":"REST"},{"data":"Coolheaded","floor":42,"key":"SMITH"}],"neow_cost":"NONE","seed_source_timestamp":545693115360825,"circlet_count":0,"master_deck":["Strike_B","Strike_B","Strike_B","Strike_B","Defend_B","Defend_B","Defend_B","Defend_B","Zap","Dualcast","Redo","Chill","Beam Cell","Doom and Gloom","Fusion+1","Melter","Rainbow+1","Defragment","Fission+1","Leap+1","Steam Power","Finesse","Chill","Lockon+1","Fusion","Loop","Sweeping Beam+1","Hologram","Coolheaded+1","Amplify","Coolheaded","Capacitor+1","Sweeping Beam","Hologram","Flash of Steel","Stack"],"relics":["FrozenCore","Bag of Marbles","Lantern","Bag of Preparation","Busted Crown","ClockworkSouvenir","Ice Cream","Pen Nib","Frozen Egg 2","Darkstone Periapt"],"potions_floor_usage":[8,16,33],"damage_taken":[{"damage":1,"enemies":"Cultist","floor":1,"turns":4},{"damage":6,"enemies":"Jaw Worm","floor":2,"turns":3},{"damage":0,"enemies":"2 Louse","floor":3,"turns":3},{"damage":0,"enemies":"Exordium Wildlife","floor":4,"turns":3},{"damage":19,"enemies":"Lagavulin","floor":6,"turns":5},{"damage":6,"enemies":"Gremlin Nob","floor":8,"turns":3},{"damage":0,"enemies":"3 Louse","floor":11,"turns":1},{"damage":0,"enemies":"2 Fungi Beasts","floor":12,"turns":1},{"damage":9,"enemies":"Large Slime","floor":14,"turns":3},{"damage":38,"enemies":"Hexaghost","floor":16,"turns":8},{"damage":5,"enemies":"Chosen","floor":18,"turns":4},{"damage":3,"enemies":"2 Thieves","floor":20,"turns":3},{"damage":11,"enemies":"3 Cultists","floor":21,"turns":5},{"damage":0,"enemies":"Centurion and Healer","floor":22,"turns":6},{"damage":9,"enemies":"Chosen and Byrds","floor":25,"turns":4},{"damage":9,"enemies":"Cultist and Chosen","floor":28,"turns":5},{"damage":15,"enemies":"Centurion and Healer","floor":29,"turns":6},{"damage":22,"enemies":"Gremlin Leader","floor":30,"turns":4},{"damage":0,"enemies":"3 Cultists","floor":31,"turns":4},{"damage":34,"enemies":"Champ","floor":33,"turns":8},{"damage":18,"enemies":"3 Darklings","floor":35,"turns":5},{"damage":4,"enemies":"Orb Walker","floor":36,"turns":5},{"damage":0,"enemies":"3 Darklings","floor":38,"turns":5},{"damage":42,"enemies":"Writhing Mass","floor":39,"turns":9},{"damage":6,"enemies":"4 Shapes","floor":44,"turns":2},{"damage":37,"enemies":"3 Darklings","floor":46,"turns":2}],"seed_played":"2089730960672627397","potions_obtained":[{"floor":3,"key":"Poison Potion"},{"floor":4,"key":"Fire Potion"},{"floor":6,"key":"Explosive Potion"},{"floor":12,"key":"Block Potion"},{"floor":14,"key":"EssenceOfSteel"},{"floor":22,"key":"LiquidBronze"},{"floor":39,"key":"Strength Potion"}],"is_trial":false,"path_per_floor":["M","M","M","M","?","E","R","E","T","R","M","M","R","M","R","B",null,"M","$","M","M","M","?","R","M","T","R","M","M","E","M","R","B",null,"M","M","?","M","M","R","$","R","T","M","T","M"],"character_chosen":"DEFECT","items_purchased":["ClockworkSouvenir","Steam Power","Finesse","Hologram","Flash of Steel"],"campfire_rested":5,"item_purchase_floors":[19,19,19,41,41],"current_hp_per_floor":[81,75,75,75,67,48,72,66,66,66,66,66,66,57,81,43,82,77,77,74,63,63,63,63,54,54,78,69,54,32,32,56,22,82,64,60,60,60,18,42,42,42,42,36,36,0],"gold":167,"neow_bonus":"TEN_PERCENT_HP_BONUS","is_prod":false,"is_daily":false,"chose_seed":false,"campfire_upgraded":4,"win_rate":0.0,"timestamp":1541331780,"path_taken":["M","M","?","M","?","E","R","E","T","R","M","M","R","?","R","BOSS","M","$","M","?","M","?","R","M","T","R","M","M","E","M","R","BOSS","M","M","?","M","M","R","$","R","T","M","?","M"],"build_version":"2018-11-01","purchased_purges":1,"victory":false,"max_hp_per_floor":[82,82,82,82,82,82,82,82,82,82,82,82,82,82,82,82,82,82,82,82,82,82,82,82,82,82,82,82,82,82,82,82,82,82,82,82,82,82,82,82,79,79,79,79,79,79],"card_choices":[{"not_picked":["Sweeping Beam","Rip and Tear"],"picked":"Redo","floor":1},{"not_picked":["Hologram","Cold Snap"],"picked":"Chill","floor":2},{"not_picked":["Barrage","Compile Driver"],"picked":"Beam Cell","floor":3},{"not_picked":["Gash","Hologram"],"picked":"Doom and Gloom","floor":4},{"not_picked":["Loop","Aggregate"],"picked":"Fusion","floor":6},{"not_picked":["Ball Lightning","Genetic Algorithm"],"picked":"Melter","floor":8},{"not_picked":["Steam","Gash"],"picked":"Rainbow","floor":11},{"not_picked":["Auto Shields","Cold Snap"],"picked":"Static Discharge","floor":12},{"not_picked":["Hologram","Chill"],"picked":"Defragment","floor":14},{"not_picked":["Rainbow","Multi-Cast"],"picked":"Fission","floor":16},{"not_picked":[],"picked":"Leap+1","floor":18},{"not_picked":[],"picked":"Chill","floor":20},{"not_picked":["Gash"],"picked":"SKIP","floor":21},{"not_picked":[],"picked":"Lockon+1","floor":22},{"not_picked":[],"picked":"Fusion","floor":25},{"not_picked":[],"picked":"Loop","floor":28},{"not_picked":[],"picked":"Sweeping Beam+1","floor":29},{"not_picked":[],"picked":"Hologram","floor":30},{"not_picked":[],"picked":"Coolheaded","floor":31},{"not_picked":[],"picked":"Amplify","floor":33},{"not_picked":[],"picked":"Coolheaded","floor":35},{"not_picked":["Cold Snap+1"],"picked":"SKIP","floor":36},{"not_picked":[],"picked":"Capacitor+1","floor":38},{"not_picked":[],"picked":"Sweeping Beam","floor":39},{"not_picked":[],"picked":"Stack","floor":44}],"player_experience":3609,"relics_obtained":[{"floor":6,"key":"Bag of Marbles"},{"floor":8,"key":"Lantern"},{"floor":9,"key":"Bag of Preparation"},{"floor":26,"key":"Ice Cream"},{"floor":30,"key":"Pen Nib"},{"floor":43,"key":"Frozen Egg 2"},{"floor":45,"key":"Darkstone Periapt"}],"event_choices":[{"damage_healed":0,"gold_gain":0,"player_choice":"Damaged","damage_taken":8,"max_hp_gain":0,"max_hp_loss":0,"event_name":"Wheel of Change","floor":5,"gold_loss":0},{"damage_healed":0,"gold_gain":0,"player_choice":"Ignored","damage_taken":0,"max_hp_gain":0,"max_hp_loss":0,"event_name":"Vampires","floor":23,"gold_loss":0},{"cards_removed":["Static Discharge"],"damage_healed":0,"gold_gain":0,"player_choice":"Removed Power","damage_taken":0,"max_hp_gain":0,"max_hp_loss":0,"event_name":"Falling","floor":37,"gold_loss":0}],"is_beta":false,"boss_relics":[{"not_picked":["Cursed Key","Runic Dome"],"picked":"Busted Crown"},{"not_picked":["Lizard Tail","Eternal Feather"],"picked":"FrozenCore"}],"items_purged_floors":[41],"is_endless":false,"potions_floor_spawned":[3,4,6,12,14,22,28,30,31,39],"killed_by":"3 Darklings","ascension_level":0}