{"gold_per_floor":[110,125,141,151,0,0,0,35,72,84,115,150,162,208,220,325,337,364,399,411,448,310,345,369,369,369,403,403,418,418],"floor_reached":30,"playtime":1925,"items_purged":["Strike_B"],"score":560,"play_id":"e0ca66ac-f759-40e3-adc1-23d1d3fe8129","local_time":"20190206213242","is_ascension_mode":true,"campfire_choices":[{"data":"1","floor":6,"key":"LIFT"},{"data":"2","floor":10,"key":"LIFT"},{"data":"3","floor":13,"key":"LIFT"},{"data":"Barrage","floor":15,"key":"SMITH"},{"data":"Defragment","floor":25,"key":"SMITH"},{"data":"Capacitor","floor":28,"key":"SMITH"}],"neow_cost":"PERCENT_DAMAGE","seed_source_timestamp":1725125675777279,"circlet_count":0,"master_deck":["AscendersBane","Strike_B","Strike_B","Strike_B","Defend_B","Defend_B+1","Defend_B","Defend_B","Zap","Dualcast","Barrage+1","Reinforced Body","Ball Lightning","Barrage","Ball Lightning","Flash of Steel","Coolheaded","Seek+1","Conserve Battery","Electrodynamics","Capacitor+1","Ghostly","Ghostly","Ghostly","Double Energy+1","Defragment+1","Darkness","Glacier+1"],"relics":["Cracked Core","Girya","Golden Idol","MawBank","Anchor","Omamori","War Paint","Cursed Key","Incense Burner","Symbiotic Virus","Mercury Hourglass"],"potions_floor_usage":[4,14,23,30],"damage_taken":[{"damage":1,"enemies":"Cultist","floor":1,"turns":3},{"damage":6,"enemies":"Small Slimes","floor":2,"turns":3},{"damage":0,"enemies":"Jaw Worm","floor":3,"turns":3},{"damage":1,"enemies":"Exordium Thugs","floor":4,"turns":3},{"damage":6,"enemies":"Gremlin Nob","floor":8,"turns":3},{"damage":0,"enemies":"Looter","floor":11,"turns":2},{"damage":5,"enemies":"3 Sentries","floor":14,"turns":4},{"damage":14,"enemies":"Slime Boss","floor":16,"turns":7},{"damage":0,"enemies":"Chosen","floor":18,"turns":3},{"damage":2,"enemies":"Shell Parasite","floor":19,"turns":3},{"damage":0,"enemies":"Sentry and Sphere","floor":21,"turns":4},{"damage":3,"enemies":"Book of Stabbing","floor":23,"turns":5},{"damage":0,"enemies":"3 Cultists","floor":24,"turns":3},{"damage":2,"enemies":"Slavers","floor":27,"turns":3},{"damage":7,"enemies":"Cultist and Chosen","floor":29,"turns":7},{"damage":25,"enemies":"Gremlin Leader","floor":30,"turns":2}],"seed_played":"-1721058347050994986","potions_obtained":[{"floor":2,"key":"Explosive Potion"},{"floor":3,"key":"Regen Potion"},{"floor":4,"key":"Block Potion"},{"floor":21,"key":"PowerPotion"},{"floor":23,"key":"Ancient Potion"},{"floor":24,"key":"Fire Potion"}],"is_trial":false,"path_per_floor":["M","M","M","M","$","R","?","E","T","R","M","T","R","E","R","B",null,"M","M","?","M","$","E","M","R","T","E","R","M","E"],"character_chosen":"DEFECT","items_purchased":["Ball Lightning","Flash of Steel","Defragment"],"campfire_rested":0,"item_purchase_floors":[5,5,22],"current_hp_per_floor":[45,39,39,38,38,38,38,32,32,32,32,32,32,39,39,25,54,54,52,32,32,32,29,29,29,29,27,27,20,0],"gold":418,"neow_bonus":"ONE_RARE_RELIC","is_prod":false,"is_daily":false,"chose_seed":false,"campfire_upgraded":3,"win_rate":0,"timestamp":1549517562,"path_taken":["M","M","?","M","?","R","?","E","T","R","M","?","R","E","R","BOSS","M","M","?","M","$","E","M","R","T","E","R","M","E"],"build_version":"2019-01-23","purchased_purges":1,"victory":false,"max_hp_per_floor":[71,71,71,71,71,71,64,64,64,64,64,64,64,64,64,64,64,64,64,32,32,32,32,32,32,32,32,32,32,32],"card_choices":[{"not_picked":["Go for the Eyes","Conserve Battery"],"picked":"Barrage","floor":1},{"not_picked":["Auto Shields","Capacitor"],"picked":"Reinforced Body","floor":2},{"not_picked":["Conserve Battery","Rebound"],"picked":"Ball Lightning","floor":3},{"not_picked":["Rebound","Tempest"],"picked":"Barrage","floor":4},{"not_picked":["Scrape","Melter"],"picked":"Coolheaded","floor":8},{"not_picked":["Leap","Rebound"],"picked":"Seek","floor":11},{"not_picked":["Redo","Hologram"],"picked":"Conserve Battery","floor":14},{"not_picked":["Meteor Strike","Seek"],"picked":"Electrodynamics","floor":16},{"not_picked":["Redo","Go for the Eyes+1"],"picked":"Capacitor","floor":18},{"not_picked":["Reprogram","Doom and Gloom","Rebound"],"picked":"SKIP","floor":19},{"not_picked":["Doom and Gloom","Stack"],"picked":"Double Energy+1","floor":21},{"not_picked":["Static Discharge","Aggregate","Leap"],"picked":"SKIP","floor":23},{"not_picked":["Steam+1","Leap"],"picked":"Darkness","floor":24},{"not_picked":["Recycle","Fission"],"picked":"Glacier+1","floor":27},{"not_picked":["Steam","Stack","Redo"],"picked":"SKIP","floor":29},{"not_picked":["Steam","Stack","Redo"],"picked":"SKIP","floor":29}],"player_experience":822723,"relics_obtained":[{"floor":8,"key":"MawBank"},{"floor":9,"key":"Anchor"},{"floor":12,"key":"Omamori"},{"floor":14,"key":"War Paint"},{"floor":23,"key":"Incense Burner"},{"floor":26,"key":"Symbiotic Virus"},{"floor":27,"key":"Mercury Hourglass"}],"event_choices":[{"damage_healed":0,"gold_gain":0,"player_choice":"Lose Max HP","damage_taken":0,"relics_obtained":["Golden Idol"],"max_hp_gain":0,"max_hp_loss":7,"event_name":"Golden Idol","floor":7,"gold_loss":0},{"damage_healed":0,"gold_gain":0,"player_choice":"Became a Ghost","damage_taken":0,"max_hp_gain":0,"max_hp_loss":32,"event_name":"Ghosts","floor":20,"gold_loss":0,"cards_obtained":["Ghostly","Ghostly","Ghostly"]}],"is_beta":false,"boss_relics":[{"not_picked":["Lizard Tail","Busted Crown"],"picked":"Cursed Key"}],"items_purged_floors":[22],"is_endless":false,"potions_floor_spawned":[2,3,4,11,21,23,24],"killed_by":"Gremlin Leader","ascension_level":20}