{"gold_per_floor":[113,113,38,38,57,57,57,57,82,82,107,34,34,34,34,139,139,157,157,168,179,278,278,278,278,332,332,350,25,36,65,65,169,169,184,184,194,194,194,194,194,225,278,278,294,309,309,319,319,319],"floor_reached":51,"playtime":2515,"items_purged":["Writhe"],"score":1065,"play_id":"24c4bec5-2a2b-44ef-9207-ffbdc8cf8849","local_time":"20190121234702","is_ascension_mode":true,"campfire_choices":[{"data":"Gash","floor":6.0,"key":"SMITH"},{"data":"Zap","floor":8.0,"key":"SMITH"},{"data":"Dualcast","floor":10.0,"key":"SMITH"},{"data":"White Noise","floor":13.0,"key":"SMITH"},{"floor":15.0,"key":"REST"},{"floor":23,"key":"REST"},{"data":"Beam Cell","floor":27,"key":"SMITH"},{"floor":32,"key":"REST"},{"floor":40,"key":"REST"},{"floor":44,"key":"REST"},{"floor":47,"key":"REST"},{"floor":49,"key":"REST"}],"neow_cost":"CURSE","seed_source_timestamp":0,"circlet_count":0,"master_deck":["AscendersBane","Strike_B+1","Strike_B+1","Strike_B+1","Strike_B+1","Defend_B+1","Defend_B+1","Defend_B+1","Zap+1","Dualcast+1","All For One","Gash+1","Conserve Battery","White Noise+1","Beam Cell+1","Go for the Eyes","Core Surge","Streamline","Hologram+1","Defragment+1","BootSequence","Glacier","Leap+1","Machine Learning","Madness+1","Stack+1","Go for the Eyes+1","Skim+1","Reinforced Body+1","Beam Cell+1"],"special_seed":0,"relics":["Cracked Core","Pear","Regal Pillow","Vajra","Art of War","Philosopher\u0027s Stone","PreservedInsect","Cables","Toxic Egg 2","Fusion Hammer","Dodecahedron","Omamori"],"potions_floor_usage":[21,42,50],"damage_taken":[{"damage":10.0,"enemies":"Small Slimes","floor":1.0,"turns":3.0},{"damage":3.0,"enemies":"2 Louse","floor":5.0,"turns":2.0},{"damage":5.0,"enemies":"3 Sentries","floor":11.0,"turns":4.0},{"damage":17.0,"enemies":"Slime Boss","floor":16.0,"turns":9.0},{"damage":7,"enemies":"Spheric Guardian","floor":18,"turns":3},{"damage":19,"enemies":"2 Thieves","floor":20,"turns":4},{"damage":14,"enemies":"Centurion and Healer","floor":21,"turns":7},{"damage":13,"enemies":"Colosseum Slavers","floor":25,"turns":4},{"damage":30,"enemies":"Shelled Parasite and Fungi","floor":28,"turns":5},{"damage":17,"enemies":"Snake Plant","floor":30,"turns":5},{"damage":4,"enemies":"Slavers","floor":31,"turns":4},{"damage":41,"enemies":"Collector","floor":33,"turns":13},{"damage":1,"enemies":"3 Shapes","floor":35,"turns":6},{"damage":33,"enemies":"3 Darklings","floor":37,"turns":6},{"damage":27,"enemies":"Reptomancer","floor":42,"turns":7},{"damage":43,"enemies":"Jaw Worm Horde","floor":45,"turns":5},{"damage":32,"enemies":"Sphere and 2 Shapes","floor":46,"turns":6},{"damage":0,"enemies":"Maw","floor":48,"turns":9},{"damage":47,"enemies":"Awakened One","floor":50,"turns":16}],"seed_played":"6610012749680297334","potions_obtained":[{"floor":1.0,"key":"PowerPotion"},{"floor":16.0,"key":"Swift Potion"},{"floor":18,"key":"Swift Potion"},{"floor":19,"key":"FairyPotion"},{"floor":19,"key":"Block Potion"},{"floor":31,"key":"Fire Potion"},{"floor":35,"key":"Ancient Potion"},{"floor":42,"key":"Fruit Juice"},{"floor":46,"key":"FocusPotion"}],"is_trial":false,"path_per_floor":["?","?","M","?","?","?","M","?","?","?","?","?","?","?"],"character_chosen":"DEFECT","items_purchased":["Beam Cell","Go for the Eyes","Cables","Glacier"],"campfire_rested":7,"item_purchase_floors":[12,12,29,29],"current_hp_per_floor":[58,63,63,73,70,70,70,70,70,70,65,65,65,47,89,72,86,79,79,60,46,46,88,88,75,75,75,45,45,28,24,66,25,74,73,62,29,29,29,71,71,49,49,92,49,17,60,60,95,48],"gold":319,"neow_bonus":"THREE_RARE_CARDS","is_prod":false,"is_daily":false,"chose_seed":false,"campfire_upgraded":5,"win_rate":0,"timestamp":1548132422,"path_taken":["M","?","$","?","?","R","?","R","T","R","E","$","R","?","R","BOSS","M","?","M","?","?","R","?","?","T","R","M","$","M","E","R","BOSS","M","?","M","?","?","R","?","E","T","R","M","M","R","M","R","BOSS"],"build_version":"2019-01-20","purchased_purges":1,"victory":true,"max_hp_per_floor":[75,80,80,90,90,90,90,90,90,90,90,90,90,90,90,90,90,90,90,90,90,90,90,90,90,90,90,90,90,90,90,90,90,90,90,90,90,90,90,90,90,95,95,95,95,95,95,95,95,95],"card_choices":[{"not_picked":["Biased Cognition","Rainbow"],"picked":"All For One","floor":0.0},{"not_picked":["Tempest","Conserve Battery"],"picked":"Gash","floor":1.0},{"not_picked":["Barrage","Rebound"],"picked":"Conserve Battery","floor":5.0},{"not_picked":["Reprogram","Blizzard"],"picked":"White Noise","floor":11.0},{"not_picked":["Seek","Reboot"],"picked":"Core Surge","floor":16.0},{"not_picked":["Hologram","Sunder"],"picked":"Streamline","floor":18},{"not_picked":["Conserve Battery","Steam Power"],"picked":"Hologram+1","floor":20},{"not_picked":["Barrage","Rebound"],"picked":"Defragment+1","floor":21},{"not_picked":["Redo","Rebound"],"picked":"BootSequence","floor":28},{"not_picked":["Creative AI","Compile Driver","Ball Lightning"],"picked":"SKIP","floor":30},{"not_picked":["Cold Snap+1","Consume"],"picked":"Leap","floor":31},{"not_picked":["Thunder Strike","Multi-Cast+1"],"picked":"Machine Learning","floor":33},{"not_picked":["Chaos+1","Turbo+1","Glacier+1"],"picked":"SKIP","floor":35},{"not_picked":["Steam+1","Coolheaded+1"],"picked":"Stack+1","floor":37},{"not_picked":["Steam+1","Undo+1"],"picked":"Go for the Eyes+1","floor":42},{"not_picked":["Go for the Eyes+1","Double Energy+1"],"picked":"Skim+1","floor":45},{"not_picked":["Hologram+1","Barrage+1"],"picked":"Reinforced Body+1","floor":46},{"not_picked":["Leap+1","All For One"],"picked":"Beam Cell+1","floor":48}],"player_experience":548964,"relics_obtained":[{"floor":9.0,"key":"Vajra"},{"floor":11.0,"key":"Art of War"},{"floor":26,"key":"PreservedInsect"},{"floor":31,"key":"Toxic Egg 2"},{"floor":42,"key":"Dodecahedron"},{"floor":43,"key":"Omamori"}],"event_choices":[{"damage_healed":0.0,"max_hp_gain":5.0,"max_hp_loss":0.0,"gold_gain":0.0,"event_name":"Big Fish","player_choice":"Donut","floor":2.0,"gold_loss":0.0,"damage_taken":0.0},{"damage_healed":0.0,"max_hp_gain":0.0,"max_hp_loss":0.0,"gold_gain":0.0,"event_name":"WeMeetAgain","player_choice":"Gave Potion","floor":4.0,"gold_loss":0.0,"damage_taken":0.0,"relics_obtained":["Pear"]},{"damage_healed":0.0,"max_hp_gain":0.0,"max_hp_loss":0.0,"gold_gain":0.0,"event_name":"Dead Adventurer","player_choice":"Searched \u00271\u0027 times","floor":7.0,"gold_loss":0.0,"damage_taken":0.0,"relics_obtained":["Regal Pillow"]},{"damage_healed":0.0,"max_hp_gain":0.0,"max_hp_loss":0.0,"gold_gain":0.0,"event_name":"Shining Light","player_choice":"Entered Light","floor":14.0,"gold_loss":0.0,"damage_taken":18.0,"cards_upgraded":["Strike_B","Defend_B"]},{"damage_healed":0,"gold_gain":0,"player_choice":"Got Potions","damage_taken":0,"max_hp_gain":0,"max_hp_loss":0,"event_name":"Lab","floor":19,"gold_loss":0},{"damage_healed":0,"gold_gain":99,"player_choice":"Stole From Cult","damage_taken":0,"max_hp_gain":0,"max_hp_loss":0,"event_name":"Nest","floor":22,"gold_loss":0},{"damage_healed":0,"gold_gain":0,"player_choice":"Simplicity","damage_taken":0,"max_hp_gain":0,"max_hp_loss":0,"event_name":"Back to Basics","floor":24,"gold_loss":0,"cards_upgraded":["Strike_B","Strike_B","Strike_B","Defend_B","Defend_B","Defend_B"]},{"damage_healed":0,"gold_gain":0,"player_choice":"Fight","damage_taken":0,"max_hp_gain":0,"max_hp_loss":0,"event_name":"Colosseum","floor":25,"gold_loss":0},{"damage_healed":0,"gold_gain":0,"player_choice":"Fled From Nobs","damage_taken":0,"max_hp_gain":0,"max_hp_loss":0,"event_name":"Colosseum","floor":25,"gold_loss":0},{"damage_healed":0,"gold_gain":0,"player_choice":"Embrace Madness","damage_taken":11,"max_hp_gain":0,"max_hp_loss":0,"event_name":"Winding Halls","floor":36,"gold_loss":0,"cards_obtained":["Madness","Madness"]},{"cards_removed":["Madness"],"damage_healed":0,"gold_gain":0,"player_choice":"Removed Skill","damage_taken":0,"max_hp_gain":0,"max_hp_loss":0,"event_name":"Falling","floor":38,"gold_loss":0},{"damage_healed":0,"gold_gain":0,"player_choice":"Ignored","damage_taken":0,"max_hp_gain":0,"max_hp_loss":0,"event_name":"The Moai Head","floor":39,"gold_loss":0},{"cards_removed":["Defend_B"],"damage_healed":0,"gold_gain":0,"player_choice":"Card Removal","damage_taken":0,"max_hp_gain":0,"max_hp_loss":0,"event_name":"Wheel of Change","floor":41,"gold_loss":0}],"is_beta":true,"boss_relics":[{"not_picked":["Astrolabe","Lizard Tail"],"picked":"Philosopher\u0027s Stone"},{"not_picked":["Pandora\u0027s Box","Coffee Dripper"],"picked":"Fusion Hammer"}],"items_purged_floors":[3],"is_endless":false,"potions_floor_spawned":[1,16,18,31,35,42,46],"ascension_level":11}