{"gold_per_floor":[210,40,40,51,61,94,94,121,167,167,184,201,201,1,1,98,98,115,205,23,34,53,53,87,87,155,155],"floor_reached":27,"playtime":1047,"items_purged":["Strike_B"],"score":393,"play_id":"3ab7eedd-376d-4c10-b73c-95c3c9272bf0","local_time":"20190203185945","is_ascension_mode":true,"campfire_choices":[{"data":"Defragment","floor":7,"key":"SMITH"},{"data":"Self Repair","floor":10,"key":"SMITH"},{"data":"Sunder","floor":13,"key":"SMITH"},{"data":"Sweeping Beam","floor":15,"key":"SMITH"},{"data":"Echo Form","floor":23,"key":"SMITH"},{"data":"Go for the Eyes","floor":25,"key":"SMITH"}],"neow_cost":"NONE","seed_source_timestamp":1468198559440126,"circlet_count":0,"master_deck":["Strike_B","Strike_B","Strike_B","Defend_B","Defend_B","Defend_B","Defend_B","Zap","Dualcast","Rebound","Self Repair+1","Defragment+1","Cold Snap","Melter","Leap","Tempest","Sunder+1","Conserve Battery","Sweeping Beam+1","Go for the Eyes+1","Echo Form+1","Ball Lightning","Hologram+1","Core Surge","Regret"],"relics":["Cracked Core","Blue Candle","Potion Belt","Centennial Puzzle","Cursed Key","DataDisk","Pen Nib","Cables"],"potions_floor_usage":[11,11,16,22,22],"damage_taken":[{"damage":13,"enemies":"Jaw Worm","floor":1,"turns":4},{"damage":1,"enemies":"Cultist","floor":4,"turns":3},{"damage":17,"enemies":"Small Slimes","floor":5,"turns":3},{"damage":17,"enemies":"Lagavulin","floor":6,"turns":6},{"damage":15,"enemies":"Gremlin Nob","floor":8,"turns":4},{"damage":11,"enemies":"Exordium Thugs","floor":11,"turns":4},{"damage":5,"enemies":"Blue Slaver","floor":12,"turns":4},{"damage":0,"enemies":"Slime Boss","floor":16,"turns":6},{"damage":7,"enemies":"Shell Parasite","floor":18,"turns":5},{"damage":5,"enemies":"Chosen","floor":21,"turns":3},{"damage":28,"enemies":"Centurion and Healer","floor":22,"turns":6},{"damage":20,"enemies":"Book of Stabbing","floor":24,"turns":4},{"damage":36,"enemies":"Slavers","floor":27,"turns":2}],"seed_played":"3928277664110011970","potions_obtained":[{"floor":11,"key":"GamblersBrew"},{"floor":12,"key":"AttackPotion"},{"floor":16,"key":"Weak Potion"},{"floor":22,"key":"FearPotion"}],"is_trial":false,"path_per_floor":["M","$","?","M","M","E","R","E","T","R","M","M","R","$","R","B",null,"M","?","$","M","M","R","E","R","T","E"],"character_chosen":"DEFECT","items_purchased":["Self Repair","AttackPotion","Block Potion","Conserve Battery","Sweeping Beam","Go for the Eyes","DataDisk","Ball Lightning"],"campfire_rested":0,"item_purchase_floors":[2,2,2,14,14,14,20,20],"current_hp_per_floor":[55,55,55,61,51,41,41,33,33,33,32,37,37,37,37,37,66,69,55,55,50,32,32,32,32,32,0],"gold":155,"neow_bonus":"HUNDRED_GOLD","is_prod":false,"is_daily":false,"chose_seed":false,"campfire_upgraded":6,"win_rate":0,"timestamp":1549249185,"path_taken":["M","$","?","M","M","E","R","E","T","R","?","M","R","$","R","BOSS","M","?","$","M","M","R","E","R","T","E"],"build_version":"2019-01-23","purchased_purges":1,"victory":false,"max_hp_per_floor":[75,75,75,75,75,75,75,75,75,75,75,75,75,75,75,75,75,75,75,75,75,75,75,75,75,75,75],"card_choices":[{"not_picked":["Conserve Battery","BootSequence"],"picked":"Rebound","floor":1},{"not_picked":["Aggregate","Rebound"],"picked":"Cold Snap","floor":4},{"not_picked":["Cold Snap","Echo Form"],"picked":"Melter","floor":5},{"not_picked":["Cold Snap","Hologram"],"picked":"Leap","floor":6},{"not_picked":["Blizzard","Seek"],"picked":"Tempest","floor":8},{"not_picked":["BootSequence","Turbo"],"picked":"Sunder","floor":11},{"not_picked":["White Noise","Fusion","BootSequence"],"picked":"SKIP","floor":12},{"not_picked":["Rainbow","Core Surge"],"picked":"Echo Form","floor":16},{"not_picked":["Reinforced Body","Compile Driver","Fusion"],"picked":"SKIP","floor":18},{"not_picked":["Static Discharge","Beam Cell","Compile Driver+1"],"picked":"SKIP","floor":21},{"not_picked":["Leap+1","Ball Lightning+1"],"picked":"Hologram+1","floor":22},{"not_picked":["Genetic Algorithm+1","Go for the Eyes"],"picked":"Core Surge","floor":24}],"player_experience":314364,"relics_obtained":[{"floor":6,"key":"Blue Candle"},{"floor":8,"key":"Potion Belt"},{"floor":9,"key":"Centennial Puzzle"},{"floor":24,"key":"Pen Nib"},{"floor":26,"key":"Cables"}],"event_choices":[{"damage_healed":0,"gold_gain":0,"player_choice":"1 cards matched","damage_taken":0,"max_hp_gain":0,"max_hp_loss":0,"event_name":"Match and Keep!","floor":3,"gold_loss":0,"cards_obtained":["Defragment"]},{"damage_healed":0,"gold_gain":90,"player_choice":"GOLD ","damage_taken":14,"max_hp_gain":0,"max_hp_loss":0,"event_name":"Knowing Skull","floor":19,"potions_obtained":[],"gold_loss":0,"cards_obtained":[]}],"is_beta":false,"boss_relics":[{"not_picked":["Lizard Tail","Inserter"],"picked":"Cursed Key"}],"items_purged_floors":[14],"is_endless":false,"potions_floor_spawned":[11,12,16,22],"killed_by":"Slavers","ascension_level":7}