{"gold_per_floor":[15,115,133,148,158,185,201,231,255,273,1,1,1,15,15,112,112,127,147,163,163,163,194,213,225,225,225,241,241,253,269,269,367,367,387,103,123,123,140,140,140],"floor_reached":41,"playtime":4643,"items_purged":["Defend_B","Zap"],"score":708,"play_id":"fd73fe82-5296-4937-996f-2aab917a5fcd","local_time":"20181002155059","is_ascension_mode":true,"campfire_choices":[{"floor":12.0,"key":"REST"},{"floor":15.0,"key":"REST"},{"data":"Bite","floor":29.0,"key":"SMITH"},{"data":"Bite","floor":32.0,"key":"SMITH"},{"data":"Defragment","floor":40,"key":"SMITH"}],"neow_cost":"NO_GOLD","seed_source_timestamp":924730328426493,"circlet_count":0,"master_deck":["Defend_B","Defend_B","Defend_B","Dualcast","Ball Lightning","Rebound","Sweeping Beam","Doom and Gloom","Conserve Battery","Electrodynamics","Ball Lightning","Reinforced Body","FTL","White Noise","Redo","Steam","Streamline+1","Bite+1","Bite","Bite","Bite","Bite+1","Echo Form","Defragment+1","Go for the Eyes","Sunder+1","BootSequence+1","Conserve Battery","Echo Form","Auto Shields","Defragment","White Noise","Chill+1","Leap+1"],"special_seed":0,"relics":["Cracked Core","Bag of Marbles","The Courier","Regal Pillow","ClockworkSouvenir","Coffee Dripper","Juzu Bracelet","Dead Branch","Runic Dome","Strawberry"],"potions_floor_usage":[41],"damage_taken":[{"damage":8.0,"enemies":"Small Slimes","floor":1.0,"turns":3.0},{"damage":1.0,"enemies":"Cultist","floor":3.0,"turns":3.0},{"damage":2.0,"enemies":"2 Louse","floor":4.0,"turns":2.0},{"damage":6.0,"enemies":"Exordium Thugs","floor":5.0,"turns":5.0},{"damage":40.0,"enemies":"Lagavulin","floor":6.0,"turns":6.0},{"damage":2.0,"enemies":"Blue Slaver","floor":7.0,"turns":3.0},{"damage":0.0,"enemies":"Gremlin Nob","floor":8.0,"turns":2.0},{"damage":5.0,"enemies":"Gremlin Gang","floor":10.0,"turns":2.0},{"damage":0.0,"enemies":"Large Slime","floor":14.0,"turns":2.0},{"damage":0.0,"enemies":"Slime Boss","floor":16.0,"turns":6.0},{"damage":0.0,"enemies":"Spheric Guardian","floor":18.0,"turns":3.0},{"damage":21.0,"enemies":"3 Byrds","floor":19.0,"turns":3.0},{"damage":17.0,"enemies":"Snake Plant","floor":20.0,"turns":4.0},{"damage":23.0,"enemies":"Slavers","floor":23.0,"turns":4.0},{"damage":5.0,"enemies":"Snecko","floor":24.0,"turns":3.0},{"damage":16.0,"enemies":"Sentry and Sphere","floor":25.0,"turns":4.0},{"damage":7.0,"enemies":"Shelled Parasite and Fungi","floor":28.0,"turns":4.0},{"damage":12.0,"enemies":"Chosen and Byrds","floor":30.0,"turns":4.0},{"damage":10.0,"enemies":"Centurion and Healer","floor":31.0,"turns":4.0},{"damage":36.0,"enemies":"Champ","floor":33.0,"turns":10.0},{"damage":2.0,"enemies":"3 Shapes","floor":35.0,"turns":3.0},{"damage":8,"enemies":"3 Darklings","floor":37,"turns":3},{"damage":16,"enemies":"Reptomancer","floor":39,"turns":6},{"damage":75,"enemies":"Giant Head","floor":41,"turns":6}],"seed_played":"4423207165311873789","potions_obtained":[{"floor":4.0,"key":"Explosive Potion"},{"floor":5.0,"key":"Fire Potion"},{"floor":8.0,"key":"SmokeBomb"},{"floor":14.0,"key":"Weak Potion"},{"floor":18.0,"key":"SpeedPotion"},{"floor":25.0,"key":"FearPotion"},{"floor":28.0,"key":"GamblersBrew"},{"floor":33.0,"key":"Fire Potion"},{"floor":35.0,"key":"FocusPotion"}],"is_trial":false,"path_per_floor":["M","?","M","M","M","E","M","E","T","M","$","R","$","M","R","B",null,"M","M","M","?","?","E","M","M","T","?","M","R","M","M","R","B",null,"M","$","M","?","M","R"],"character_chosen":"DEFECT","items_purchased":["ClockworkSouvenir","FTL","Defragment","White Noise","Strawberry"],"campfire_rested":2,"item_purchase_floors":[11,11,36,36,36],"current_hp_per_floor":[60,60,59,57,51,11,9,9,9,4,4,41,41,41,75,75,75,75,54,37,37,37,18,21,17,17,34,35,35,32,29,29,15,43,49,56,54,69,65,65,0],"gold":140,"neow_bonus":"REMOVE_TWO","is_prod":false,"is_daily":false,"chose_seed":false,"campfire_upgraded":3,"win_rate":0,"timestamp":1538509859,"path_taken":["M","?","M","M","M","E","M","E","T","M","$","R","?","M","R","BOSS","M","M","M","?","?","E","M","M","T","?","M","R","M","M","R","BOSS","M","$","M","?","M","R","E"],"build_version":"2018-09-27","purchased_purges":2,"victory":false,"max_hp_per_floor":[75,75,75,75,75,75,75,75,75,75,75,75,75,75,75,75,75,75,75,75,75,52,52,52,52,52,52,52,52,52,52,52,52,52,52,59,59,69,69,69,69],"card_choices":[{"not_picked":["Coolheaded","Capacitor"],"picked":"Ball Lightning","floor":1.0},{"not_picked":["Beam Cell","Compile Driver"],"picked":"Rebound","floor":3.0},{"not_picked":["Compile Driver","Recycle"],"picked":"Sweeping Beam","floor":4.0},{"not_picked":["Beam Cell","Gash"],"picked":"Doom and Gloom","floor":5.0},{"not_picked":["Melter","Streamline"],"picked":"Conserve Battery","floor":6.0},{"not_picked":["BootSequence","Reinforced Body"],"picked":"Electrodynamics","floor":7.0},{"not_picked":["Gash","Chaos"],"picked":"Ball Lightning","floor":8.0},{"not_picked":["Leap","Steam"],"picked":"Reinforced Body","floor":10.0},{"not_picked":["Redo","Lockon"],"picked":"White Noise","floor":14.0},{"not_picked":["Electrodynamics","Rainbow"],"picked":"Seek","floor":16.0},{"not_picked":["Beam Cell","Chaos"],"picked":"Redo","floor":18.0},{"not_picked":["Skim","Compile Driver"],"picked":"Steam","floor":19.0},{"not_picked":["Ball Lightning","Hyperbeam"],"picked":"Streamline","floor":20.0},{"not_picked":["Chaos","Conserve Battery"],"picked":"Echo Form","floor":23.0},{"not_picked":["Chaos+1","Coolheaded+1"],"picked":"Defragment","floor":24.0},{"not_picked":["Gash+1","Reprogram+1"],"picked":"Go for the Eyes","floor":25.0},{"not_picked":["Ball Lightning","Sweeping Beam+1"],"picked":"Sunder+1","floor":28.0},{"not_picked":["Glacier","Force Field"],"picked":"BootSequence+1","floor":30.0},{"not_picked":["Gash","Sunder+1"],"picked":"Conserve Battery","floor":31.0},{"not_picked":["Reboot","All For One"],"picked":"Echo Form","floor":33.0},{"not_picked":["Hello World+1","Go for the Eyes"],"picked":"Auto Shields","floor":35.0},{"not_picked":["Rip and Tear+1","Aggregate+1"],"picked":"Chill+1","floor":37},{"not_picked":["Turbo","Hologram"],"picked":"Leap+1","floor":39}],"player_experience":532114,"relics_obtained":[{"floor":6.0,"key":"Bag of Marbles"},{"floor":8.0,"key":"The Courier"},{"floor":9.0,"key":"Regal Pillow"},{"floor":23.0,"key":"Juzu Bracelet"},{"floor":26.0,"key":"Dead Branch"}],"event_choices":[{"event_name":"Wheel of Change","player_choice":"Gold","floor":2.0,"damage_taken":0.0},{"event_name":"Upgrade Shrine","player_choice":"Upgraded","floor":21.0,"damage_taken":0.0},{"event_name":"Vampires","player_choice":"Became a vampire","floor":22.0,"damage_taken":0.0},{"event_name":"The Library","player_choice":"Heal","floor":27.0,"damage_taken":0.0},{"event_name":"Bonfire Elementals","player_choice":"RARE","floor":38,"damage_taken":0}],"is_beta":false,"boss_relics":[{"not_picked":["FrozenCore","Busted Crown"],"picked":"Coffee Dripper"},{"not_picked":["Calling Bell","Black Star"],"picked":"Runic Dome"}],"items_purged_floors":[11,36],"is_endless":false,"potions_floor_spawned":[4,5,8,14,18,19,25,28,33,35,37],"killed_by":"Giant Head","ascension_level":7}