{"gold_per_floor":[119,132,307,318,41,41,67,67,112,112,137,155,155,184,184,288,288,306,94,94,112,31,56,73,101,101,101,121,121,21,296,296,393,393,405,417,427,427,444,473,473,29,52,52,63,92,92,106,106,106],"floor_reached":50,"playtime":4847,"items_purged":["Doubt","Strike_R","Strike_R","Strike_R"],"score":611,"play_id":"9e4258be-9d5b-41f6-81a2-8531c44b2a33","local_time":"20190110164036","is_ascension_mode":true,"campfire_choices":[{"data":"Bash","floor":6.0,"key":"SMITH"},{"data":"Pommel Strike","floor":10.0,"key":"SMITH"},{"data":"Rampage","floor":15.0,"key":"SMITH"},{"data":"True Grit","floor":27,"key":"SMITH"},{"data":"Uppercut","floor":29,"key":"SMITH"},{"data":"Spot Weakness","floor":32,"key":"SMITH"},{"floor":41,"key":"RECALL"},{"data":"Sword Boomerang","floor":44,"key":"SMITH"},{"data":"Inflame","floor":47,"key":"SMITH"},{"floor":49,"key":"DIG"}],"neow_cost":"NONE","seed_source_timestamp":0,"circlet_count":0,"master_deck":["Strike_R+1","Defend_R+1","Defend_R","Defend_R","Defend_R","Bash+1","Shrug It Off","Rampage+1","Pommel Strike+1","Twin Strike","Thunderclap","Headbutt","Reaper","Body Slam+1","Flame Barrier","Armaments","Evolve+1","Cleave+1","True Grit+1","Shrug It Off","Uppercut+1","Spot Weakness+1","Sword Boomerang+1","Inflame+1","Headbutt+1","Seeing Red"],"special_seed":0,"relics":["Burning Blood","Lantern","Centennial Puzzle","Boot","Regal Pillow","The Courier","Champion Belt","Mark of Pain","Blood Vial","Omamori","Meat on the Bone","Black Star","Shovel","Paper Frog","Gremlin Horn","Anchor","Bronze Scales","Du-Vu Doll","Mummified Hand"],"potions_floor_usage":[40,50,50,50],"damage_taken":[{"damage":10.0,"enemies":"Jaw Worm","floor":1.0,"turns":4.0},{"damage":7.0,"enemies":"2 Louse","floor":2.0,"turns":3.0},{"damage":0.0,"enemies":"Small Slimes","floor":4.0,"turns":4.0},{"damage":15.0,"enemies":"Lagavulin","floor":7.0,"turns":5.0},{"damage":6.0,"enemies":"Gremlin Nob","floor":11.0,"turns":3.0},{"damage":8.0,"enemies":"Red Slaver","floor":12.0,"turns":2.0},{"damage":20.0,"enemies":"Lagavulin","floor":14.0,"turns":4.0},{"damage":29.0,"enemies":"Hexaghost","floor":16.0,"turns":9.0},{"damage":19,"enemies":"2 Thieves","floor":18,"turns":4},{"damage":15,"enemies":"3 Byrds","floor":21,"turns":4},{"damage":19,"enemies":"Gremlin Leader","floor":23,"turns":8},{"damage":6,"enemies":"Snecko","floor":24,"turns":4},{"damage":10,"enemies":"Book of Stabbing","floor":25,"turns":5},{"damage":19,"enemies":"Shelled Parasite and Fungi","floor":28,"turns":4},{"damage":53,"enemies":"Automaton","floor":33,"turns":9},{"damage":43,"enemies":"3 Darklings","floor":35,"turns":5},{"damage":3,"enemies":"Orb Walker","floor":36,"turns":3},{"damage":29,"enemies":"3 Darklings","floor":37,"turns":5},{"damage":25,"enemies":"4 Shapes","floor":39,"turns":8},{"damage":32,"enemies":"Nemesis","floor":40,"turns":5},{"damage":7,"enemies":"Transient","floor":45,"turns":5},{"damage":48,"enemies":"Reptomancer","floor":46,"turns":6},{"damage":14,"enemies":"Spire Growth","floor":48,"turns":4},{"damage":57,"enemies":"Time Eater","floor":50,"turns":9}],"seed_played":"3168495038363456362","potions_obtained":[{"floor":2.0,"key":"PowerPotion"},{"floor":4.0,"key":"Dexterity Potion"},{"floor":12.0,"key":"Poison Potion"},{"floor":23,"key":"BloodPotion"},{"floor":28,"key":"Regen Potion"},{"floor":37,"key":"Fire Potion"},{"floor":40,"key":"Energy Potion"}],"is_trial":false,"path_per_floor":["M","M","?","M","$","R","E","?","T","R","E","M","T","E","R","B",null,"M","$","?","M","$","E","M","E","T","R","M","R","$","?","R","B",null,"M","M","M","?","M","E","R","$","T","R","M","E","R","M","R","B"],"character_chosen":"IRONCLAD","items_purchased":["Lantern","Twin Strike","Flame Barrier","Armaments","Evolve","True Grit","Shrug It Off","Gremlin Horn","Anchor"],"campfire_rested":0,"item_purchase_floors":[5,5,19,19,19,22,22,42,42],"current_hp_per_floor":[76,75,75,80,80,80,71,55,55,55,55,53,53,39,39,16,80,71,71,71,71,71,67,69,67,67,67,56,56,56,56,56,23,80,60,65,62,62,57,47,47,47,47,47,58,48,48,54,54,0],"gold":106,"neow_bonus":"REMOVE_CARD","is_prod":false,"is_daily":false,"chose_seed":false,"campfire_upgraded":8,"win_rate":0,"timestamp":1547134836,"path_taken":["M","M","?","M","$","R","E","?","T","R","E","M","?","E","R","BOSS","M","$","?","?","$","E","M","E","T","R","M","R","$","?","R","BOSS","M","?","M","?","M","E","R","$","T","R","M","E","R","?","R","BOSS"],"build_version":"2019-01-03v4","purchased_purges":4,"victory":false,"max_hp_per_floor":[80,80,80,80,80,80,80,80,80,80,80,80,80,80,80,80,80,80,80,80,80,80,80,80,80,80,80,80,80,80,80,80,80,80,80,80,80,80,80,80,80,80,80,80,80,80,80,80,80,80],"card_choices":[{"not_picked":["Heavy Blade","Shockwave"],"picked":"Shrug It Off","floor":1.0},{"not_picked":["True Grit","Wild Strike"],"picked":"Rampage","floor":2.0},{"not_picked":["Anger","Havoc"],"picked":"Pommel Strike","floor":4.0},{"not_picked":["Wild Strike","Shrug It Off"],"picked":"Thunderclap","floor":7.0},{"not_picked":["Corruption","Flex"],"picked":"Headbutt","floor":11.0},{"not_picked":["Infernal Blade","Clothesline","Bludgeon"],"picked":"SKIP","floor":12.0},{"not_picked":["Infernal Blade","Clothesline","Bludgeon"],"picked":"SKIP","floor":12.0},{"not_picked":["Thunderclap","Body Slam","Burning Pact"],"picked":"SKIP","floor":14.0},{"not_picked":["Juggernaut","Feed"],"picked":"Reaper","floor":16.0},{"not_picked":["Disarm","Rage"],"picked":"Body Slam+1","floor":18},{"not_picked":["Intimidate","Bloodletting"],"picked":"Cleave+1","floor":21},{"not_picked":["Sever Soul+1","Combust","Rampage"],"picked":"SKIP","floor":23},{"not_picked":["Rage","Sword Boomerang"],"picked":"Uppercut","floor":24},{"not_picked":["Disarm","Headbutt"],"picked":"Spot Weakness","floor":25},{"not_picked":["Seeing Red","Flex"],"picked":"Sword Boomerang","floor":28},{"not_picked":["Entrench","Cleave+1","Perfected Strike"],"picked":"SKIP","floor":35},{"not_picked":["Burning Pact","Flex"],"picked":"Inflame","floor":36},{"not_picked":["Blood for Blood","Ghostly Armor","Body Slam"],"picked":"SKIP","floor":37},{"not_picked":["Havoc","Shrug It Off+1"],"picked":"Headbutt+1","floor":39},{"not_picked":["Flame Barrier","Juggernaut","Bloodletting"],"picked":"SKIP","floor":40},{"not_picked":["Headbutt","Shrug It Off","Rupture+1"],"picked":"SKIP","floor":45},{"not_picked":["Headbutt","Dual Wield+1","Pummel"],"picked":"SKIP","floor":46},{"not_picked":["Havoc","Twin Strike"],"picked":"Seeing Red","floor":48}],"player_experience":228453,"relics_obtained":[{"floor":7.0,"key":"Centennial Puzzle"},{"floor":9.0,"key":"Boot"},{"floor":11.0,"key":"Regal Pillow"},{"floor":13.0,"key":"The Courier"},{"floor":14.0,"key":"Champion Belt"},{"floor":23,"key":"Blood Vial"},{"floor":25,"key":"Omamori"},{"floor":26,"key":"Meat on the Bone"},{"floor":40,"key":"Shovel"},{"floor":40,"key":"Paper Frog"},{"floor":46,"key":"Bronze Scales"},{"floor":46,"key":"Du-Vu Doll"},{"floor":49,"key":"Mummified Hand"}],"event_choices":[{"damage_healed":0.0,"max_hp_gain":0.0,"max_hp_loss":0.0,"gold_gain":175.0,"event_name":"Liars Game","player_choice":"AGREE","floor":3.0,"gold_loss":0.0,"damage_taken":0.0,"cards_obtained":["Doubt"]},{"damage_healed":0.0,"max_hp_gain":0.0,"max_hp_loss":0.0,"gold_gain":0.0,"event_name":"Shining Light","player_choice":"Entered Light","floor":8.0,"gold_loss":0.0,"damage_taken":16.0,"cards_upgraded":["Strike_R","Defend_R"]},{"damage_healed":0,"gold_gain":0,"player_choice":"Upgraded","damage_taken":0,"max_hp_gain":0,"max_hp_loss":0,"event_name":"Upgrade Shrine","floor":20,"gold_loss":0,"cards_upgraded":["Evolve"]},{"damage_healed":0,"gold_gain":275,"player_choice":"Desecrate","damage_taken":0,"max_hp_gain":0,"max_hp_loss":0,"event_name":"Golden Shrine","floor":31,"gold_loss":0,"cards_obtained":["Regret"]},{"damage_healed":0,"gold_gain":0,"player_choice":"Bought 0 Potions","damage_taken":0,"max_hp_gain":0,"max_hp_loss":0,"event_name":"The Woman in Blue","floor":38,"gold_loss":0}],"is_beta":false,"boss_relics":[{"not_picked":["Busted Crown","Runic Pyramid"],"picked":"Mark of Pain"},{"not_picked":["Lizard Tail","Tiny House"],"picked":"Black Star"}],"items_purged_floors":[5,19,30,42],"is_endless":false,"potions_floor_spawned":[2,4,12,23,24,28,37,40],"killed_by":"Time Eater","ascension_level":1}