{"gold_per_floor":[360,102,121,121,121,121,10,10,10,10,29,29,48,61,61,161,161,172,172,184,200,200,200,11,31,54,54,54,72,84,84,84,189,189,206,206,218,218,218,218,228,243,297,143,143,143,154,165,165,165],"floor_reached":50,"playtime":1956,"items_purged":["Strike_R"],"score":459,"play_id":"b4910c58-171e-4f84-b1cd-ed1505fd99fb","local_time":"20190115014909","is_ascension_mode":false,"campfire_choices":[{"data":"Clash","floor":6.0,"key":"SMITH"},{"data":"Spot Weakness","floor":8.0,"key":"SMITH"},{"data":"Feel No Pain","floor":12.0,"key":"SMITH"},{"data":"Clash","floor":15.0,"key":"SMITH"},{"data":"Juggernaut","floor":23.0,"key":"SMITH"},{"floor":28.0,"key":"REST"},{"floor":32.0,"key":"REST"},{"data":"Corruption","floor":40.0,"key":"SMITH"},{"floor":46.0,"key":"REST"},{"floor":49.0,"key":"REST"}],"neow_cost":"PERCENT_DAMAGE","seed_source_timestamp":435027191082411,"circlet_count":0,"master_deck":["Defend_R","Defend_R","Defend_R","Defend_R","Bash","Iron Wave","Flash of Steel","Corruption+1","Clash+1","Battle Trance","Spot Weakness+1","Feel No Pain+1","Clash+1","Disarm","Juggernaut+1","Sword Boomerang","Twin Strike+1","Exhume","Shrug It Off","Feel No Pain","Bite","Bite","Bite","Bite","Bite","Pummel","Reaper","True Grit+1","Madness","Iron Wave+1","Flame Barrier+1","Shrug It Off","Spot Weakness","Flex"],"special_seed":0,"relics":["Black Blood"],"potions_floor_usage":[50,50,50],"damage_taken":[{"damage":5.0,"enemies":"Small Slimes","floor":1.0,"turns":4.0},{"damage":6.0,"enemies":"2 Louse","floor":3.0,"turns":3.0},{"damage":6.0,"enemies":"Jaw Worm","floor":11.0,"turns":3.0},{"damage":17.0,"enemies":"Lots of Slimes","floor":13.0,"turns":4.0},{"damage":0.0,"enemies":"Looter","floor":14.0,"turns":3.0},{"damage":51.0,"enemies":"Slime Boss","floor":16.0,"turns":9.0},{"damage":6.0,"enemies":"Shell Parasite","floor":18.0,"turns":4.0},{"damage":22.0,"enemies":"Spheric Guardian","floor":20.0,"turns":5.0},{"damage":14.0,"enemies":"Snake Plant","floor":21.0,"turns":4.0},{"damage":59.0,"enemies":"3 Cultists","floor":25.0,"turns":5.0},{"damage":15.0,"enemies":"Chosen and Byrds","floor":29.0,"turns":4.0},{"damage":19.0,"enemies":"Centurion and Healer","floor":30.0,"turns":6.0},{"damage":61.0,"enemies":"Champ","floor":33.0,"turns":11.0},{"damage":35.0,"enemies":"3 Shapes","floor":35.0,"turns":5.0},{"damage":54.0,"enemies":"3 Darklings","floor":37.0,"turns":5.0},{"damage":2.0,"enemies":"Maw","floor":41.0,"turns":8.0},{"damage":42.0,"enemies":"Spire Growth","floor":42.0,"turns":6.0},{"damage":31.0,"enemies":"Sphere and 2 Shapes","floor":47.0,"turns":7.0},{"damage":18.0,"enemies":"Jaw Worm Horde","floor":48.0,"turns":6.0},{"damage":52,"enemies":"Time Eater","floor":50,"turns":6}],"seed_played":"-6456490667628493944","potions_obtained":[{"floor":3.0,"key":"Regen Potion"},{"floor":13.0,"key":"AttackPotion"},{"floor":18.0,"key":"Strength Potion"},{"floor":19.0,"key":"EntropicBrew"},{"floor":33.0,"key":"SkillPotion"},{"floor":37.0,"key":"Ancient Potion"},{"floor":48.0,"key":"Block Potion"}],"is_trial":false,"path_per_floor":["M","$","M","?","?","R","$","R","T","$","M","R","M","M","R","B",null,"M","?","M","M","?","R","$","M","T","?","R","M","M","$","R","B",null,"M","?","M","?","?","R","M","M","T","$","?","R","M","M","R","B"],"character_chosen":"IRONCLAD","items_purchased":["Flash of Steel","Corruption","Clash","AttackPotion","Spot Weakness","Exhume","Shrug It Off","Block Potion","Energy Potion","Shrug It Off"],"campfire_rested":4,"item_purchase_floors":[2,2,2,2,7,24,24,44,44,44],"current_hp_per_floor":[57,57,57,57,80,80,80,80,80,80,80,80,69,75,75,30,80,80,80,68,64,64,64,64,20,20,20,36,39,42,42,56,13,56,56,56,16,9,49,49,49,27,27,27,27,41,23,31,45,0],"gold":165,"neow_bonus":"TWO_FIFTY_GOLD","is_prod":false,"is_daily":false,"chose_seed":false,"campfire_upgraded":6,"win_rate":0,"timestamp":1547534949,"path_taken":["M","$","M","?","?","R","$","R","T","?","M","R","?","M","R","BOSS","M","?","M","?","?","R","$","M","T","?","R","M","M","$","R","BOSS","M","?","M","?","?","R","M","M","T","$","?","R","?","M","R","BOSS"],"build_version":"2019-01-14","purchased_purges":1,"victory":false,"max_hp_per_floor":[80,80,80,80,80,80,80,80,80,80,80,80,80,80,80,80,80,80,80,80,80,80,80,80,80,80,56,56,56,56,56,56,56,56,56,56,56,56,49,49,49,49,49,49,49,49,49,49,49,49],"card_choices":[{"not_picked":["Clash","Hemokinesis"],"picked":"Iron Wave","floor":1.0},{"not_picked":["Perfected Strike","Anger"],"picked":"Battle Trance","floor":3.0},{"not_picked":["Flame Barrier","Burning Pact"],"picked":"Feel No Pain","floor":11.0},{"not_picked":["Pommel Strike","Spot Weakness"],"picked":"Clash","floor":13.0},{"not_picked":["Clothesline","Brutality"],"picked":"Disarm","floor":14.0},{"not_picked":["Dark Embrace","Offering"],"picked":"Juggernaut","floor":16.0},{"not_picked":["Headbutt","Perfected Strike","Wild Strike"],"picked":"SKIP","floor":18.0},{"not_picked":["Cleave","Anger"],"picked":"Sword Boomerang","floor":20.0},{"not_picked":["Pommel Strike+1","Perfected Strike"],"picked":"Twin Strike+1","floor":21.0},{"not_picked":["Hemokinesis+1","Clothesline"],"picked":"Feel No Pain","floor":25.0},{"not_picked":["True Grit","Perfected Strike"],"picked":"Pummel","floor":29.0},{"not_picked":["Pommel Strike","True Grit","Dual Wield"],"picked":"SKIP","floor":30.0},{"not_picked":["Double Tap","Exhume"],"picked":"Reaper","floor":33.0},{"not_picked":["Pommel Strike+1","Bloodletting"],"picked":"True Grit+1","floor":35.0},{"not_picked":["Anger","Rage","Corruption+1"],"picked":"SKIP","floor":37.0},{"not_picked":["Cleave+1","Evolve"],"picked":"Iron Wave+1","floor":41.0},{"not_picked":["Flame Barrier+1","Perfected Strike"],"picked":"Flame Barrier+1","floor":42.0},{"not_picked":["Twin Strike","Cleave"],"picked":"Spot Weakness","floor":47.0},{"not_picked":["Pommel Strike+1","Shrug It Off"],"picked":"Flex","floor":48.0}],"player_experience":542577,"relics_obtained":[],"event_choices":[{"damage_healed":0.0,"max_hp_gain":0.0,"max_hp_loss":0.0,"gold_gain":0.0,"event_name":"Golden Idol","player_choice":"Ignored","floor":4.0,"gold_loss":0.0,"damage_taken":0.0},{"damage_healed":26.0,"max_hp_gain":0.0,"max_hp_loss":0.0,"gold_gain":0.0,"event_name":"Big Fish","player_choice":"Banana","floor":5.0,"gold_loss":0.0,"damage_taken":0.0},{"damage_healed":0.0,"max_hp_gain":0.0,"max_hp_loss":0.0,"gold_gain":0.0,"event_name":"Lab","player_choice":"Got Potions","floor":19.0,"gold_loss":0.0,"damage_taken":0.0},{"damage_healed":0.0,"max_hp_gain":0.0,"max_hp_loss":0.0,"gold_gain":0.0,"event_name":"The Mausoleum","player_choice":"Ignored","floor":22.0,"gold_loss":0.0,"damage_taken":0.0},{"damage_healed":0.0,"max_hp_gain":0.0,"max_hp_loss":24.0,"gold_gain":0.0,"event_name":"Vampires","player_choice":"Became a vampire","floor":27.0,"gold_loss":0.0,"damage_taken":0.0,"cards_obtained":["Bite","Bite","Bite","Bite","Bite"]},{"damage_healed":0.0,"max_hp_gain":0.0,"max_hp_loss":0.0,"gold_gain":0.0,"event_name":"Tomb of Lord Red Mask","player_choice":"Ignored","floor":36.0,"gold_loss":0.0,"damage_taken":0.0},{"damage_healed":0.0,"max_hp_gain":0.0,"max_hp_loss":0.0,"gold_gain":0.0,"event_name":"Winding Halls","player_choice":"Embrace Madness","floor":38.0,"gold_loss":0.0,"damage_taken":7.0,"cards_obtained":["Madness","Madness"]},{"damage_healed":49.0,"max_hp_gain":0.0,"max_hp_loss":7.0,"gold_gain":0.0,"event_name":"The Moai Head","player_choice":"Heal","floor":39.0,"gold_loss":0.0,"damage_taken":0.0},{"cards_removed":["Madness"],"damage_healed":0.0,"max_hp_gain":0.0,"max_hp_loss":0.0,"gold_gain":0.0,"event_name":"Wheel of Change","player_choice":"Card Removal","floor":45.0,"gold_loss":0.0,"damage_taken":0.0}],"is_beta":true,"boss_relics":[{"not_picked":["Runic Cube","Empty Cage"],"picked":"Black Blood"},{"not_picked":["Eternal Feather","Astrolabe","Lizard Tail"]}],"items_purged_floors":[7],"is_endless":false,"potions_floor_spawned":[3,13,18,29,33,37,47,48],"killed_by":"Time Eater","ascension_level":0}