{"gold_per_floor":[115,265,284,334,209,234,234,251,277,289,303,315,315,344,344,344],"floor_reached":16,"playtime":2615,"items_purged":["Doubt"],"score":202,"play_id":"f178ef5f-23de-46d7-bbc7-ce67117661a9","local_time":"20190124230751","is_ascension_mode":true,"campfire_choices":[{"data":"Armaments","floor":7,"key":"SMITH"},{"data":"True Grit","floor":13,"key":"SMITH"},{"floor":15,"key":"REST"}],"neow_cost":"NONE","seed_source_timestamp":0,"circlet_count":0,"master_deck":["AscendersBane","Strike_R","Strike_R","Strike_R","Strike_R+1","Strike_R","Defend_R","Defend_R","Defend_R","Defend_R","Bash+1","Body Slam","True Grit+1","Shrug It Off","Armaments+1","Shrug It Off","Headbutt","Warcry","Barricade"],"special_seed":0,"relics":["Burning Blood","Boot","Lantern","Whetstone"],"potions_floor_usage":[16,16],"damage_taken":[{"damage":6.0,"enemies":"Cultist","floor":1.0,"turns":4.0},{"damage":7,"enemies":"Small Slimes","floor":3,"turns":4},{"damage":40,"enemies":"Gremlin Nob","floor":6,"turns":5},{"damage":0,"enemies":"2 Louse","floor":8,"turns":4},{"damage":6,"enemies":"Gremlin Gang","floor":10,"turns":8},{"damage":6,"enemies":"Exordium Thugs","floor":11,"turns":6},{"damage":3,"enemies":"2 Fungi Beasts","floor":12,"turns":5},{"damage":14,"enemies":"3 Sentries","floor":14,"turns":11},{"damage":68,"enemies":"Slime Boss","floor":16,"turns":13}],"seed_played":"7946999043106397265","potions_obtained":[{"floor":6,"key":"Fire Potion"},{"floor":10,"key":"Poison Potion"},{"floor":11,"key":"Strength Potion"}],"is_trial":false,"path_per_floor":["M","?","M","?","$","E","R","M","T","M","M","M","R","E","R","B"],"character_chosen":"IRONCLAD","items_purchased":["Shrug It Off"],"campfire_rested":1,"item_purchase_floors":[5],"current_hp_per_floor":[75,75,74,74,74,40,40,46,46,46,46,49,49,41,65,0],"gold":344,"neow_bonus":"TEN_PERCENT_HP_BONUS","is_prod":false,"is_daily":false,"chose_seed":false,"campfire_upgraded":2,"win_rate":0,"timestamp":1548389271,"path_taken":["M","?","M","?","$","E","R","M","T","M","M","M","R","E","R","BOSS"],"build_version":"2019-01-23","purchased_purges":1,"victory":false,"max_hp_per_floor":[82,82,82,82,82,82,82,82,82,82,82,82,82,82,82,82],"card_choices":[{"not_picked":["Heavy Blade","Reckless Charge"],"picked":"Body Slam","floor":1.0},{"not_picked":["Iron Wave","Corruption"],"picked":"True Grit","floor":3},{"not_picked":["Fire Breathing","Exhume"],"picked":"Armaments","floor":6},{"not_picked":["Fire Breathing","Havoc","Perfected Strike"],"picked":"SKIP","floor":8},{"not_picked":["Power Through","Armaments"],"picked":"Shrug It Off","floor":10},{"not_picked":["Armaments","Body Slam"],"picked":"Headbutt","floor":11},{"not_picked":["Dropkick","Heavy Blade"],"picked":"Warcry","floor":12},{"not_picked":["Thunderclap","Perfected Strike"],"picked":"Barricade","floor":14}],"player_experience":918398,"relics_obtained":[{"floor":6,"key":"Boot"},{"floor":9,"key":"Lantern"},{"floor":14,"key":"Whetstone"}],"event_choices":[{"damage_healed":0,"gold_gain":150,"player_choice":"AGREE","damage_taken":0,"max_hp_gain":0,"max_hp_loss":0,"event_name":"Liars Game","floor":2,"gold_loss":0,"cards_obtained":["Doubt"]},{"damage_healed":0,"gold_gain":50,"player_choice":"Pray","damage_taken":0,"max_hp_gain":0,"max_hp_loss":0,"event_name":"Golden Shrine","floor":4,"gold_loss":0}],"is_beta":false,"boss_relics":[],"items_purged_floors":[5],"is_endless":false,"potions_floor_spawned":[6,10,11,12],"killed_by":"Slime Boss","ascension_level":16}