{"gold_per_floor":[113,113,133,146,159,159,175,190,190,230,230,195,209,230,230,354,354,368,368,1,1,20,20,20,20,20,36,36],"floor_reached":28,"playtime":1368,"items_purged":[],"score":255,"play_id":"47fe9138-84b4-4009-8fa3-5afd777f5f17","local_time":"20190111224101","is_ascension_mode":true,"campfire_choices":[{"data":"Disarm","floor":6.0,"key":"SMITH"},{"floor":11.0,"key":"REST"},{"data":"Armaments","floor":15.0,"key":"SMITH"},{"data":"Thunderclap","floor":23,"key":"SMITH"},{"data":"True Grit","floor":25,"key":"SMITH"}],"neow_cost":"NONE","seed_source_timestamp":0,"circlet_count":0,"master_deck":["Strike_R","Strike_R","Strike_R","Strike_R","Strike_R","Defend_R","Defend_R","Defend_R","Defend_R","Bash","Shrug It Off","Thunderclap+1","Disarm+1","True Grit+1","Armaments+1","Disarm","Twin Strike+1","Offering","Rage","Uppercut+1"],"special_seed":0,"relics":["Burning Blood","Bloody Idol","Molten Egg 2","Anchor","Black Star","Shovel","Calipers"],"potions_floor_usage":[18,19,27,28],"damage_taken":[{"damage":9.0,"enemies":"Jaw Worm","floor":1.0,"turns":4.0},{"damage":2.0,"enemies":"2 Louse","floor":3.0,"turns":4.0},{"damage":7.0,"enemies":"Small Slimes","floor":4.0,"turns":4.0},{"damage":14.0,"enemies":"Exordium Thugs","floor":5.0,"turns":3.0},{"damage":23.0,"enemies":"Gremlin Gang","floor":7.0,"turns":5.0},{"damage":12.0,"enemies":"Looter","floor":8.0,"turns":4.0},{"damage":31.0,"enemies":"Gremlin Nob","floor":10.0,"turns":5.0},{"damage":11.0,"enemies":"Large Slime","floor":13.0,"turns":7.0},{"damage":7.0,"enemies":"2 Fungi Beasts","floor":14.0,"turns":4.0},{"damage":19.0,"enemies":"The Guardian","floor":16.0,"turns":14.0},{"damage":15,"enemies":"3 Byrds","floor":18,"turns":5},{"damage":26,"enemies":"Colosseum Slavers","floor":19,"turns":7},{"damage":22,"enemies":"2 Thieves","floor":22,"turns":4},{"damage":34,"enemies":"Sentry and Sphere","floor":27,"turns":7},{"damage":14,"enemies":"Centurion and Healer","floor":28,"turns":3}],"seed_played":"-8026505549533293226","potions_obtained":[{"floor":0.0,"key":"BloodPotion"},{"floor":0.0,"key":"AttackPotion"},{"floor":0.0,"key":"Block Potion"},{"floor":8.0,"key":"LiquidBronze"},{"floor":16.0,"key":"Explosive Potion"},{"floor":18,"key":"Weak Potion"},{"floor":27,"key":"SpeedPotion"}],"is_trial":false,"path_per_floor":["M","?","M","M","M","R","M","M","T","E","R","?","M","M","R","B",null,"M","?","$","?","M","R","?","R","T","M","M"],"character_chosen":"IRONCLAD","items_purchased":["Shovel","Rage"],"campfire_rested":1,"item_purchase_floors":[20,20],"current_hp_per_floor":[77,57,61,60,60,60,43,37,37,12,36,56,51,50,50,37,80,71,51,51,51,35,35,35,35,35,12,0],"gold":36,"neow_bonus":"THREE_SMALL_POTIONS","is_prod":false,"is_daily":false,"chose_seed":false,"campfire_upgraded":4,"win_rate":0,"timestamp":1547275261,"path_taken":["M","?","M","M","M","R","M","M","T","E","R","?","M","M","R","BOSS","M","?","$","?","M","R","?","R","T","M","M"],"build_version":"2019-01-10","purchased_purges":0,"victory":false,"max_hp_per_floor":[80,80,80,80,80,80,80,80,80,80,80,80,80,80,80,80,80,80,80,80,80,80,80,80,80,80,80,80],"card_choices":[{"not_picked":["Flex","Perfected Strike"],"picked":"Shrug It Off","floor":1.0},{"not_picked":["Flex","Twin Strike"],"picked":"Thunderclap","floor":3.0},{"not_picked":["Wild Strike","Havoc","Pummel"],"picked":"SKIP","floor":4.0},{"not_picked":["Clash","Body Slam"],"picked":"Disarm","floor":5.0},{"not_picked":["Blood for Blood","Rupture","Perfected Strike"],"picked":"SKIP","floor":7.0},{"not_picked":["Sentinel","Iron Wave"],"picked":"True Grit","floor":8.0},{"not_picked":["Entrench","Havoc"],"picked":"Armaments","floor":10.0},{"not_picked":["Bludgeon+1","Seeing Red"],"picked":"Disarm","floor":13.0},{"not_picked":["Hemokinesis+1","Shrug It Off"],"picked":"Twin Strike+1","floor":14.0},{"not_picked":["Limit Break","Reaper+1"],"picked":"Offering","floor":16.0},{"not_picked":["Wild Strike+1","Havoc","Infernal Blade"],"picked":"SKIP","floor":18},{"not_picked":["Clash+1","Evolve","Dark Embrace"],"picked":"SKIP","floor":22},{"not_picked":["Dropkick+1","Battle Trance"],"picked":"Uppercut+1","floor":27}],"player_experience":143123,"relics_obtained":[{"floor":9.0,"key":"Molten Egg 2"},{"floor":10.0,"key":"Anchor"},{"floor":26,"key":"Calipers"}],"event_choices":[{"damage_healed":0.0,"max_hp_gain":0.0,"max_hp_loss":0.0,"gold_gain":0.0,"event_name":"Golden Idol","player_choice":"Take Damage","floor":2.0,"gold_loss":0.0,"damage_taken":20.0,"relics_obtained":["Golden Idol"]},{"damage_healed":20.0,"max_hp_gain":0.0,"max_hp_loss":0.0,"gold_gain":0.0,"event_name":"The Cleric","player_choice":"Healed","floor":12.0,"gold_loss":35.0,"damage_taken":0.0},{"damage_healed":0,"gold_gain":0,"player_choice":"Fight","damage_taken":0,"max_hp_gain":0,"max_hp_loss":0,"event_name":"Colosseum","floor":19,"gold_loss":0},{"damage_healed":0,"gold_gain":0,"player_choice":"Fled From Nobs","damage_taken":0,"max_hp_gain":0,"max_hp_loss":0,"event_name":"Colosseum","floor":19,"gold_loss":0},{"damage_healed":0,"gold_gain":0,"player_choice":"Gave Idol","damage_taken":0,"relics_obtained":["Bloody Idol"],"max_hp_gain":0,"max_hp_loss":0,"event_name":"Forgotten Altar","floor":24,"relics_lost":["Golden Idol"],"gold_loss":0}],"is_beta":false,"boss_relics":[{"not_picked":["Black Blood","Pandora\u0027s Box"],"picked":"Black Star"}],"items_purged_floors":[],"is_endless":false,"potions_floor_spawned":[1,8,16,18,27],"killed_by":"Centurion and Healer","ascension_level":3}