{"gold_per_floor":[20,36,55,65,75,75,102,102,102,102,117,145,164,175,175,276,276,292,292,292,312,312,337,337,364,364,364,409,424,256,271,271,271],"floor_reached":33,"playtime":2658,"items_purged":["Writhe"],"score":419,"play_id":"5e5db09f-b850-46c1-836c-6c80a1025018","local_time":"20181009113543","is_ascension_mode":true,"campfire_choices":[{"data":"Deadly Poison","floor":6.0,"key":"SMITH"},{"floor":10.0,"key":"REST"},{"floor":15.0,"key":"REST"},{"floor":24.0,"key":"REST"},{"floor":27.0,"key":"REST"},{"floor":32.0,"key":"REST"}],"neow_cost":"NO_GOLD","seed_source_timestamp":0,"circlet_count":0,"master_deck":["Defend_G","Defend_G","Defend_G","Defend_G","Defend_G","Strike_G","Strike_G","Strike_G","Strike_G","Strike_G","Survivor","Neutralize","Corpse Explosion","Deadly Poison+1","Poisoned Stab","Quick Slash","Dodge and Roll","PiercingWail","Bane","Backflip","Burst","Quick Slash+1","All Out Attack+1","Die Die Die+1","Footwork","Cloak And Dagger","Quick Slash+1","Bouncing Flask","Predator+1","Footwork","Dodge and Roll","Noxious Fumes"],"special_seed":0,"relics":["Ring of the Serpent","Pantograph","Ornamental Fan","Molten Egg 2","Darkstone Periapt","Mercury Hourglass","Torii","StoneCalendar","Du-Vu Doll","Omamori"],"potions_floor_usage":[33],"damage_taken":[{"damage":7.0,"enemies":"Cultist","floor":1.0,"turns":5.0},{"damage":0.0,"enemies":"2 Louse","floor":2.0,"turns":2.0},{"damage":0.0,"enemies":"Small Slimes","floor":3.0,"turns":4.0},{"damage":1.0,"enemies":"Exordium Thugs","floor":4.0,"turns":4.0},{"damage":13.0,"enemies":"3 Louse","floor":5.0,"turns":3.0},{"damage":36.0,"enemies":"Gremlin Nob","floor":7.0,"turns":5.0},{"damage":5.0,"enemies":"Exordium Wildlife","floor":11.0,"turns":3.0},{"damage":12.0,"enemies":"Lagavulin","floor":12.0,"turns":5.0},{"damage":13.0,"enemies":"Exordium Thugs","floor":13.0,"turns":3.0},{"damage":3.0,"enemies":"Blue Slaver","floor":14.0,"turns":4.0},{"damage":30.0,"enemies":"Hexaghost","floor":16.0,"turns":7.0},{"damage":0.0,"enemies":"3 Byrds","floor":18.0,"turns":2.0},{"damage":2.0,"enemies":"Chosen","floor":21.0,"turns":4.0},{"damage":30.0,"enemies":"Gremlin Leader","floor":23.0,"turns":6.0},{"damage":56.0,"enemies":"Book of Stabbing","floor":25.0,"turns":8.0},{"damage":17.0,"enemies":"Snake Plant","floor":29.0,"turns":5.0},{"damage":0.0,"enemies":"Centurion and Healer","floor":31.0,"turns":6.0},{"damage":57,"enemies":"Automaton","floor":33,"turns":8}],"seed_played":"-6222428392356742731","potions_obtained":[{"floor":3.0,"key":"Poison Potion"},{"floor":11.0,"key":"LiquidBronze"},{"floor":13.0,"key":"LiquidBronze"},{"floor":14.0,"key":"Explosive Potion"},{"floor":31.0,"key":"Weak Potion"}],"is_trial":false,"path_per_floor":["M","M","M","M","M","R","E","?","T","R","M","E","M","M","R","B",null,"M","?","T","M","?","E","R","E","T","R","T","M","$","M","R"],"character_chosen":"THE_SILENT","items_purchased":["Footwork","Dodge and Roll"],"campfire_rested":5,"item_purchase_floors":[30,30],"current_hp_per_floor":[56,56,56,55,42,42,6,29,29,50,45,33,20,17,38,33,61,61,61,61,59,65,35,57,1,1,23,23,6,6,6,28,0],"gold":271,"neow_bonus":"THREE_RARE_CARDS","is_prod":false,"is_daily":false,"chose_seed":false,"campfire_upgraded":1,"win_rate":0,"timestamp":1539099343,"path_taken":["M","?","M","M","M","R","E","?","T","R","M","E","M","?","R","BOSS","M","?","?","?","?","E","R","E","T","R","?","M","$","?","R","BOSS"],"build_version":"2018-10-04v2","purchased_purges":1,"victory":false,"max_hp_per_floor":[70,70,70,70,70,70,70,70,70,70,70,70,70,70,70,70,70,70,70,70,70,76,76,76,76,76,76,76,76,76,76,76,76],"card_choices":[{"not_picked":["Glass Knife","Tools of the Trade"],"picked":"Corpse Explosion","floor":0.0},{"not_picked":["Prepared","Bane"],"picked":"Deadly Poison","floor":1.0},{"not_picked":["Dagger Spray","Deflect"],"picked":"Poisoned Stab","floor":2.0},{"not_picked":["Slice","Prepared"],"picked":"Quick Slash","floor":3.0},{"not_picked":["Deflect","Tactician"],"picked":"Dodge and Roll","floor":4.0},{"not_picked":["Underhanded Strike","Outmaneuver"],"picked":"PiercingWail","floor":5.0},{"not_picked":["Deflect","Terror"],"picked":"Bane","floor":7.0},{"not_picked":["Acrobatics","Terror"],"picked":"Backflip","floor":11.0},{"not_picked":["Corpse Explosion","Blur"],"picked":"Burst","floor":12.0},{"not_picked":["Concentrate","Acrobatics"],"picked":"Quick Slash+1","floor":13.0},{"not_picked":["Dodge and Roll","Choke+1"],"picked":"All Out Attack+1","floor":14.0},{"not_picked":["Adrenaline","Grand Finale+1"],"picked":"Die Die Die+1","floor":16.0},{"not_picked":["Slice+1","Riddle With Holes+1"],"picked":"Footwork","floor":18.0},{"not_picked":["Tactician","Skewer+1"],"picked":"Cloak And Dagger","floor":21.0},{"not_picked":["Bane+1","Distraction"],"picked":"Quick Slash+1","floor":23.0},{"not_picked":["Acrobatics+1","Catalyst"],"picked":"Bouncing Flask","floor":25.0},{"not_picked":["Backflip","Crippling Poison"],"picked":"Predator+1","floor":29.0},{"not_picked":["Underhanded Strike+1","Dodge and Roll"],"picked":"Noxious Fumes","floor":31.0}],"player_experience":568993,"relics_obtained":[{"floor":7.0,"key":"Pantograph"},{"floor":9.0,"key":"Ornamental Fan"},{"floor":12.0,"key":"Molten Egg 2"},{"floor":20.0,"key":"Darkstone Periapt"},{"floor":23.0,"key":"Torii"},{"floor":25.0,"key":"StoneCalendar"},{"floor":26.0,"key":"Du-Vu Doll"},{"floor":28.0,"key":"Omamori"}],"event_choices":[{"event_name":"Big Fish","player_choice":"Banana","floor":8.0,"damage_taken":0.0},{"event_name":"Ghosts","player_choice":"Ignored","floor":19.0,"damage_taken":0.0},{"event_name":"The Mausoleum","player_choice":"Yes","floor":22.0,"damage_taken":0.0}],"is_beta":false,"boss_relics":[{"not_picked":["Tiny House","Runic Pyramid"],"picked":"Ring of the Serpent"}],"items_purged_floors":[30],"is_endless":false,"potions_floor_spawned":[3,11,13,14,31],"killed_by":"Automaton","ascension_level":8}