{"gold_per_floor":[114,127,52,52,65,97,117,117,170,187,204,204,233,247,247,323,323,335,250,239,239,258,289,289,52,76,91,102,119,119,149,149,226,226,244,294,313,328,328,362,362,389,389,389,402,414,414,432,432,432],"floor_reached":51,"playtime":8011,"items_purged":["Strike_R"],"score":1292,"play_id":"285bb8eb-74d4-4a34-8d45-d5d831ed1d17","local_time":"20190126162233","is_ascension_mode":true,"campfire_choices":[{"floor":8.0,"key":"REST"},{"data":"Armaments","floor":12.0,"key":"SMITH"},{"floor":15.0,"key":"REST"},{"floor":24.0,"key":"REST"},{"floor":32.0,"key":"REST"},{"floor":41,"key":"REST"},{"data":"1","floor":44,"key":"LIFT"},{"data":"2","floor":47,"key":"LIFT"},{"data":"3","floor":49,"key":"LIFT"}],"neow_cost":"PERCENT_DAMAGE","seed_source_timestamp":0,"circlet_count":0,"master_deck":["AscendersBane","Strike_R","Strike_R","Strike_R","Defend_R","Defend_R","Defend_R","Defend_R","Bash","Reaper+1","Ghostly Armor","Sword Boomerang+1","Pommel Strike","Clothesline","Armaments+1","Battle Trance","Pummel","Battle Trance","Demon Form+1","Anger+1","Shockwave","Limit Break","Spot Weakness+1","Barricade","Heavy Blade","Dual Wield+1","Ghostly Armor","Dark Shackles","Whirlwind","Metallicize"],"special_seed":0,"relics":["Burning Blood","Blue Candle","Art of War","Orichalcum","Runic Pyramid","Shuriken","Pantograph","Boot","Whetstone","Red Mask","Snecko Eye","Ice Cream","Smiling Mask","Bottled Tornado","Girya"],"potions_floor_usage":[50],"damage_taken":[{"damage":4.0,"enemies":"2 Louse","floor":1.0,"turns":5.0},{"damage":8.0,"enemies":"Small Slimes","floor":2.0,"turns":5.0},{"damage":1.0,"enemies":"Cultist","floor":5.0,"turns":4.0},{"damage":51.0,"enemies":"Lagavulin","floor":6.0,"turns":7.0},{"damage":33.0,"enemies":"Exordium Wildlife","floor":7.0,"turns":5.0},{"damage":8.0,"enemies":"Blue Slaver","floor":10.0,"turns":6.0},{"damage":8.0,"enemies":"3 Louse","floor":11.0,"turns":4.0},{"damage":38.0,"enemies":"Gremlin Nob","floor":13.0,"turns":5.0},{"damage":6.0,"enemies":"2 Fungi Beasts","floor":14.0,"turns":4.0},{"damage":31.0,"enemies":"The Guardian","floor":16.0,"turns":18.0},{"damage":13.0,"enemies":"Shell Parasite","floor":18.0,"turns":7.0},{"damage":28.0,"enemies":"2 Thieves","floor":20.0,"turns":4.0},{"damage":3.0,"enemies":"Centurion and Healer","floor":22.0,"turns":5.0},{"damage":73.0,"enemies":"Book of Stabbing","floor":23.0,"turns":8.0},{"damage":11.0,"enemies":"Snecko","floor":27.0,"turns":4.0},{"damage":12.0,"enemies":"Chosen and Byrds","floor":28.0,"turns":4.0},{"damage":22.0,"enemies":"Sentry and Sphere","floor":29.0,"turns":5.0},{"damage":22.0,"enemies":"Masked Bandits","floor":31.0,"turns":4.0},{"damage":55.0,"enemies":"Champ","floor":33.0,"turns":7.0},{"damage":30.0,"enemies":"3 Darklings","floor":35.0,"turns":6.0},{"damage":50.0,"enemies":"2 Orb Walkers","floor":36.0,"turns":4.0},{"damage":13.0,"enemies":"Orb Walker","floor":37.0,"turns":4.0},{"damage":33.0,"enemies":"Sphere and 2 Shapes","floor":38.0,"turns":4.0},{"damage":39,"enemies":"Nemesis","floor":40,"turns":5},{"damage":2,"enemies":"Giant Head","floor":42,"turns":5},{"damage":8,"enemies":"4 Shapes","floor":45,"turns":6},{"damage":16,"enemies":"Transient","floor":46,"turns":5},{"damage":27,"enemies":"Jaw Worm Horde","floor":48,"turns":6},{"damage":71,"enemies":"Awakened One","floor":50,"turns":9}],"seed_played":"-5404548337227218717","potions_obtained":[{"floor":1.0,"key":"Swift Potion"},{"floor":2.0,"key":"Regen Potion"},{"floor":7.0,"key":"Energy Potion"},{"floor":13.0,"key":"Dexterity Potion"},{"floor":23.0,"key":"Ancient Potion"},{"floor":28.0,"key":"PowerPotion"},{"floor":31.0,"key":"Explosive Potion"},{"floor":38.0,"key":"BloodPotion"}],"is_trial":false,"path_per_floor":["M","M","?","?","M","E","M","R","T","M","M","R","E","M","R","B",null,"M","?","M","?","M","E","R","$","T","M","M","M","?","?","R","B",null,"M","?","M","M","?","E","R","E","T","R","M","M","R","M","R","B",null],"character_chosen":"IRONCLAD","items_purchased":["Boot"],"campfire_rested":5,"item_purchase_floors":[25],"current_hp_per_floor":[56,62,62,62,71,26,18,40,40,42,43,43,15,19,41,22,62,55,55,43,43,74,8,30,30,30,25,38,32,32,19,41,60,71,75,31,46,71,71,38,60,75,75,75,75,75,75,75,75,75],"gold":432,"neow_bonus":"THREE_RARE_CARDS","is_prod":false,"is_daily":false,"chose_seed":false,"campfire_upgraded":1,"win_rate":0,"timestamp":1548537753,"path_taken":["M","M","?","?","M","E","M","R","T","M","M","R","E","M","R","BOSS","M","?","M","?","?","E","R","$","T","M","M","M","?","?","R","BOSS","BOSS","M","?","M","M","?","E","R","E","T","R","M","M","R","M","R","BOSS"],"build_version":"2019-01-23","purchased_purges":1,"victory":true,"max_hp_per_floor":[75,75,75,75,75,75,75,75,75,75,75,75,75,75,75,75,75,75,75,75,75,75,75,75,75,75,75,75,75,75,75,75,75,75,75,75,75,75,75,75,75,75,75,75,75,75,75,75,75,75],"card_choices":[{"not_picked":["Berserk","Immolate"],"picked":"Reaper","floor":0.0},{"not_picked":["Sentinel","Power Through"],"picked":"Ghostly Armor","floor":1.0},{"not_picked":["Fire Breathing","Heavy Blade"],"picked":"Sword Boomerang","floor":2.0},{"not_picked":["Anger","Thunderclap"],"picked":"Pommel Strike","floor":5.0},{"not_picked":["Body Slam","Cleave"],"picked":"Clothesline","floor":6.0},{"not_picked":["Carnage","Rupture"],"picked":"Armaments","floor":7.0},{"not_picked":["Dropkick","Burning Pact"],"picked":"Battle Trance","floor":10.0},{"not_picked":["Warcry","Dual Wield","Wild Strike"],"picked":"SKIP","floor":11.0},{"not_picked":["Headbutt","Wild Strike"],"picked":"Pummel","floor":13.0},{"not_picked":["Combust","Iron Wave"],"picked":"Battle Trance","floor":14.0},{"not_picked":["Brutality","Bludgeon"],"picked":"Demon Form","floor":16.0},{"not_picked":["Twin Strike","Warcry"],"picked":"Anger","floor":18.0},{"not_picked":["Headbutt+1","Iron Wave","Pummel"],"picked":"SKIP","floor":20.0},{"not_picked":["Sentinel+1","Armaments"],"picked":"Shockwave","floor":22.0},{"not_picked":["Armaments","Flex"],"picked":"Limit Break","floor":23.0},{"not_picked":["Sword Boomerang","Battle Trance"],"picked":"Spot Weakness+1","floor":27.0},{"not_picked":["Pummel","Sword Boomerang","Rampage"],"picked":"SKIP","floor":28.0},{"not_picked":["Sword Boomerang","Wild Strike","Headbutt"],"picked":"SKIP","floor":29.0},{"not_picked":["Berserk","Offering"],"picked":"Barricade","floor":33.0},{"not_picked":["Flex","Armaments"],"picked":"Heavy Blade","floor":35.0},{"not_picked":["Spot Weakness","Armaments"],"picked":"Dual Wield+1","floor":36.0},{"not_picked":["Sword Boomerang","Reckless Charge","Power Through"],"picked":"SKIP","floor":37.0},{"not_picked":["Sword Boomerang","Reckless Charge","Power Through"],"picked":"SKIP","floor":37.0},{"not_picked":["Havoc","Warcry"],"picked":"Ghostly Armor","floor":38.0},{"not_picked":["Forethought","Deep Breath"],"picked":"Dark Shackles","floor":39},{"not_picked":["Iron Wave","Armaments"],"picked":"Whirlwind","floor":40},{"not_picked":["Second Wind","Juggernaut"],"picked":"Metallicize","floor":42},{"not_picked":["Heavy Blade","Iron Wave","Thunderclap+1"],"picked":"SKIP","floor":45},{"not_picked":["Armaments","Body Slam+1","Rampage"],"picked":"SKIP","floor":46},{"not_picked":["Sever Soul+1","Twin Strike+1","Pommel Strike"],"picked":"SKIP","floor":48}],"player_experience":924261,"relics_obtained":[{"floor":6.0,"key":"Blue Candle"},{"floor":9.0,"key":"Art of War"},{"floor":13.0,"key":"Orichalcum"},{"floor":23.0,"key":"Pantograph"},{"floor":26.0,"key":"Whetstone"},{"floor":31.0,"key":"Red Mask"},{"floor":36.0,"key":"Ice Cream"},{"floor":40,"key":"Smiling Mask"},{"floor":42,"key":"Bottled Tornado"},{"floor":43,"key":"Girya"}],"event_choices":[{"cards_removed":["Strike_R"],"damage_healed":0.0,"max_hp_gain":0.0,"max_hp_loss":0.0,"gold_gain":0.0,"event_name":"The Cleric","player_choice":"Card Removal","floor":3.0,"gold_loss":75.0,"damage_taken":0.0},{"damage_healed":0.0,"max_hp_gain":0.0,"max_hp_loss":0.0,"gold_gain":0.0,"event_name":"Living Wall","player_choice":"Grow","floor":4.0,"gold_loss":0.0,"damage_taken":0.0,"cards_upgraded":["Sword Boomerang"]},{"damage_healed":0.0,"max_hp_gain":0.0,"max_hp_loss":0.0,"gold_gain":0.0,"event_name":"Addict","player_choice":"Obtained Relic","floor":19.0,"gold_loss":85.0,"damage_taken":0.0,"relics_obtained":["Shuriken"]},{"damage_healed":0.0,"max_hp_gain":0.0,"max_hp_loss":0.0,"gold_gain":0.0,"event_name":"Upgrade Shrine","player_choice":"Upgraded","floor":21.0,"gold_loss":0.0,"damage_taken":0.0,"cards_upgraded":["Demon Form"]},{"damage_healed":0.0,"max_hp_gain":0.0,"max_hp_loss":0.0,"gold_gain":0.0,"event_name":"The Mausoleum","player_choice":"Ignored","floor":30.0,"gold_loss":0.0,"damage_taken":0.0},{"damage_healed":0.0,"max_hp_gain":0.0,"max_hp_loss":0.0,"gold_gain":0.0,"event_name":"Masked Bandits","player_choice":"Fought Bandits","floor":31.0,"gold_loss":0.0,"damage_taken":0.0},{"damage_healed":0.0,"max_hp_gain":0.0,"max_hp_loss":0.0,"gold_gain":0.0,"event_name":"Mysterious Sphere","player_choice":"Fight","floor":36.0,"gold_loss":0.0,"damage_taken":0.0},{"damage_healed":0,"gold_gain":0,"player_choice":"Memory 1","damage_taken":0,"max_hp_gain":0,"max_hp_loss":0,"event_name":"SensoryStone","floor":39,"gold_loss":0}],"is_beta":false,"boss_relics":[{"not_picked":["Astrolabe","Empty Cage"],"picked":"Runic Pyramid"},{"not_picked":["Orrery","Sozu"],"picked":"Snecko Eye"}],"items_purged_floors":[25],"is_endless":false,"potions_floor_spawned":[1,2,7,13,14,23,28,29,31,35,38,40,45],"ascension_level":16}