{"gold_per_floor":[118,130,130,145,155,155,187,187,187,203,203,220,235,255,255,255],"floor_reached":16,"playtime":1242,"items_purged":[],"score":106,"play_id":"95fcd48c-e556-4968-92eb-c73ef6b16d0c","local_time":"20190106065934","is_ascension_mode":false,"campfire_choices":[{"data":"Body Slam","floor":6,"key":"SMITH"},{"data":"Pommel Strike","floor":8,"key":"SMITH"},{"data":"Iron Wave","floor":11,"key":"SMITH"},{"data":"Battle Trance","floor":15,"key":"SMITH"}],"neow_cost":"NONE","seed_source_timestamp":451021450734283,"circlet_count":0,"master_deck":["Strike_R","Strike_R","Strike_R","Strike_R","Strike_R","Defend_R","Defend_R","Defend_R","Defend_R","Bash+1","Body Slam+1","Iron Wave+1","Pommel Strike+1","Limit Break","Battle Trance+1","Heavy Blade"],"relics":["Burning Blood","Dodecahedron","Darkstone Periapt","Gremlin Horn"],"potions_floor_usage":[16],"damage_taken":[{"damage":6,"enemies":"2 Louse","floor":1,"turns":3},{"damage":0,"enemies":"Small Slimes","floor":2,"turns":3},{"damage":6,"enemies":"Jaw Worm","floor":4,"turns":4},{"damage":13,"enemies":"Lots of Slimes","floor":5,"turns":4},{"damage":30,"enemies":"3 Sentries","floor":7,"turns":10},{"damage":0,"enemies":"3 Louse","floor":10,"turns":2},{"damage":2,"enemies":"Blue Slaver","floor":12,"turns":4},{"damage":18,"enemies":"Exordium Thugs","floor":13,"turns":4},{"damage":7,"enemies":"3 Louse","floor":14,"turns":2},{"damage":37,"enemies":"Hexaghost","floor":16,"turns":9}],"seed_played":"-2568345138676287492","potions_obtained":[{"floor":1,"key":"SteroidPotion"},{"floor":7,"key":"SteroidPotion"},{"floor":10,"key":"LiquidBronze"}],"is_trial":false,"path_per_floor":["M","M","?","M","M","R","E","R","T","M","R","M","M","M","R","B"],"character_chosen":"IRONCLAD","items_purchased":[],"campfire_rested":0,"item_purchase_floors":[],"current_hp_per_floor":[80,80,68,68,61,61,37,37,37,43,43,47,35,34,34,0],"gold":255,"neow_bonus":"UPGRADE_CARD","is_prod":false,"is_daily":false,"chose_seed":false,"campfire_upgraded":4,"win_rate":0.0,"timestamp":1546754374,"path_taken":["M","M","?","M","M","R","E","R","T","M","R","M","M","M","R","BOSS"],"build_version":"2019-01-03v4","purchased_purges":0,"victory":false,"max_hp_per_floor":[80,80,80,80,80,80,80,80,80,80,80,80,80,80,80,80],"card_choices":[{"not_picked":["Dropkick","Shrug It Off"],"picked":"Body Slam","floor":1},{"not_picked":["Clash","Sword Boomerang"],"picked":"Iron Wave","floor":2},{"not_picked":["True Grit","Anger"],"picked":"Pommel Strike","floor":4},{"not_picked":["Headbutt","Warcry","Armaments"],"picked":"SKIP","floor":5},{"not_picked":["Second Wind","Wild Strike"],"picked":"Limit Break","floor":7},{"not_picked":["Burning Pact","Entrench"],"picked":"Battle Trance","floor":10},{"not_picked":["Searing Blow","Fire Breathing"],"picked":"Heavy Blade","floor":12},{"not_picked":["Sever Soul","Clothesline","Combust"],"picked":"SKIP","floor":13},{"not_picked":["Anger","Body Slam","Dropkick"],"picked":"SKIP","floor":14}],"player_experience":179404,"relics_obtained":[{"floor":7,"key":"Darkstone Periapt"},{"floor":9,"key":"Gremlin Horn"}],"event_choices":[{"damage_healed":0,"gold_gain":0,"player_choice":"Success","damage_taken":12,"relics_obtained":["Dodecahedron"],"max_hp_gain":0,"max_hp_loss":0,"event_name":"Scrap Ooze","floor":3,"gold_loss":0}],"is_beta":false,"boss_relics":[],"items_purged_floors":[],"is_endless":false,"potions_floor_spawned":[1,7,10,12],"killed_by":"Hexaghost","ascension_level":0}