{"gold_per_floor":[114,131,31,48,48,107,124,124,148,168,68,98,118,132,132,211,211,227,242,34,48,48],"floor_reached":22,"playtime":2315,"items_purged":["Strike_B","Defend_B","Strike_B"],"score":370,"play_id":"b89e54ed-d0c3-4310-a02d-c75ef4e07d95","local_time":"20190203234047","is_ascension_mode":true,"campfire_choices":[{"floor":8.0,"key":"REST"},{"floor":15.0,"key":"REST"}],"neow_cost":"PERCENT_DAMAGE","seed_source_timestamp":0,"circlet_count":0,"master_deck":["AscendersBane","Strike_B","Strike_B","Defend_B","Defend_B","Defend_B","Zap","Dualcast","Cold Snap","Steam Power","Cold Snap","Sunder","Auto Shields","Conserve Battery","White Noise","BootSequence","Echo Form","Coolheaded","Creative AI","Heatsinks","Streamline"],"special_seed":0,"relics":["Cracked Core","Mango","Tiny Chest","Anchor","Potion Belt","Snecko Eye"],"potions_floor_usage":[22],"damage_taken":[{"damage":1.0,"enemies":"Cultist","floor":1.0,"turns":3.0},{"damage":5.0,"enemies":"Jaw Worm","floor":2.0,"turns":3.0},{"damage":1.0,"enemies":"2 Louse","floor":4.0,"turns":2.0},{"damage":22.0,"enemies":"3 Sentries","floor":6.0,"turns":12.0},{"damage":11.0,"enemies":"Looter","floor":7.0,"turns":3.0},{"damage":0.0,"enemies":"3 Louse","floor":10.0,"turns":3.0},{"damage":16.0,"enemies":"Lagavulin","floor":12.0,"turns":7.0},{"damage":0.0,"enemies":"2 Fungi Beasts","floor":13.0,"turns":3.0},{"damage":6.0,"enemies":"Exordium Thugs","floor":14.0,"turns":5.0},{"damage":45.0,"enemies":"The Guardian","floor":16.0,"turns":19.0},{"damage":7,"enemies":"Shell Parasite","floor":18,"turns":5},{"damage":16,"enemies":"Chosen","floor":19,"turns":4},{"damage":30,"enemies":"3 Cultists","floor":21,"turns":5},{"damage":16,"enemies":"Snake Plant","floor":22,"turns":2}],"seed_played":"3354432361018794707","potions_obtained":[{"floor":4.0,"key":"FearPotion"},{"floor":6.0,"key":"FearPotion"},{"floor":13.0,"key":"EssenceOfSteel"},{"floor":16.0,"key":"GamblersBrew"},{"floor":21,"key":"FocusPotion"}],"is_trial":false,"path_per_floor":["M","M","$","M","$","E","M","R","T","M","$","E","M","M","R","B",null,"M","M","$","M","M"],"character_chosen":"DEFECT","items_purchased":["Cold Snap","Heatsinks"],"campfire_rested":2,"item_purchase_floors":[3,20],"current_hp_per_floor":[59,54,54,53,53,31,20,45,45,45,45,29,29,23,48,3,65,58,42,42,12,0],"gold":48,"neow_bonus":"ONE_RARE_RELIC","is_prod":false,"is_daily":false,"chose_seed":false,"campfire_upgraded":0,"win_rate":0,"timestamp":1549255247,"path_taken":["M","M","?","M","$","E","?","R","T","M","$","E","M","M","R","BOSS","M","M","$","M","M"],"build_version":"2019-01-23","purchased_purges":3,"victory":false,"max_hp_per_floor":[85,85,85,85,85,85,85,85,85,85,85,85,85,85,85,85,85,85,85,85,85,85],"card_choices":[{"not_picked":["Turbo","Ball Lightning"],"picked":"Cold Snap","floor":1.0},{"not_picked":["Melter","Gash"],"picked":"Steam Power","floor":2.0},{"not_picked":["Redo","Beam Cell","Turbo"],"picked":"SKIP","floor":4.0},{"not_picked":["Cold Snap","Conserve Battery"],"picked":"Sunder","floor":6.0},{"not_picked":["Heatsinks","Hologram"],"picked":"Auto Shields","floor":7.0},{"not_picked":["Sunder","Rebound","Melter"],"picked":"SKIP","floor":10.0},{"not_picked":["Tempest","Auto Shields"],"picked":"Conserve Battery","floor":12.0},{"not_picked":["Ball Lightning","Doom and Gloom"],"picked":"White Noise","floor":13.0},{"not_picked":["Gash","Fusion"],"picked":"BootSequence","floor":14.0},{"not_picked":["Machine Learning","Meteor Strike"],"picked":"Echo Form","floor":16.0},{"not_picked":["Barrage","Conserve Battery"],"picked":"Coolheaded","floor":18},{"not_picked":["Coolheaded+1","Hologram"],"picked":"Creative AI","floor":19},{"not_picked":["Genetic Algorithm","Tempest"],"picked":"Streamline","floor":21}],"player_experience":992654,"relics_obtained":[{"floor":6.0,"key":"Tiny Chest"},{"floor":9.0,"key":"Anchor"},{"floor":12.0,"key":"Potion Belt"}],"event_choices":[],"is_beta":false,"boss_relics":[{"not_picked":["White Beast Statue","Ectoplasm"],"picked":"Snecko Eye"}],"items_purged_floors":[3,11,20],"is_endless":false,"potions_floor_spawned":[4,6,13,16,21],"killed_by":"Snake Plant","ascension_level":17}