{"gold_per_floor":[111,127,142,157,176,211,227,240,264,298,298,324,324,334,334,439,439,452,469,483,582,582,582,615,615,615,615,615,628,645,673,673,673],"floor_reached":33,"playtime":4409,"items_purged":[],"score":361,"play_id":"ca3d8ee8-5ca6-4b9b-be68-f7d001ae01b7","local_time":"20180707011315","is_ascension_mode":false,"campfire_choices":[{"floor":11.0,"key":"REST"},{"data":"Rampage","floor":13.0,"key":"SMITH"},{"data":"Rage","floor":15.0,"key":"SMITH"},{"floor":23.0,"key":"REST"},{"floor":25.0,"key":"REST"},{"data":"Double Tap","floor":27.0,"key":"SMITH"},{"floor":32,"key":"REST"}],"neow_cost":"NONE","seed_source_timestamp":0,"circlet_count":0,"master_deck":["Defend_R","Defend_R","Defend_R","Defend_R","Bash","Clash","Headbutt","Ghostly Armor","Infernal Blade","Rage+1","Anger","Clash","Rampage+1","Twin Strike","Power Through","Double Tap+1","Clash","Headbutt","Headbutt","Bite","Bite","Bite","Bite","Bite","Warcry+1","Corruption","Dual Wield","Carnage"],"special_seed":0,"relics":["Runic Dome","Ancient Tea Set","Centennial Puzzle","Matryoshka","Black Star","Bronze Scales","Strawberry","Meat on the Bone","Question Card","Pen Nib","Boot"],"potions_floor_usage":[],"damage_taken":[{"damage":1.0,"enemies":"Jaw Worm","floor":1.0,"turns":3.0},{"damage":0.0,"enemies":"2 Louse","floor":2.0,"turns":1.0},{"damage":5.0,"enemies":"Small Slimes","floor":3.0,"turns":2.0},{"damage":1.0,"enemies":"2 Fungi Beasts","floor":4.0,"turns":3.0},{"damage":4.0,"enemies":"Blue Slaver","floor":5.0,"turns":3.0},{"damage":8.0,"enemies":"Lagavulin","floor":6.0,"turns":5.0},{"damage":0.0,"enemies":"Looter","floor":7.0,"turns":2.0},{"damage":6.0,"enemies":"Exordium Thugs","floor":8.0,"turns":4.0},{"damage":0.0,"enemies":"Gremlin Nob","floor":10.0,"turns":3.0},{"damage":3.0,"enemies":"3 Sentries","floor":12.0,"turns":5.0},{"damage":0.0,"enemies":"Gremlin Gang","floor":14.0,"turns":4.0},{"damage":37.0,"enemies":"Hexaghost","floor":16.0,"turns":9.0},{"damage":15.0,"enemies":"Shell Parasite","floor":18.0,"turns":4.0},{"damage":8.0,"enemies":"3 Byrds","floor":19.0,"turns":5.0},{"damage":15.0,"enemies":"Snecko","floor":20.0,"turns":6.0},{"damage":39.0,"enemies":"Book of Stabbing","floor":24.0,"turns":5.0},{"damage":6.0,"enemies":"Centurion and Healer","floor":29.0,"turns":7.0},{"damage":24.0,"enemies":"Cultist and Chosen","floor":30.0,"turns":6.0},{"damage":22,"enemies":"Gremlin Leader","floor":31,"turns":7},{"damage":99,"enemies":"Champ","floor":33,"turns":8}],"seed_played":"-2029975692323262578","potions_obtained":[{"floor":2.0,"key":"SkillPotion"},{"floor":4.0,"key":"EssenceOfSteel"},{"floor":5.0,"key":"SpeedPotion"},{"floor":12.0,"key":"Swift Potion"}],"is_trial":false,"path_per_floor":["M","M","M","M","M","E","M","M","T","E","R","E","R","M","R","B",null,"M","M","M","?","?","R","E","R","T","R","?","M","M","E","R"],"character_chosen":"IRONCLAD","items_purchased":[],"campfire_rested":4,"item_purchase_floors":[],"current_hp_per_floor":[79,79,74,73,69,61,61,55,55,55,79,77,77,79,79,43,80,65,59,46,46,46,70,44,70,70,70,70,74,62,52,78,0],"gold":673,"neow_bonus":"BOSS_RELIC","is_prod":false,"is_daily":false,"chose_seed":false,"campfire_upgraded":3,"win_rate":0.0,"timestamp":1530940395,"path_taken":["M","M","M","M","M","E","M","M","T","E","R","E","R","M","R","BOSS","M","M","M","?","?","R","E","R","T","R","?","M","M","E","R","BOSS"],"build_version":"2018-07-05","purchased_purges":0,"victory":false,"max_hp_per_floor":[80,80,80,80,80,80,80,80,80,80,80,80,80,80,80,80,80,80,80,80,80,80,80,87,87,87,87,87,87,87,87,87,87],"card_choices":[{"not_picked":["Perfected Strike","Bloodletting"],"picked":"Clash","floor":1.0},{"not_picked":["Reckless Charge","Perfected Strike"],"picked":"Clothesline","floor":2.0},{"not_picked":["Uppercut","Warcry"],"picked":"Headbutt","floor":3.0},{"not_picked":["Clothesline","Twin Strike"],"picked":"Ghostly Armor","floor":4.0},{"not_picked":["Clothesline","Shrug It Off"],"picked":"Infernal Blade","floor":5.0},{"not_picked":["Headbutt","Bludgeon"],"picked":"Rage","floor":6.0},{"not_picked":["Power Through","Sword Boomerang"],"picked":"Anger","floor":7.0},{"not_picked":["Anger","Twin Strike"],"picked":"Clash","floor":8.0},{"not_picked":["Flame Barrier","Combust"],"picked":"Rampage","floor":10.0},{"not_picked":["Fire Breathing","Clothesline"],"picked":"Twin Strike","floor":12.0},{"not_picked":["Perfected Strike","Cleave"],"picked":"Power Through","floor":14.0},{"not_picked":["Reaper","Dark Embrace"],"picked":"Double Tap","floor":16.0},{"not_picked":["Thunderclap","Shrug It Off"],"picked":"Clash","floor":18.0},{"not_picked":["Entrench","Perfected Strike"],"picked":"Headbutt","floor":19.0},{"not_picked":["Shrug It Off","Body Slam"],"picked":"Headbutt","floor":20.0},{"not_picked":["True Grit","Body Slam"],"picked":"Warcry+1","floor":24.0},{"not_picked":["True Grit","Shrug It Off","Sword Boomerang","Twin Strike"],"picked":"SKIP","floor":29.0},{"not_picked":["Flex","Rupture","Clothesline"],"picked":"Dual Wield","floor":30.0},{"not_picked":["Perfected Strike","Feel No Pain","Juggernaut"],"picked":"Carnage","floor":31}],"player_experience":2511,"relics_obtained":[{"floor":6.0,"key":"Ancient Tea Set"},{"floor":9.0,"key":"Centennial Puzzle"},{"floor":10.0,"key":"Blood Vial"},{"floor":12.0,"key":"Matryoshka"},{"floor":24.0,"key":"Bronze Scales"},{"floor":24.0,"key":"Strawberry"},{"floor":26.0,"key":"Meat on the Bone"},{"floor":26.0,"key":"Question Card"},{"floor":31,"key":"Pen Nib"},{"floor":31,"key":"Boot"}],"event_choices":[{"event_name":"Nest","player_choice":"Stole From Cult","floor":21.0,"damage_taken":0.0},{"event_name":"Vampires","player_choice":"Became a vampire (Vial)","floor":22.0,"damage_taken":0.0},{"event_name":"Transmorgrifier","player_choice":"Transform","floor":28.0,"damage_taken":0.0}],"boss_relics":[{"not_picked":["White Beast Statue","Lizard Tail"],"picked":"Black Star"}],"items_purged_floors":[],"is_endless":false,"potions_floor_spawned":[2,4,5,10,12,14,18,31],"killed_by":"Champ","ascension_level":0}