{"gold_per_floor":[114,127,77,6,6,39,114,140,140,140,160,160,186,199,199,301,301,318,9,23,23,39,39,52,81,158,158],"floor_reached":27,"playtime":3138,"items_purged":["Strike_B"],"score":290,"play_id":"e30391a6-aa17-4ef2-9411-011b49a407a8","local_time":"20190208135825","is_ascension_mode":true,"campfire_choices":[{"data":"Zap","floor":12,"key":"SMITH"},{"data":"Fission","floor":15,"key":"SMITH"},{"data":"Loop","floor":23,"key":"SMITH"}],"neow_cost":"NONE","seed_source_timestamp":842840511577800,"circlet_count":0,"master_deck":["Strike_B","Strike_B","Defend_B","Defend_B","Defend_B","Defend_B","Zap+1","Dualcast","Ball Lightning","Rebound","Cold Snap","Ball Lightning","Regret","Creative AI","Static Discharge","Undo","Fission+1","PanicButton","Conserve Battery","Self Repair","Barrage","Redo","Loop+1","Go for the Eyes+1","Fission+1","FTL+1"],"relics":["FrozenCore","NeowsBlessing","Mercury Hourglass","Dream Catcher","Darkstone Periapt","Dodecahedron","Lantern","Kunai","Frozen Egg 2"],"potions_floor_usage":[27,27],"damage_taken":[{"damage":0,"enemies":"Cultist","floor":1,"turns":1},{"damage":0,"enemies":"Small Slimes","floor":2,"turns":1},{"damage":0,"enemies":"Gremlin Nob","floor":6,"turns":1},{"damage":16,"enemies":"3 Sentries","floor":8,"turns":5},{"damage":0,"enemies":"2 Louse","floor":11,"turns":2},{"damage":11,"enemies":"Lagavulin","floor":13,"turns":6},{"damage":11,"enemies":"2 Fungi Beasts","floor":14,"turns":3},{"damage":12,"enemies":"Slime Boss","floor":16,"turns":8},{"damage":20,"enemies":"3 Byrds","floor":18,"turns":4},{"damage":10,"enemies":"2 Thieves","floor":20,"turns":4},{"damage":4,"enemies":"Centurion and Healer","floor":22,"turns":5},{"damage":16,"enemies":"Sentry and Sphere","floor":24,"turns":6},{"damage":52,"enemies":"Gremlin Leader","floor":25,"turns":9},{"damage":28,"enemies":"Slavers","floor":27,"turns":4}],"seed_played":"4799191539872728134","potions_obtained":[{"floor":1,"key":"LiquidBronze"},{"floor":6,"key":"FairyPotion"},{"floor":8,"key":"Fire Potion"},{"floor":11,"key":"Explosive Potion"}],"is_trial":false,"path_per_floor":["M","M","?","$","?","E","?","E","T","?","M","R","E","M","R","B",null,"M","$","M","?","M","R","M","E","T","E"],"character_chosen":"DEFECT","items_purchased":["Cold Snap","Ball Lightning","Loop","Lantern"],"campfire_rested":0,"item_purchase_floors":[4,4,19,19],"current_hp_per_floor":[75,75,75,75,75,75,64,48,48,48,48,48,37,33,33,21,75,62,62,59,59,62,62,53,8,8,0],"gold":158,"neow_bonus":"THREE_ENEMY_KILL","is_prod":false,"is_daily":false,"chose_seed":false,"campfire_upgraded":3,"win_rate":0,"timestamp":1549630705,"path_taken":["M","?","?","$","?","E","?","E","T","?","M","R","E","M","R","BOSS","M","$","?","?","M","R","M","E","T","E"],"build_version":"2019-01-23","purchased_purges":1,"victory":false,"max_hp_per_floor":[75,75,75,75,75,75,75,75,75,75,75,75,75,75,75,75,75,75,75,75,75,75,75,75,75,75,75],"card_choices":[{"not_picked":["Recycle","Redo"],"picked":"Ball Lightning","floor":1},{"not_picked":["Stack","Compile Driver"],"picked":"Rebound","floor":2},{"not_picked":["Aggregate","Blizzard"],"picked":"Creative AI","floor":6},{"not_picked":["Darkness","Melter"],"picked":"Static Discharge","floor":8},{"not_picked":["Coolheaded","Steam"],"picked":"Conserve Battery","floor":11},{"not_picked":["Recycle","Rip and Tear"],"picked":"Self Repair","floor":13},{"not_picked":["Lockon","Beam Cell"],"picked":"Barrage","floor":14},{"not_picked":["Coolheaded","Go for the Eyes"],"picked":"Redo","floor":18},{"not_picked":["Lockon","Barrage"],"picked":"Go for the Eyes+1","floor":20},{"not_picked":["Hello World","Beam Cell","Ball Lightning"],"picked":"SKIP","floor":22},{"not_picked":["Rebound","Skim","Gash"],"picked":"SKIP","floor":24},{"not_picked":["Double Energy","Chaos"],"picked":"FTL+1","floor":25}],"player_experience":72725,"relics_obtained":[{"floor":6,"key":"Dream Catcher"},{"floor":8,"key":"Darkstone Periapt"},{"floor":13,"key":"Dodecahedron"},{"floor":25,"key":"Kunai"},{"floor":26,"key":"Frozen Egg 2"}],"event_choices":[{"cards_removed":["Strike_B"],"damage_healed":0,"gold_gain":0,"player_choice":"Card Removal","damage_taken":0,"max_hp_gain":0,"max_hp_loss":0,"event_name":"The Cleric","floor":3,"gold_loss":50},{"damage_healed":0,"gold_gain":0,"player_choice":"Box","damage_taken":0,"relics_obtained":["Mercury Hourglass"],"max_hp_gain":0,"max_hp_loss":0,"event_name":"Big Fish","floor":5,"gold_loss":0,"cards_obtained":["Regret"]},{"damage_healed":0,"gold_gain":75,"player_choice":"Gather Gold","damage_taken":11,"max_hp_gain":0,"max_hp_loss":0,"event_name":"World of Goop","floor":7,"gold_loss":0},{"damage_healed":0,"gold_gain":0,"player_choice":"3 cards matched","damage_taken":0,"max_hp_gain":0,"max_hp_loss":0,"event_name":"Match and Keep!","floor":10,"gold_loss":0,"cards_obtained":["Undo","Fission","PanicButton"]},{"damage_healed":0,"gold_gain":0,"player_choice":"Copied","damage_taken":0,"max_hp_gain":0,"max_hp_loss":0,"event_name":"Duplicator","floor":21,"gold_loss":0,"cards_obtained":["Fission"]}],"is_beta":false,"boss_relics":[{"not_picked":["Snecko Eye","Velvet Choker"],"picked":"FrozenCore"}],"items_purged_floors":[19],"is_endless":false,"potions_floor_spawned":[1,6,8,11,16,20],"killed_by":"Slavers","ascension_level":1}