{"gold_per_floor":[113,126,16,27,41,41,75,75,75,90,115,115,141,91,91,191,191,209,7,19,118,133,163,163,198,276,293,293,118,138,138],"floor_reached":31,"playtime":2320,"items_purged":["Strike_B"],"score":368,"play_id":"4a558030-4f9c-48b8-9060-c5424889c5e0","local_time":"20190202043243","is_ascension_mode":true,"campfire_choices":[{"data":"Compile Driver","floor":6.0,"key":"SMITH"},{"data":"Chill","floor":8.0,"key":"SMITH"},{"data":"Static Discharge","floor":12.0,"key":"SMITH"},{"data":"Glacier","floor":15.0,"key":"SMITH"},{"data":"Biased Cognition","floor":24.0,"key":"SMITH"}],"neow_cost":"NONE","seed_source_timestamp":113961298554180,"circlet_count":0,"master_deck":["Strike_B","Defend_B","Defend_B","Defend_B","Defend_B","Zap","Dualcast","Ball Lightning","Coolheaded","Self Repair","Compile Driver+1","Chill+1","Conserve Battery","Beam Cell","Static Discharge+1","Glacier+1","Biased Cognition+1","Hologram","Darkness","Recycle","Core Surge","Sweeping Beam+1","Recycle","Leap","Barrage+1"],"special_seed":0,"relics":["Cracked Core","Vajra","Mercury Hourglass","Ornamental Fan","Cables","Pear","White Beast Statue","Runic Capacitor","Orichalcum","Bag of Marbles","Molten Egg 2","DataDisk"],"potions_floor_usage":[31],"damage_taken":[{"damage":4.0,"enemies":"Jaw Worm","floor":1.0,"turns":3.0},{"damage":0.0,"enemies":"2 Louse","floor":2.0,"turns":2.0},{"damage":0.0,"enemies":"Cultist","floor":4.0,"turns":3.0},{"damage":11.0,"enemies":"Exordium Thugs","floor":5.0,"turns":6.0},{"damage":26.0,"enemies":"Gremlin Nob","floor":7.0,"turns":4.0},{"damage":17.0,"enemies":"Large Slime","floor":10.0,"turns":4.0},{"damage":0.0,"enemies":"3 Sentries","floor":11.0,"turns":5.0},{"damage":16.0,"enemies":"Gremlin Nob","floor":13.0,"turns":4.0},{"damage":17.0,"enemies":"Slime Boss","floor":16.0,"turns":9.0},{"damage":1.0,"enemies":"Chosen","floor":18.0,"turns":3.0},{"damage":1.0,"enemies":"Spheric Guardian","floor":20.0,"turns":4.0},{"damage":24.0,"enemies":"Shelled Parasite and Fungi","floor":22.0,"turns":5.0},{"damage":32.0,"enemies":"Book of Stabbing","floor":23.0,"turns":6.0},{"damage":38.0,"enemies":"Gremlin Leader","floor":25.0,"turns":7.0},{"damage":14.0,"enemies":"Centurion and Healer","floor":27.0,"turns":3.0},{"damage":0.0,"enemies":"Cultist and Chosen","floor":30.0,"turns":4.0},{"damage":5,"enemies":"Snake Plant","floor":31,"turns":1}],"seed_played":"-3194815206358138137","potions_obtained":[{"floor":2.0,"key":"SkillPotion"},{"floor":7.0,"key":"EssenceOfSteel"},{"floor":11.0,"key":"Block Potion"},{"floor":16.0,"key":"Fire Potion"},{"floor":18.0,"key":"Regen Potion"},{"floor":22.0,"key":"FocusPotion"},{"floor":23.0,"key":"GamblersBrew"},{"floor":25.0,"key":"PowerPotion"},{"floor":27.0,"key":"Fire Potion"},{"floor":30.0,"key":"Regen Potion"}],"is_trial":false,"path_per_floor":["M","M","$","M","M","R","E","R","T","M","E","R","E","?","R","B",null,"M","$","M","?","M","E","R","E","T","M","?","$","M","M"],"character_chosen":"DEFECT","items_purchased":["Self Repair","Runic Capacitor","Leap","DataDisk"],"campfire_rested":0,"item_purchase_floors":[3,19,29,29],"current_hp_per_floor":[71,71,71,75,71,71,45,45,45,35,42,42,43,43,43,26,85,85,85,84,84,67,50,50,19,19,5,5,5,5,0],"gold":138,"neow_bonus":"RANDOM_COMMON_RELIC","is_prod":false,"is_daily":false,"chose_seed":false,"campfire_upgraded":5,"win_rate":0,"timestamp":1549078363,"path_taken":["M","M","$","M","M","R","E","R","T","M","E","R","E","?","R","BOSS","M","$","M","?","M","E","R","E","T","M","?","$","M","?"],"build_version":"2019-01-23","purchased_purges":1,"victory":false,"max_hp_per_floor":[75,75,75,75,75,75,75,75,75,75,75,75,85,85,85,85,85,85,85,85,85,85,85,85,85,85,85,85,85,85,85],"card_choices":[{"not_picked":["Go for the Eyes","Steam"],"picked":"Ball Lightning","floor":1.0},{"not_picked":["Reinforced Body","Darkness"],"picked":"Coolheaded","floor":2.0},{"not_picked":["Chaos","Double Energy"],"picked":"Compile Driver","floor":4.0},{"not_picked":["Skim","Leap"],"picked":"Chill","floor":5.0},{"not_picked":["Aggregate","Reprogram"],"picked":"Conserve Battery","floor":7.0},{"not_picked":["Tempest","Seek"],"picked":"Beam Cell","floor":10.0},{"not_picked":["Recycle","Seek"],"picked":"Static Discharge","floor":11.0},{"not_picked":["Steam","Cold Snap"],"picked":"Glacier","floor":13.0},{"not_picked":["Fission","Amplify"],"picked":"Biased Cognition","floor":16.0},{"not_picked":["Coolheaded+1","Go for the Eyes"],"picked":"Hologram","floor":18.0},{"not_picked":["Capacitor","Gash+1"],"picked":"Darkness","floor":20.0},{"not_picked":["Turbo","Darkness"],"picked":"Recycle","floor":22.0},{"not_picked":["Redo","Scrape+1"],"picked":"Core Surge","floor":23.0},{"not_picked":["Steam","Recycle"],"picked":"Sweeping Beam+1","floor":25.0},{"not_picked":["Darkness","Heatsinks","Streamline+1"],"picked":"SKIP","floor":27.0},{"not_picked":["Undo","Beam Cell+1"],"picked":"Barrage+1","floor":30.0}],"player_experience":295053,"relics_obtained":[{"floor":7.0,"key":"Mercury Hourglass"},{"floor":9.0,"key":"Ornamental Fan"},{"floor":11.0,"key":"Cables"},{"floor":13.0,"key":"Pear"},{"floor":23.0,"key":"Orichalcum"},{"floor":25.0,"key":"Bag of Marbles"},{"floor":26.0,"key":"Molten Egg 2"}],"event_choices":[{"cards_removed":["Strike_B"],"damage_healed":0.0,"max_hp_gain":0.0,"max_hp_loss":0.0,"gold_gain":0.0,"event_name":"The Cleric","player_choice":"Card Removal","floor":14.0,"gold_loss":50.0,"damage_taken":0.0},{"damage_healed":0.0,"max_hp_gain":0.0,"max_hp_loss":0.0,"gold_gain":99.0,"event_name":"Nest","player_choice":"Stole From Cult","floor":21.0,"gold_loss":0.0,"damage_taken":0.0},{"damage_healed":0.0,"max_hp_gain":0.0,"max_hp_loss":0.0,"gold_gain":0.0,"cards_transformed":["Strike_B"],"event_name":"Transmorgrifier","player_choice":"Transformed","floor":28.0,"gold_loss":0.0,"damage_taken":0.0,"cards_obtained":["Recycle"]}],"is_beta":false,"boss_relics":[{"not_picked":["Busted Crown","Eternal Feather"],"picked":"White Beast Statue"}],"items_purged_floors":[3],"is_endless":false,"potions_floor_spawned":[2,7,11,16,18,20,22,23,25,27,30],"killed_by":"Snake Plant","ascension_level":3}