{"gold_per_floor":[115,133,149,159,171,171,346,358,383,383,400,418,418,434,434,538,538,552,579,594,574,594,621,621,621,702,713,728,728,761,761,761,761],"floor_reached":33,"playtime":3747,"items_purged":[],"score":283,"play_id":"f2b7a3b5-20d5-463d-b305-4cf58e2ae0c8","local_time":"20180724005913","is_ascension_mode":false,"campfire_choices":[{"data":"Armaments","floor":6,"key":"SMITH"},{"data":"Perfected Strike","floor":10,"key":"SMITH"},{"data":"Strike_R","floor":13,"key":"SMITH"},{"data":"Perfected Strike","floor":15,"key":"SMITH"},{"floor":24,"key":"REST"},{"floor":32,"key":"REST"}],"neow_cost":"","seed_source_timestamp":243343857784463,"circlet_count":0,"master_deck":["Strike_R+1","Strike_R","Strike_R","Strike_R","Defend_R","Defend_R","Defend_R","Defend_R+1","Bash","Seeing Red","Metallicize","Clothesline","Perfected Strike+1","Armaments+1","Doubt","Sever Soul","Headbutt","Whirlwind","Perfected Strike+1","Dark Embrace","Sword Boomerang","Heavy Blade","Spot Weakness","Clothesline","Pummel+1","Barricade","Barricade","Flex+1","Rampage","Writhe","Pommel Strike","Burning Pact"],"relics":["Burning Blood","Red Skull","Velvet Choker","Red Mask","Dream Catcher","Mercury Hourglass","Vajra","War Paint"],"potions_floor_usage":[16,16,19,23,33,33,33],"damage_taken":[{"damage":3,"enemies":"Jaw Worm","floor":1,"turns":5},{"damage":0,"enemies":"2 Louse","floor":2,"turns":3},{"damage":4,"enemies":"Cultist","floor":3,"turns":4},{"damage":1,"enemies":"3 Louse","floor":4,"turns":4},{"damage":10,"enemies":"Large Slime","floor":5,"turns":5},{"damage":9,"enemies":"2 Fungi Beasts","floor":8,"turns":4},{"damage":13,"enemies":"Exordium Thugs","floor":11,"turns":6},{"damage":14,"enemies":"Blue Slaver","floor":12,"turns":4},{"damage":1,"enemies":"Red Slaver","floor":14,"turns":4},{"damage":39,"enemies":"The Guardian","floor":16,"turns":13},{"damage":19,"enemies":"3 Byrds","floor":18,"turns":5},{"damage":20,"floor":19,"turns":5},{"damage":0,"enemies":"Spheric Guardian","floor":20,"turns":2},{"damage":6,"enemies":"Chosen and Byrds","floor":22,"turns":3},{"damage":37,"enemies":"Slavers","floor":23,"turns":5},{"damage":1,"enemies":"Cultist and Chosen","floor":27,"turns":6},{"damage":16,"enemies":"3 Cultists","floor":28,"turns":4},{"damage":34,"enemies":"Book of Stabbing","floor":30,"turns":4},{"damage":41,"enemies":"Champ","floor":33,"turns":6}],"seed_played":"-190571160003155230","potions_obtained":[{"floor":5,"key":"Weak Potion"},{"floor":11,"key":"Strength Potion"},{"floor":14,"key":"AttackPotion"},{"floor":16,"key":"SkillPotion"},{"floor":19,"key":"LiquidBronze"},{"floor":21,"key":"PowerPotion"},{"floor":23,"key":"Ancient Potion"}],"is_trial":false,"path_per_floor":["M","M","M","M","M","R","?","M","T","R","M","M","R","M","R","B",null,"M","?","M","?","M","E","R","?","T","M","M","?","E","?","R"],"character_chosen":"IRONCLAD","items_purchased":[],"campfire_rested":2,"item_purchase_floors":[],"current_hp_per_floor":[80,80,80,80,76,76,76,73,73,73,66,58,58,63,63,30,80,67,53,59,59,59,28,52,52,52,57,47,47,19,4,29,0],"gold":761,"neow_bonus":"","is_prod":false,"is_daily":false,"chose_seed":false,"campfire_upgraded":4,"win_rate":0.0,"timestamp":1532408353,"path_taken":["M","M","M","M","M","R","?","M","T","R","M","M","R","?","R","BOSS","M","?","M","?","?","E","R","?","T","M","M","?","E","?","R","BOSS"],"build_version":"2018-07-19v2","purchased_purges":0,"victory":false,"max_hp_per_floor":[80,80,80,80,80,80,80,80,80,80,80,80,80,80,80,80,80,80,80,80,80,80,80,80,80,80,80,80,80,80,85,85,85],"card_choices":[{"not_picked":["Headbutt","Warcry"],"picked":"Seeing Red","floor":1},{"not_picked":["Body Slam","True Grit"],"picked":"Metallicize","floor":2},{"not_picked":["Thunderclap","Sword Boomerang"],"picked":"Clothesline","floor":3},{"not_picked":["Brutality","Thunderclap"],"picked":"Perfected Strike","floor":4},{"not_picked":["Dropkick","Shrug It Off"],"picked":"Armaments","floor":5},{"not_picked":["Rupture","Warcry"],"picked":"Sever Soul","floor":8},{"not_picked":["Clash","Iron Wave"],"picked":"Headbutt","floor":11},{"not_picked":["Pommel Strike","Sword Boomerang"],"picked":"Whirlwind","floor":12},{"not_picked":["Shrug It Off","Metallicize"],"picked":"Perfected Strike","floor":14},{"not_picked":["Offering","Brutality"],"picked":"Dark Embrace","floor":16},{"not_picked":["Bloodletting","Iron Wave"],"picked":"Sword Boomerang","floor":18},{"not_picked":["Armaments","Reckless Charge+1"],"picked":"Heavy Blade","floor":19},{"not_picked":["Dropkick+1","Fire Breathing+1"],"picked":"Spot Weakness","floor":20},{"not_picked":["Rupture","True Grit"],"picked":"Clothesline","floor":22},{"not_picked":["Cleave","Uppercut+1"],"picked":"Pummel+1","floor":23},{"not_picked":["Feel No Pain","Clash"],"picked":"Barricade","floor":24},{"not_picked":["Twin Strike","Second Wind"],"picked":"Flex","floor":27},{"not_picked":["Flex","Pommel Strike"],"picked":"Rampage","floor":28},{"not_picked":["Uppercut","Ghostly Armor"],"picked":"Pommel Strike","floor":30},{"not_picked":["True Grit","Pommel Strike"],"picked":"Burning Pact","floor":32}],"player_experience":162357,"relics_obtained":[{"floor":9,"key":"Red Skull"},{"floor":19,"key":"Red Mask"},{"floor":23,"key":"Dream Catcher"},{"floor":26,"key":"Mercury Hourglass"},{"floor":30,"key":"War Paint"}],"event_choices":[{"event_name":"Liars Game","player_choice":"agreed","floor":7,"damage_taken":0},{"event_name":"Masked Bandits","player_choice":"Fought over 552 gold","floor":19,"damage_taken":0},{"event_name":"The Woman in Blue","player_choice":"Bought 1 Potion","floor":21,"damage_taken":0},{"event_name":"Transmorgrifier","player_choice":"Transform","floor":25,"damage_taken":0},{"event_name":"The Mausoleum","player_choice":"Yes","floor":29,"damage_taken":0},{"event_name":"Forgotten Altar","player_choice":"Shed Blood","floor":31,"damage_taken":0}],"is_beta":false,"boss_relics":[{"not_picked":["Ectoplasm","Snecko Eye"],"picked":"Velvet Choker"}],"items_purged_floors":[],"is_endless":false,"potions_floor_spawned":[5,11,14,16,19,22,23],"killed_by":"Champ","ascension_level":0}