{"gold_per_floor":[109,109,109,125,136,136,164,164,191,206,219,249,349,369,369,473,473,486,503,151,163,163,163,194,194,494,45,63,63,76,76],"floor_reached":31,"playtime":2625,"items_purged":["Strike_B"],"score":280,"play_id":"70ec2655-6360-4e0f-be68-8d6545bbe622","local_time":"20190110201432","is_ascension_mode":true,"campfire_choices":[{"data":"Zap","floor":6,"key":"SMITH"},{"data":"Zap","floor":8,"key":"SMITH"},{"data":"Hologram","floor":15,"key":"SMITH"},{"data":"Machine Learning","floor":23,"key":"SMITH"},{"floor":25,"key":"REST"},{"data":"All For One","floor":29,"key":"SMITH"}],"neow_cost":"NONE","seed_source_timestamp":65689732006819,"circlet_count":0,"master_deck":["Strike_B","Strike_B","Strike_B","Defend_B","Defend_B","Defend_B","Defend_B","Zap+1","Dualcast","Self Repair","All For One+1","Zap+1","Beam Cell","Conserve Battery","Cold Snap","Beam Cell","Gash","Hologram+1","Gash","Thunder Strike","Darkness","Loop","Leap","Machine Learning+1","Compile Driver","Streamline","Conserve Battery+1","Hyperbeam"],"relics":["Cracked Core","Orichalcum","Art of War","Ancient Tea Set","Snecko Eye","PreservedInsect","Pen Nib","Old Coin","Bag of Preparation","Mummified Hand"],"potions_floor_usage":[12,16,18,21,28],"damage_taken":[{"damage":11,"enemies":"Jaw Worm","floor":1,"turns":3},{"damage":7,"enemies":"Small Slimes","floor":4,"turns":5},{"damage":0,"enemies":"Cultist","floor":5,"turns":2},{"damage":9,"enemies":"Lagavulin","floor":7,"turns":7},{"damage":6,"enemies":"Gremlin Gang","floor":10,"turns":3},{"damage":3,"enemies":"2 Fungi Beasts","floor":11,"turns":3},{"damage":3,"enemies":"3 Sentries","floor":12,"turns":4},{"damage":4,"enemies":"Lots of Slimes","floor":14,"turns":3},{"damage":33,"enemies":"The Guardian","floor":16,"turns":6},{"damage":7,"enemies":"Chosen","floor":18,"turns":5},{"damage":13,"enemies":"2 Thieves","floor":19,"turns":4},{"damage":37,"enemies":"Centurion and Healer","floor":21,"turns":6},{"damage":16,"enemies":"Gremlin Leader","floor":24,"turns":6},{"damage":32,"enemies":"Snake Plant","floor":28,"turns":5},{"damage":23,"enemies":"Shelled Parasite and Fungi","floor":30,"turns":4},{"damage":22,"enemies":"Slavers","floor":31,"turns":1}],"seed_played":"-3108842356529786066","potions_obtained":[{"floor":0,"key":"Block Potion"},{"floor":0,"key":"Strength Potion"},{"floor":0,"key":"SneckoOil"},{"floor":4,"key":"Block Potion"},{"floor":14,"key":"Regen Potion"},{"floor":18,"key":"Weak Potion"},{"floor":28,"key":"SneckoOil"},{"floor":30,"key":"SkillPotion"}],"is_trial":false,"path_per_floor":["M","?","?","M","M","R","E","R","T","M","M","E","?","M","R","B",null,"M","M","$","M","?","R","E","R","T","$","M","R","M","E"],"character_chosen":"DEFECT","items_purchased":["PreservedInsect","Loop","Leap","Bag of Preparation","Mummified Hand","Streamline"],"campfire_rested":1,"item_purchase_floors":[20,20,20,27,27,27],"current_hp_per_floor":[64,69,69,69,69,69,67,67,67,68,65,69,69,65,65,32,80,80,67,67,37,37,37,28,52,52,52,39,39,16,0],"gold":76,"neow_bonus":"THREE_SMALL_POTIONS","is_prod":false,"is_daily":false,"chose_seed":false,"campfire_upgraded":5,"win_rate":0,"timestamp":1547147672,"path_taken":["M","?","?","M","?","R","E","R","T","?","M","E","?","M","R","BOSS","M","M","?","M","?","R","E","R","T","$","M","R","M","E"],"build_version":"2019-01-03v4","purchased_purges":1,"victory":false,"max_hp_per_floor":[75,80,80,80,80,80,80,80,80,80,80,80,80,80,80,80,80,80,80,80,80,80,80,80,80,80,80,80,80,80,80],"card_choices":[{"not_picked":["BootSequence","Tempest"],"picked":"Self Repair","floor":1},{"not_picked":["Barrage","Sweeping Beam"],"picked":"Beam Cell","floor":4},{"not_picked":["Redo","Turbo"],"picked":"Conserve Battery","floor":5},{"not_picked":["Sweeping Beam","Stack"],"picked":"Cold Snap","floor":7},{"not_picked":["Steam","Rainbow"],"picked":"Beam Cell","floor":10},{"not_picked":["Barrage","Blizzard"],"picked":"Gash","floor":11},{"not_picked":["Static Discharge","Auto Shields"],"picked":"Hologram","floor":12},{"not_picked":["Barrage","Hologram"],"picked":"Gash","floor":14},{"not_picked":["Creative AI","Biased Cognition"],"picked":"Thunder Strike","floor":16},{"not_picked":["Barrage","FTL","Melter"],"picked":"SKIP","floor":18},{"not_picked":["Gash","Turbo"],"picked":"Darkness","floor":19},{"not_picked":["Static Discharge","Go for the Eyes+1"],"picked":"Machine Learning","floor":21},{"not_picked":["Undo","Hologram"],"picked":"Compile Driver","floor":24},{"not_picked":["Cold Snap+1","Blizzard"],"picked":"Conserve Battery+1","floor":28},{"not_picked":["Cold Snap+1","Coolheaded"],"picked":"Hyperbeam","floor":30}],"player_experience":233300,"relics_obtained":[{"floor":7,"key":"Orichalcum"},{"floor":9,"key":"Art of War"},{"floor":12,"key":"Ancient Tea Set"},{"floor":24,"key":"Pen Nib"},{"floor":26,"key":"Old Coin"}],"event_choices":[{"damage_healed":0,"gold_gain":0,"player_choice":"Donut","damage_taken":0,"max_hp_gain":5,"max_hp_loss":0,"event_name":"Big Fish","floor":2,"gold_loss":0},{"damage_healed":0,"gold_gain":0,"player_choice":"2 cards matched","damage_taken":0,"max_hp_gain":0,"max_hp_loss":0,"event_name":"Match and Keep!","floor":3,"gold_loss":0,"cards_obtained":["All For One","Zap"]},{"damage_healed":0,"gold_gain":100,"player_choice":"Pray","damage_taken":0,"max_hp_gain":0,"max_hp_loss":0,"event_name":"Golden Shrine","floor":13,"gold_loss":0},{"damage_healed":0,"gold_gain":0,"player_choice":"Ignored","damage_taken":0,"max_hp_gain":0,"max_hp_loss":0,"event_name":"Vampires","floor":22,"gold_loss":0}],"is_beta":false,"boss_relics":[{"not_picked":["Velvet Choker","Ectoplasm"],"picked":"Snecko Eye"}],"items_purged_floors":[20],"is_endless":false,"potions_floor_spawned":[4,5,7,14,18,28,30],"killed_by":"Slavers","ascension_level":1}