{"gold_per_floor":[110,110,130,130,140,140,174,192,492,502,521,521,556,571,571,648,648,666,686,706,12,30,30,30,47,72,72,124,124,171,206,206,283,283,343,343,397,415,116,116,338,1,76,96,129,129,161,161,161,161],"floor_reached":51,"playtime":4959,"items_purged":["Strike_R","Strike_R","Strike_R"],"score":1217,"play_id":"8aa3167e-479e-420c-8103-e13e4580185f","local_time":"20181116140133","is_ascension_mode":true,"campfire_choices":[{"data":"Body Slam","floor":6.0,"key":"SMITH"},{"floor":12.0,"key":"REST"},{"data":"Armaments","floor":15.0,"key":"SMITH"},{"floor":23.0,"key":"REST"},{"floor":27.0,"key":"REST"},{"floor":29.0,"key":"REST"},{"floor":32.0,"key":"REST"},{"floor":40,"key":"REST"},{"floor":46,"key":"REST"},{"floor":49,"key":"REST"}],"neow_cost":"NONE","seed_source_timestamp":0,"circlet_count":0,"master_deck":["AscendersBane","Strike_R+1","Strike_R+1","Defend_R+1","Defend_R+1","Defend_R+1","Defend_R+1","Bash+1","Inflame+1","Battle Trance+1","Body Slam+1","True Grit+1","Clothesline+1","Perfected Strike+1","Metallicize+1","Thunderclap+1","Armaments+1","Demon Form+1","Sword Boomerang+1","Whirlwind+1","HandOfGreed+1","Pommel Strike+1","Warcry+1","Inflame+1","Shrug It Off+1","Bludgeon+1","Havoc+1","Enlightenment+1","Forethought+1","Discovery+1","Perfected Strike+1","Headbutt+1","Intimidate+1","Metallicize+1","Exhume+1","Pommel Strike+1","Perfected Strike+1","Pommel Strike+1"],"special_seed":0,"relics":["Burning Blood","WingedGreaves","Old Coin","Gambling Chip","Fusion Hammer","Incense Burner","Bag of Marbles","Regal Pillow","Red Mask","Happy Flower","Velvet Choker","Prayer Wheel","Frozen Eye","Blue Candle","Potion Belt","Du-Vu Doll","Mark of the Bloom"],"potions_floor_usage":[45,50],"damage_taken":[{"damage":14.0,"enemies":"Jaw Worm","floor":1.0,"turns":5.0},{"damage":5.0,"enemies":"Small Slimes","floor":3.0,"turns":3.0},{"damage":1.0,"enemies":"Cultist","floor":5.0,"turns":3.0},{"damage":16.0,"enemies":"Gremlin Nob","floor":7.0,"turns":4.0},{"damage":7.0,"enemies":"Looter","floor":8.0,"turns":3.0},{"damage":11.0,"enemies":"Large Slime","floor":10.0,"turns":6.0},{"damage":12.0,"enemies":"2 Fungi Beasts","floor":11.0,"turns":5.0},{"damage":14.0,"enemies":"3 Sentries","floor":13.0,"turns":10.0},{"damage":0.0,"enemies":"Exordium Thugs","floor":14.0,"turns":4.0},{"damage":26.0,"enemies":"Slime Boss","floor":16.0,"turns":10.0},{"damage":11.0,"enemies":"3 Byrds","floor":18.0,"turns":5.0},{"damage":0.0,"enemies":"Spheric Guardian","floor":19.0,"turns":3.0},{"damage":35.0,"enemies":"3 Cultists","floor":20.0,"turns":6.0},{"damage":21.0,"enemies":"Shelled Parasite and Fungi","floor":22.0,"turns":6.0},{"damage":53.0,"enemies":"Book of Stabbing","floor":24.0,"turns":5.0},{"damage":11.0,"enemies":"Centurion and Healer","floor":25.0,"turns":6.0},{"damage":12.0,"enemies":"Masked Bandits","floor":28.0,"turns":4.0},{"damage":25.0,"enemies":"Slavers","floor":30.0,"turns":6.0},{"damage":11.0,"enemies":"Sentry and Sphere","floor":31.0,"turns":5.0},{"damage":87.0,"enemies":"Collector","floor":33.0,"turns":8.0},{"damage":13.0,"enemies":"3 Shapes","floor":35.0,"turns":6.0},{"damage":27,"enemies":"2 Orb Walkers","floor":37,"turns":4},{"damage":0,"enemies":"3 Darklings","floor":38,"turns":1},{"damage":24,"enemies":"Jaw Worm Horde","floor":44,"turns":4},{"damage":48,"enemies":"Giant Head","floor":45,"turns":7},{"damage":13,"enemies":"Nemesis","floor":47,"turns":5},{"damage":45,"enemies":"Awakened One","floor":50,"turns":8}],"seed_played":"-1927363830576958791","potions_obtained":[{"floor":3.0,"key":"Explosive Potion"},{"floor":8.0,"key":"SteroidPotion"},{"floor":10.0,"key":"Dexterity Potion"},{"floor":19.0,"key":"SmokeBomb"},{"floor":25.0,"key":"EssenceOfSteel"},{"floor":28.0,"key":"FearPotion"},{"floor":37,"key":"SkillPotion"},{"floor":47,"key":"Explosive Potion"}],"is_trial":false,"path_per_floor":["M","?","M","?","M","R","E","M","T","M","M","R","E","E","M","R","B",null,"M","M","M","$","M","R","E","M","T","R","?","R","E","M","R","B",null,"M","?","?","M","$","R","?","$","T","M","E","R","E","?","R","B",null],"character_chosen":"IRONCLAD","items_purchased":["Incense Burner","Bag of Marbles","HandOfGreed","Frozen Eye","Metallicize","Exhume"],"campfire_rested":8,"item_purchase_floors":[21,21,21,39,42,42],"current_hp_per_floor":[72,54,55,55,60,60,50,49,49,44,38,64,56,62,62,42,77,72,78,49,49,34,60,13,8,8,49,43,84,65,60,88,7,68,61,51,30,36,36,77,77,77,77,59,17,58,51,51,51,6],"gold":161,"neow_bonus":"TEN_PERCENT_HP_BONUS","is_prod":false,"is_daily":false,"chose_seed":false,"campfire_upgraded":2,"win_rate":0,"timestamp":1542394893,"path_taken":["M","?","M","?","M","R","E","?","T","M","M","R","E","M","R","BOSS","M","M","M","$","M","R","E","M","T","R","?","R","E","M","R","BOSS","M","?","?","?","$","R","?","$","T","M","E","R","E","?","R","BOSS"],"build_version":"2018-11-15","purchased_purges":3,"victory":true,"max_hp_per_floor":[88,88,88,88,88,88,88,88,88,88,88,88,88,88,88,88,88,88,88,88,88,88,88,88,88,88,88,88,88,88,88,88,88,88,88,88,88,88,88,88,88,88,88,88,88,88,88,88,88,88],"card_choices":[{"not_picked":["Warcry","Rupture"],"picked":"Inflame","floor":1.0},{"not_picked":["Thunderclap","Rage"],"picked":"Battle Trance","floor":3.0},{"not_picked":["Fire Breathing","Burning Pact"],"picked":"Body Slam","floor":5.0},{"not_picked":["Wild Strike","Iron Wave"],"picked":"True Grit","floor":7.0},{"not_picked":["Burning Pact","Headbutt"],"picked":"Clothesline","floor":8.0},{"not_picked":["Warcry","Burning Pact"],"picked":"Perfected Strike","floor":10.0},{"not_picked":["Spot Weakness","Inflame"],"picked":"Metallicize","floor":11.0},{"not_picked":["Sentinel","Evolve"],"picked":"Thunderclap","floor":13.0},{"not_picked":["Cleave","Perfected Strike"],"picked":"Armaments","floor":14.0},{"not_picked":["Juggernaut","Offering"],"picked":"Demon Form","floor":16.0},{"not_picked":["True Grit","Sever Soul"],"picked":"Sword Boomerang","floor":18.0},{"not_picked":["Wild Strike","Rage","Clothesline"],"picked":"SKIP","floor":19.0},{"not_picked":["Thunderclap+1","Wild Strike"],"picked":"Whirlwind","floor":20.0},{"not_picked":["Anger","Warcry"],"picked":"Pommel Strike","floor":22.0},{"not_picked":["Thunderclap","Evolve"],"picked":"Warcry+1","floor":25.0},{"not_picked":["Perfected Strike","Carnage"],"picked":"Inflame","floor":28.0},{"not_picked":["Juggernaut","Bloodletting"],"picked":"Shrug It Off","floor":30.0},{"not_picked":["Hemokinesis+1","Clothesline","Anger"],"picked":"SKIP","floor":31.0},{"not_picked":["Brutality","Barricade"],"picked":"Bludgeon","floor":33.0},{"not_picked":["Armaments","Body Slam+1"],"picked":"Havoc+1","floor":35.0},{"not_picked":["Madness","Finesse"],"picked":"Enlightenment","floor":36.0},{"not_picked":["Chrysalis","Panache"],"picked":"Forethought","floor":36.0},{"not_picked":["Jack Of All Trades","Metamorphosis"],"picked":"Discovery","floor":36.0},{"not_picked":["Heavy Blade","Hemokinesis+1"],"picked":"Perfected Strike+1","floor":37},{"not_picked":["Cleave","Uppercut"],"picked":"Headbutt+1","floor":38},{"not_picked":["Bloodletting","Iron Wave"],"picked":"Intimidate","floor":38},{"not_picked":["Power Through","Carnage"],"picked":"Pommel Strike","floor":44},{"not_picked":["Barricade","Warcry"],"picked":"Perfected Strike","floor":44},{"not_picked":["Thunderclap","Sword Boomerang"],"picked":"Pommel Strike","floor":45},{"not_picked":["Clothesline+1","Headbutt","Sever Soul"],"picked":"SKIP","floor":47}],"player_experience":760363,"relics_obtained":[{"floor":7.0,"key":"WingedGreaves"},{"floor":9.0,"key":"Old Coin"},{"floor":13.0,"key":"Gambling Chip"},{"floor":26.0,"key":"Regal Pillow"},{"floor":28.0,"key":"Red Mask"},{"floor":30.0,"key":"Happy Flower"},{"floor":37,"key":"Prayer Wheel"},{"floor":43,"key":"Blue Candle"},{"floor":45,"key":"Potion Belt"},{"floor":47,"key":"Du-Vu Doll"}],"event_choices":[{"damage_healed":0.0,"max_hp_gain":0.0,"max_hp_loss":0.0,"gold_gain":0.0,"event_name":"Shining Light","player_choice":"Entered Light","floor":2.0,"gold_loss":0.0,"damage_taken":18.0,"cards_upgraded":["Defend_R","Strike_R"]},{"damage_healed":0.0,"max_hp_gain":0.0,"max_hp_loss":0.0,"gold_gain":0.0,"event_name":"Upgrade Shrine","player_choice":"Upgraded","floor":4.0,"gold_loss":0.0,"damage_taken":0.0,"cards_upgraded":["Inflame"]},{"damage_healed":0.0,"max_hp_gain":0.0,"max_hp_loss":0.0,"gold_gain":0.0,"event_name":"Masked Bandits","player_choice":"Fought Bandits","floor":28.0,"gold_loss":0.0,"damage_taken":0.0},{"damage_healed":0.0,"max_hp_gain":0.0,"max_hp_loss":0.0,"gold_gain":0.0,"event_name":"SensoryStone","player_choice":"Memory 3","floor":36.0,"gold_loss":0.0,"damage_taken":10.0},{"damage_healed":0,"gold_gain":0,"player_choice":"Fight","damage_taken":0,"max_hp_gain":0,"max_hp_loss":0,"event_name":"Mysterious Sphere","floor":37,"gold_loss":0},{"damage_healed":0,"gold_gain":222,"player_choice":"Wore Mask","damage_taken":0,"max_hp_gain":0,"max_hp_loss":0,"event_name":"Tomb of Lord Red Mask","floor":41,"gold_loss":0},{"damage_healed":0,"gold_gain":0,"player_choice":"Upgrade","damage_taken":0,"relics_obtained":["Mark of the Bloom"],"max_hp_gain":0,"max_hp_loss":0,"event_name":"MindBloom","floor":48,"gold_loss":0,"cards_upgraded":["Strike_R","Defend_R","Defend_R","Defend_R","Bash","Battle Trance","True Grit","Clothesline","Perfected Strike","Metallicize","Thunderclap","Demon Form","Sword Boomerang","Whirlwind","HandOfGreed","Pommel Strike","Inflame","Shrug It Off","Bludgeon","Enlightenment","Forethought","Discovery","Intimidate","Metallicize","Exhume","Pommel Strike","Perfected Strike","Pommel Strike"]}],"is_beta":false,"boss_relics":[{"not_picked":["Mark of Pain","White Beast Statue"],"picked":"Fusion Hammer"},{"not_picked":["Cursed Key","Coffee Dripper"],"picked":"Velvet Choker"}],"items_purged_floors":[21,39,42],"is_endless":false,"potions_floor_spawned":[3,8,10,11,13,14,18,19,25,28,31,37,47],"ascension_level":13}