{"gold_per_floor":[111,129,142,162,10,42,54,80,117,156,183,195,207,90,102,214,226,226,226,226,226,226,226,226,226,226,226,226,226,226,226,226,226],"floor_reached":33,"playtime":1155,"items_purged":[],"score":384,"play_id":"62ae5da8-5b72-4ec1-807f-d689ff8945db","local_time":"20190129220746","is_ascension_mode":true,"campfire_choices":[{"data":"Streamline","floor":7,"key":"SMITH"},{"data":"Sweeping Beam","floor":12,"key":"SMITH"},{"floor":15,"key":"REST"},{"data":"Thunder Strike","floor":24,"key":"SMITH"},{"data":"Biased Cognition","floor":27,"key":"SMITH"},{"floor":29,"key":"REST"},{"floor":32,"key":"REST"}],"neow_cost":"NONE","seed_source_timestamp":1047341639534257,"circlet_count":0,"master_deck":["Strike_B","Strike_B","Strike_B","Strike_B","Defend_B","Defend_B","Defend_B","Defend_B","Zap+1","Dualcast","Streamline+1","Ball Lightning","Sweeping Beam+1","Hologram","Self Repair","Go for the Eyes","Biased Cognition+1","Loop","Thunder Strike+1","Auto Shields","Necronomicurse","Conserve Battery","Capacitor"],"relics":["Cracked Core","Bag of Preparation","MawBank","Vajra","Orichalcum","Juzu Bracelet","Ectoplasm","Anchor","Matryoshka","Potion Belt","Prayer Wheel","Necronomicon"],"potions_floor_usage":[6,10,23,23,25],"damage_taken":[{"damage":1,"enemies":"Cultist","floor":1,"turns":3},{"damage":0,"enemies":"2 Louse","floor":2,"turns":2},{"damage":7,"enemies":"Jaw Worm","floor":3,"turns":3},{"damage":8,"enemies":"Red Slaver","floor":4,"turns":4},{"damage":16,"enemies":"Gremlin Nob","floor":6,"turns":3},{"damage":12,"enemies":"Large Slime","floor":8,"turns":4},{"damage":12,"enemies":"3 Sentries","floor":10,"turns":5},{"damage":0,"enemies":"Exordium Thugs","floor":11,"turns":3},{"damage":24,"enemies":"Slime Boss","floor":16,"turns":8},{"damage":3,"enemies":"3 Byrds","floor":18,"turns":3},{"damage":0,"enemies":"Chosen","floor":20,"turns":4},{"damage":0,"enemies":"Snake Plant","floor":21,"turns":2},{"damage":20,"enemies":"Slavers","floor":23,"turns":4},{"damage":25,"enemies":"Gremlin Leader","floor":25,"turns":6},{"damage":23,"enemies":"Shelled Parasite and Fungi","floor":30,"turns":4},{"damage":73,"enemies":"Collector","floor":33,"turns":5}],"seed_played":"6760338858152550584","potions_obtained":[{"floor":3,"key":"FearPotion"},{"floor":4,"key":"SpeedPotion"},{"floor":11,"key":"Regen Potion"},{"floor":16,"key":"Fire Potion"},{"floor":18,"key":"Dexterity Potion"},{"floor":30,"key":"Ancient Potion"}],"is_trial":false,"path_per_floor":["M","M","M","M","$","E","R","M","T","E","M","R","?","?","R","B",null,"M","?","M","M","?","E","R","E","T","R","?","R","M","?","R","B"],"character_chosen":"DEFECT","items_purchased":["Bag of Preparation"],"campfire_rested":3,"item_purchase_floors":[5],"current_hp_per_floor":[74,74,67,59,59,43,43,31,31,19,26,26,26,26,50,33,70,67,67,74,74,74,54,54,50,50,50,34,58,42,42,66,0],"gold":226,"neow_bonus":"TEN_PERCENT_HP_BONUS","is_prod":false,"is_daily":false,"chose_seed":false,"campfire_upgraded":4,"win_rate":0,"timestamp":1548828466,"path_taken":["M","M","?","M","?","E","R","M","T","E","M","R","?","?","R","BOSS","M","?","M","M","?","E","R","E","T","R","?","R","M","?","R","BOSS"],"build_version":"2019-01-23","purchased_purges":0,"victory":false,"max_hp_per_floor":[82,82,82,82,82,82,82,82,82,82,82,82,82,82,82,82,82,82,82,82,82,82,82,82,82,82,82,82,82,82,82,82,82],"card_choices":[{"not_picked":["Beam Cell","Chill","Turbo"],"picked":"SKIP","floor":1},{"not_picked":["Leap","Go for the Eyes"],"picked":"Streamline","floor":2},{"not_picked":["FTL","Gash"],"picked":"Ball Lightning","floor":3},{"not_picked":["Auto Shields","Defragment"],"picked":"Sweeping Beam","floor":4},{"not_picked":["Force Field","Thunder Strike"],"picked":"Hologram","floor":6},{"not_picked":["Darkness","Leap"],"picked":"Self Repair","floor":8},{"not_picked":["Barrage","Fission"],"picked":"Go for the Eyes","floor":10},{"not_picked":["Cold Snap","Lockon","Steam"],"picked":"SKIP","floor":11},{"not_picked":["Meteor Strike","All For One"],"picked":"Biased Cognition","floor":16},{"not_picked":["Barrage","Cold Snap"],"picked":"Loop","floor":18},{"not_picked":["Chaos+1","Streamline+1","Gash"],"picked":"SKIP","floor":20},{"not_picked":["Double Energy+1","Cold Snap","Tempest"],"picked":"SKIP","floor":21},{"not_picked":["Redo","Aggregate"],"picked":"Thunder Strike","floor":23},{"not_picked":["Hologram","Sweeping Beam+1"],"picked":"Auto Shields","floor":25},{"not_picked":["Streamline+1","Consume"],"picked":"Conserve Battery","floor":30},{"not_picked":["Melter+1","Ball Lightning","Streamline"],"picked":"SKIP","floor":30}],"player_experience":282494,"relics_obtained":[{"floor":6,"key":"MawBank"},{"floor":9,"key":"Vajra"},{"floor":10,"key":"Orichalcum"},{"floor":23,"key":"Anchor"},{"floor":25,"key":"Matryoshka"},{"floor":26,"key":"Potion Belt"},{"floor":26,"key":"Prayer Wheel"},{"floor":28,"key":"Necronomicon"}],"event_choices":[{"damage_healed":0,"gold_gain":0,"player_choice":"Grow","damage_taken":0,"max_hp_gain":0,"max_hp_loss":0,"event_name":"Living Wall","floor":13,"gold_loss":0,"cards_upgraded":["Zap"]},{"damage_healed":0,"gold_gain":0,"player_choice":"Paid Gold","damage_taken":0,"relics_obtained":["Juzu Bracelet"],"max_hp_gain":0,"max_hp_loss":0,"event_name":"WeMeetAgain","floor":14,"gold_loss":129},{"damage_healed":0,"gold_gain":0,"player_choice":"Ignored","damage_taken":0,"max_hp_gain":0,"max_hp_loss":0,"event_name":"Vampires","floor":19,"gold_loss":0},{"damage_healed":0,"gold_gain":0,"player_choice":"Ignored","damage_taken":0,"max_hp_gain":0,"max_hp_loss":0,"event_name":"The Mausoleum","floor":22,"gold_loss":0},{"damage_healed":0,"gold_gain":0,"player_choice":"Obtained Book","damage_taken":16,"max_hp_gain":0,"max_hp_loss":0,"event_name":"Cursed Tome","floor":28,"gold_loss":0},{"damage_healed":0,"gold_gain":0,"player_choice":"Read","damage_taken":0,"max_hp_gain":0,"max_hp_loss":0,"event_name":"The Library","floor":31,"gold_loss":0,"cards_obtained":["Capacitor"]}],"is_beta":false,"boss_relics":[{"not_picked":["Lizard Tail","Calling Bell"],"picked":"Ectoplasm"}],"items_purged_floors":[],"is_endless":false,"potions_floor_spawned":[3,4,11,16,18,20,30],"killed_by":"Collector","ascension_level":6}