{"gold_per_floor":[109,59,77,77,96,96,126,137,137,137,152,177,102,102,102,233,233,246,271,271,286,211,211,211],"floor_reached":24,"playtime":1789,"items_purged":["Strike_R"],"score":206,"play_id":"ca95c387-6f17-406e-bfc0-b3b467036f67","local_time":"20190106081937","is_ascension_mode":false,"campfire_choices":[{"data":"Headbutt","floor":6.0,"key":"SMITH"},{"data":"Heavy Blade","floor":10.0,"key":"SMITH"},{"data":"Bash","floor":15.0,"key":"SMITH"},{"data":"Feed","floor":23,"key":"SMITH"}],"neow_cost":"NONE","seed_source_timestamp":0,"circlet_count":0,"master_deck":["Strike_R","Defend_R","Defend_R","Defend_R","Defend_R","Bash+1","Fire Breathing","Flex+1","Heavy Blade+1","Headbutt+1","Feed+1"],"special_seed":0,"relics":["Burning Blood","Frozen Egg 2","Gremlin Horn","Juzu Bracelet","Golden Idol","Runic Cube","MutagenicStrength"],"potions_floor_usage":[16,24],"damage_taken":[{"damage":3.0,"enemies":"Cultist","floor":1.0,"turns":5.0},{"damage":15.0,"enemies":"Small Slimes","floor":3.0,"turns":4.0},{"damage":0.0,"enemies":"2 Louse","floor":5.0,"turns":2.0},{"damage":16.0,"enemies":"Lagavulin","floor":7.0,"turns":5.0},{"damage":0.0,"enemies":"Large Slime","floor":8.0,"turns":4.0},{"damage":4.0,"enemies":"Blue Slaver","floor":11.0,"turns":3.0},{"damage":18.0,"enemies":"Gremlin Nob","floor":12.0,"turns":4.0},{"damage":35,"enemies":"The Guardian","floor":16,"turns":8},{"damage":19,"enemies":"Shell Parasite","floor":18,"turns":5},{"damage":20,"enemies":"3 Byrds","floor":19,"turns":4},{"damage":35,"enemies":"3 Cultists","floor":21,"turns":7},{"damage":40,"enemies":"Centurion and Healer","floor":24,"turns":7}],"seed_played":"1774687774313908545","potions_obtained":[{"floor":3.0,"key":"Strength Potion"},{"floor":8.0,"key":"SpeedPotion"},{"floor":11.0,"key":"PowerPotion"},{"floor":18,"key":"SkillPotion"}],"is_trial":false,"path_per_floor":["M","?","M","?","M","R","E","M","T","R","M","E","$","?","R","B",null,"M","M","?","M","?","R","M"],"character_chosen":"IRONCLAD","items_purchased":[],"campfire_rested":0,"item_purchase_floors":[],"current_hp_per_floor":[80,80,71,71,77,77,67,73,73,73,75,63,63,43,43,14,80,67,56,56,30,30,30,0],"gold":211,"neow_bonus":"TRANSFORM_CARD","is_prod":false,"is_daily":false,"chose_seed":false,"campfire_upgraded":4,"win_rate":0.0,"timestamp":1546759177,"path_taken":["M","?","M","?","M","R","E","M","T","R","?","E","$","?","R","BOSS","M","M","?","M","?","R","M"],"build_version":"2019-01-03v4","purchased_purges":1,"victory":false,"max_hp_per_floor":[80,80,80,80,80,80,80,80,80,80,80,80,80,80,80,80,80,80,83,83,86,86,86,86],"card_choices":[{"not_picked":["Disarm","Clash"],"picked":"Flex","floor":1.0},{"not_picked":["Shrug It Off","Body Slam"],"picked":"Heavy Blade","floor":3.0},{"not_picked":["Flex","Rage"],"picked":"Headbutt","floor":5.0},{"not_picked":["Sword Boomerang","Iron Wave","Clash"],"picked":"SKIP","floor":7.0},{"not_picked":["Heavy Blade","Pummel","Cleave"],"picked":"SKIP","floor":8.0},{"not_picked":["Wild Strike","Clash","Burning Pact"],"picked":"SKIP","floor":11.0},{"not_picked":["Entrench","Perfected Strike","Wild Strike"],"picked":"SKIP","floor":12.0},{"not_picked":["Immolate","Double Tap"],"picked":"Feed","floor":16},{"not_picked":["Flame Barrier","Twin Strike+1","Heavy Blade"],"picked":"SKIP","floor":18},{"not_picked":["Seeing Red","Armaments+1","Burning Pact+1"],"picked":"SKIP","floor":19},{"not_picked":["Clothesline","Thunderclap+1","Headbutt"],"picked":"SKIP","floor":21}],"player_experience":183068,"relics_obtained":[{"floor":7.0,"key":"Frozen Egg 2"},{"floor":9.0,"key":"Gremlin Horn"},{"floor":12.0,"key":"Juzu Bracelet"}],"event_choices":[{"cards_removed":["Strike_R"],"damage_healed":0.0,"max_hp_gain":0.0,"max_hp_loss":0.0,"gold_gain":0.0,"event_name":"The Cleric","player_choice":"Card Removal","floor":2.0,"gold_loss":50.0,"damage_taken":0.0},{"damage_healed":0.0,"max_hp_gain":0.0,"max_hp_loss":0.0,"gold_gain":0.0,"event_name":"Accursed Blacksmith","player_choice":"Forge","floor":4.0,"gold_loss":0.0,"damage_taken":0.0,"cards_upgraded":["Flex"]},{"damage_healed":0.0,"max_hp_gain":0.0,"max_hp_loss":0.0,"gold_gain":0.0,"event_name":"Golden Idol","player_choice":"Take Damage","floor":14.0,"gold_loss":0.0,"damage_taken":20.0,"relics_obtained":["Golden Idol"]},{"damage_healed":0,"gold_gain":0,"player_choice":"Inject Mutagens","damage_taken":0,"relics_obtained":["MutagenicStrength"],"max_hp_gain":0,"max_hp_loss":0,"event_name":"Drug Dealer","floor":20,"gold_loss":0},{"cards_removed":["Strike_R"],"damage_healed":0,"gold_gain":0,"player_choice":"Gave Gold","damage_taken":0,"max_hp_gain":0,"max_hp_loss":0,"event_name":"Beggar","floor":22,"gold_loss":75}],"is_beta":false,"boss_relics":[{"not_picked":["Eternal Feather","Sozu"],"picked":"Runic Cube"}],"items_purged_floors":[13],"is_endless":false,"potions_floor_spawned":[3,8,11,12,18],"killed_by":"Centurion and Healer","ascension_level":0}