{"gold_per_floor":[114,289,289,302,313,343,343,276,329,339,368,368,403,418,418,523,523,533,547,38,52,63,98,98,126,150,150,49,49,67,99,99,199,199,212,60,60,77,177,177,210,210,235,235,269,283,293,310,310,310,310,310,83,114,114],"floor_reached":56,"playtime":8076,"items_purged":["Defend_B","Defend_B","Strike_B+1"],"score":1576,"play_id":"210f90f5-30e5-4393-94bb-13d0a0a7b329","local_time":"20190212013537","is_ascension_mode":true,"campfire_choices":[{"data":"Zap","floor":7.0,"key":"SMITH"},{"data":"Dualcast","floor":12.0,"key":"SMITH"},{"data":"Go for the Eyes","floor":15.0,"key":"SMITH"},{"data":"Defragment","floor":24.0,"key":"SMITH"},{"floor":29.0,"key":"REST"},{"floor":32.0,"key":"REST"},{"floor":40.0,"key":"RECALL"},{"data":"Consume","floor":42.0,"key":"SMITH"},{"data":"Ball Lightning","floor":49.0,"key":"SMITH"}],"neow_cost":"NONE","seed_source_timestamp":1137738742473600,"circlet_count":0,"master_deck":["Strike_B+1","Strike_B+1","Strike_B+1","Defend_B+1","Defend_B+1","Zap+1","Dualcast+1","All For One+1","Leap+1","Genetic Algorithm+1","Gash+1","Undo+1","BootSequence+1","Go for the Eyes+1","Conserve Battery+1","Skim+1","Electrodynamics+1","Go for the Eyes+1","Redo+1","Defragment+1","Coolheaded+1","Leap+1","Redo+1","Cold Snap+1","Buffer+1","Coolheaded+1","Glacier+1","Echo Form+1","Glacier+1","Biased Cognition+1","Hologram+1","Hologram+1","Consume+1","Consume+1","Blizzard+1","Ball Lightning+1","Ball Lightning+1","Defragment","Coolheaded"],"special_seed":0,"relics":["Cracked Core","Dream Catcher","Strawberry","Pen Nib","Calipers","Inserter","Membership Card","Cables","Orichalcum","Omamori","Blue Candle","Bag of Preparation","Nilry\u0027s Codex","ClockworkSouvenir","War Paint","Coffee Dripper","Happy Flower","Mark of the Bloom","Potion Belt","Blood Vial","Lantern","Art of War"],"potions_floor_usage":[55],"damage_taken":[{"damage":2.0,"enemies":"Jaw Worm","floor":1.0,"turns":3.0},{"damage":0.0,"enemies":"Cultist","floor":4.0,"turns":4.0},{"damage":1.0,"enemies":"Small Slimes","floor":5.0,"turns":4.0},{"damage":24.0,"enemies":"Lagavulin","floor":6.0,"turns":7.0},{"damage":5.0,"enemies":"Gremlin Gang","floor":10.0,"turns":5.0},{"damage":11.0,"enemies":"Gremlin Nob","floor":11.0,"turns":5.0},{"damage":4.0,"enemies":"Lagavulin","floor":13.0,"turns":5.0},{"damage":4.0,"enemies":"Exordium Thugs","floor":14.0,"turns":6.0},{"damage":22.0,"enemies":"The Guardian","floor":16.0,"turns":13.0},{"damage":9.0,"enemies":"Spheric Guardian","floor":18.0,"turns":4.0},{"damage":10.0,"enemies":"Chosen","floor":19.0,"turns":5.0},{"damage":5.0,"enemies":"Snake Plant","floor":21.0,"turns":4.0},{"damage":13.0,"enemies":"Snecko","floor":22.0,"turns":7.0},{"damage":8.0,"enemies":"Book of Stabbing","floor":23.0,"turns":5.0},{"damage":0.0,"enemies":"Gremlin Leader","floor":25.0,"turns":9.0},{"damage":0.0,"enemies":"3 Cultists","floor":30.0,"turns":3.0},{"damage":8.0,"enemies":"Slavers","floor":31.0,"turns":6.0},{"damage":4.0,"enemies":"Champ","floor":33.0,"turns":13.0},{"damage":0.0,"enemies":"Orb Walker","floor":35.0,"turns":4.0},{"damage":0.0,"enemies":"3 Darklings","floor":38.0,"turns":4.0},{"damage":0.0,"enemies":"Giant Head","floor":41.0,"turns":10.0},{"damage":0.0,"enemies":"Nemesis","floor":45.0,"turns":5.0},{"damage":0.0,"enemies":"Sphere and 2 Shapes","floor":46.0,"turns":3.0},{"damage":0.0,"enemies":"Spire Growth","floor":47.0,"turns":8.0},{"damage":0.0,"enemies":"Transient","floor":48.0,"turns":5.0},{"damage":0.0,"enemies":"Time Eater","floor":50.0,"turns":10.0},{"damage":0.0,"enemies":"Shield and Spear","floor":54.0,"turns":8.0},{"damage":0,"enemies":"The Heart","floor":55,"turns":11}],"seed_played":"-6043231145393002071","potions_obtained":[{"floor":1.0,"key":"Regen Potion"},{"floor":4.0,"key":"Ancient Potion"},{"floor":6.0,"key":"Poison Potion"},{"floor":16.0,"key":"Regen Potion"},{"floor":18.0,"key":"Weak Potion"},{"floor":21.0,"key":"Swift Potion"},{"floor":30.0,"key":"Fire Potion"},{"floor":41.0,"key":"FearPotion"},{"floor":46.0,"key":"Block Potion"},{"floor":48.0,"key":"GamblersBrew"}],"is_trial":false,"path_per_floor":["M","?","?","M","M","E","R","$","T","M","E","R","E","M","R","B",null,"M","M","$","M","M","E","R","E","T","?","$","R","M","E","R","B",null,"M","$","?","M","?","R","E","R","T","R","E","M","M","M","R","B",null,"R","$","E","B",null],"character_chosen":"DEFECT","items_purchased":["BootSequence","Membership Card","Defragment","Cables","Orichalcum","Coolheaded","Leap","ClockworkSouvenir","Happy Flower","Hologram","Lantern","Defragment","Coolheaded","FocusPotion"],"campfire_rested":2,"item_purchase_floors":[8,20,20,20,20,20,20,28,36,36,53,53,53,53],"current_hp_per_floor":[73,73,73,73,72,48,48,48,55,50,39,39,35,31,31,24,82,73,63,63,58,45,37,37,37,37,21,21,45,45,37,61,57,82,82,82,82,82,82,82,82,82,82,82,82,82,82,82,82,82,82,82,82,82,82],"gold":114,"neow_bonus":"ONE_RANDOM_RARE_CARD","is_prod":false,"is_daily":false,"chose_seed":false,"campfire_upgraded":6,"win_rate":0,"timestamp":1549931737,"path_taken":["M","?","?","M","?","E","R","$","T","M","E","R","E","M","R","BOSS","M","M","$","M","?","E","R","E","T","?","$","R","M","E","R","BOSS","M","$","?","M","?","R","E","R","T","R","E","M","M","M","R","BOSS","R","$","E","BOSS"],"build_version":"2019-01-23","purchased_purges":3,"victory":true,"max_hp_per_floor":[75,75,75,75,75,75,75,75,82,82,82,82,82,82,82,82,82,82,82,82,82,82,82,82,82,82,82,82,82,82,82,82,82,82,82,82,82,82,82,82,82,82,82,82,82,82,82,82,82,82,82,82,82,82,82],"card_choices":[{"not_picked":["Reprogram","Compile Driver"],"picked":"Leap","floor":1.0},{"not_picked":["Turbo","Tempest"],"picked":"Genetic Algorithm","floor":4.0},{"not_picked":["Chaos","Redo"],"picked":"Gash","floor":5.0},{"not_picked":["Lockon","Skim"],"picked":"Undo","floor":6.0},{"not_picked":["Compile Driver","Multi-Cast"],"picked":"Go for the Eyes","floor":10.0},{"not_picked":["Rebound","Steam","Fusion"],"picked":"SKIP","floor":11.0},{"not_picked":["Coolheaded","Streamline"],"picked":"Conserve Battery","floor":13.0},{"not_picked":["Stack","Hello World"],"picked":"Skim","floor":14.0},{"not_picked":["Multi-Cast","Core Surge"],"picked":"Electrodynamics","floor":16.0},{"not_picked":["Rebound","FTL"],"picked":"Go for the Eyes","floor":18.0},{"not_picked":["Darkness","Beam Cell"],"picked":"Redo+1","floor":19.0},{"not_picked":["Static Discharge","Sweeping Beam"],"picked":"Redo+1","floor":21.0},{"not_picked":["Tempest","Compile Driver+1"],"picked":"Cold Snap","floor":22.0},{"not_picked":["Beam Cell+1","Turbo"],"picked":"Buffer","floor":23.0},{"not_picked":["Conserve Battery","Melter+1"],"picked":"Coolheaded","floor":25.0},{"not_picked":["Scrape","Darkness"],"picked":"Glacier+1","floor":30.0},{"not_picked":["Stack","Chaos"],"picked":"Echo Form","floor":31.0},{"not_picked":["Auto Shields+1","FTL"],"picked":"Glacier","floor":32.0},{"not_picked":["Rainbow","Seek"],"picked":"Biased Cognition","floor":33.0},{"not_picked":["Tempest+1","Undo"],"picked":"Hologram+1","floor":35.0},{"not_picked":["Fusion","Ball Lightning","Redo"],"picked":"SKIP","floor":38.0},{"not_picked":["Capacitor+1","Rebound+1"],"picked":"Consume","floor":41.0},{"not_picked":["Steam+1","Rebound"],"picked":"Consume+1","floor":45.0},{"not_picked":["Compile Driver+1","Self Repair"],"picked":"Blizzard+1","floor":46.0},{"not_picked":["Sweeping Beam+1","Steam+1"],"picked":"Ball Lightning","floor":47.0},{"not_picked":["Cold Snap","Sweeping Beam"],"picked":"Ball Lightning+1","floor":48.0},{"not_picked":["Barrage+1","Heatsinks+1","Hologram"],"picked":"SKIP","floor":54.0}],"player_experience":124257,"relics_obtained":[{"floor":6.0,"key":"Dream Catcher"},{"floor":9.0,"key":"Strawberry"},{"floor":11.0,"key":"Pen Nib"},{"floor":13.0,"key":"Calipers"},{"floor":23.0,"key":"Omamori"},{"floor":25.0,"key":"Blue Candle"},{"floor":26.0,"key":"Bag of Preparation"},{"floor":27.0,"key":"Nilry\u0027s Codex"},{"floor":31.0,"key":"War Paint"},{"floor":41.0,"key":"Potion Belt"},{"floor":45.0,"key":"Blood Vial"},{"floor":54.0,"key":"Art of War"}],"event_choices":[{"damage_healed":0.0,"max_hp_gain":0.0,"max_hp_loss":0.0,"gold_gain":175.0,"event_name":"Liars Game","player_choice":"AGREE","floor":2.0,"gold_loss":0.0,"damage_taken":0.0,"cards_obtained":["Doubt"]},{"cards_removed":["Doubt"],"damage_healed":0.0,"max_hp_gain":0.0,"max_hp_loss":0.0,"gold_gain":0.0,"event_name":"Fountain of Cleansing","player_choice":"Removed Curses","floor":3.0,"gold_loss":0.0,"damage_taken":0.0},{"damage_healed":0.0,"max_hp_gain":0.0,"max_hp_loss":0.0,"gold_gain":0.0,"event_name":"Cursed Tome","player_choice":"Obtained Book","floor":27.0,"gold_loss":0.0,"damage_taken":16.0},{"damage_healed":0.0,"max_hp_gain":0.0,"max_hp_loss":0.0,"gold_gain":0.0,"event_name":"MindBloom","player_choice":"Upgrade","floor":37.0,"gold_loss":0.0,"damage_taken":0.0,"cards_upgraded":["Strike_B","Strike_B","Strike_B","Strike_B","Defend_B","Defend_B","All For One","Leap","Genetic Algorithm","Gash","Undo","BootSequence","Conserve Battery","Skim","Electrodynamics","Go for the Eyes","Cold Snap","Buffer","Coolheaded","Echo Form","Glacier","Biased Cognition","Hologram"],"relics_obtained":["Mark of the Bloom"]},{"damage_healed":0.0,"max_hp_gain":0.0,"max_hp_loss":0.0,"gold_gain":100.0,"event_name":"Golden Shrine","player_choice":"Pray","floor":39.0,"gold_loss":0.0,"damage_taken":0.0}],"is_beta":false,"boss_relics":[{"not_picked":["Calling Bell","White Beast Statue"],"picked":"Inserter"},{"not_picked":["Orrery","FrozenCore"],"picked":"Coffee Dripper"}],"items_purged_floors":[20,36,53],"is_endless":false,"potions_floor_spawned":[1,4,6,16,18,21,30,31,35,41,46,48],"ascension_level":2}