{"gold_per_floor":[115,115,115,134,146,146,178,178,178,178,198,198,211,227,227,328,328,340,440,249,249,263,263,37,52,52,68,94,94,112,112],"floor_reached":31,"playtime":1728,"items_purged":["Regret"],"score":262,"play_id":"4adbad17-6bdf-4c56-8272-f525d909aabc","local_time":"20181105035115","is_ascension_mode":false,"campfire_choices":[{"data":"Double Energy","floor":6,"key":"SMITH"},{"floor":10,"key":"REST"},{"floor":12,"key":"REST"},{"floor":15,"key":"REST"},{"floor":23,"key":"REST"},{"floor":29,"key":"REST"}],"neow_cost":"NONE","seed_source_timestamp":626150755424217,"circlet_count":0,"master_deck":["Defend_B","Defend_B","Defend_B","Defend_B","Zap","Dualcast","Compile Driver","Double Energy+1","Turbo","Loop","Hologram","Sunder","Machine Learning","Enlightenment","Static Discharge","FTL","Bite","Bite","Bite","Bite","Bite","White Noise","Hello World","Self Repair","Loop","Static Discharge"],"relics":["Cracked Core","Gambling Chip","Bag of Marbles","Potion Belt","Darkstone Periapt","Sozu","Happy Flower","Oddly Smooth Stone"],"potions_floor_usage":[7,16,31],"damage_taken":[{"damage":10,"enemies":"Small Slimes","floor":1,"turns":2},{"damage":4,"enemies":"Jaw Worm","floor":4,"turns":3},{"damage":10,"enemies":"Cultist","floor":5,"turns":4},{"damage":38,"enemies":"3 Sentries","floor":7,"turns":7},{"damage":1,"enemies":"3 Louse","floor":11,"turns":3},{"damage":8,"enemies":"Red Slaver","floor":13,"turns":4},{"damage":7,"enemies":"Exordium Thugs","floor":14,"turns":3},{"damage":70,"enemies":"The Guardian","floor":16,"turns":11},{"damage":33,"enemies":"2 Thieves","floor":18,"turns":4},{"damage":25,"enemies":"Spheric Guardian","floor":22,"turns":4},{"damage":23,"enemies":"Snecko","floor":25,"turns":5},{"damage":30,"enemies":"Sentry and Sphere","floor":27,"turns":4},{"damage":24,"enemies":"Centurion and Healer","floor":30,"turns":5},{"damage":24,"enemies":"Cultist and Chosen","floor":31,"turns":4}],"seed_played":"-6473704410434135530","potions_obtained":[{"floor":3,"key":"EssenceOfSteel"},{"floor":3,"key":"Ancient Potion"},{"floor":3,"key":"FearPotion"},{"floor":7,"key":"FearPotion"},{"floor":11,"key":"Ancient Potion"}],"is_trial":false,"path_per_floor":["M","?","?","M","M","R","E","?","T","R","M","R","M","M","R","B",null,"M","?","$","?","M","R","$","M","T","M","T","R","M","M"],"character_chosen":"DEFECT","items_purchased":["Enlightenment","Static Discharge","FTL","White Noise","Hello World"],"campfire_rested":5,"item_purchase_floors":[20,20,20,24,24],"current_hp_per_floor":[72,72,72,68,58,58,20,20,20,44,43,67,59,52,76,6,82,49,49,49,49,30,47,47,34,34,15,15,32,16,0],"gold":112,"neow_bonus":"TEN_PERCENT_HP_BONUS","is_prod":false,"is_daily":false,"chose_seed":false,"campfire_upgraded":1,"win_rate":0.0,"timestamp":1541407875,"path_taken":["M","?","?","M","?","R","E","?","T","R","M","R","M","M","R","BOSS","M","?","?","?","M","R","$","M","T","M","?","R","?","M"],"build_version":"2018-11-01","purchased_purges":1,"victory":false,"max_hp_per_floor":[82,82,82,82,82,82,82,82,82,82,82,82,82,82,82,82,82,82,82,82,57,57,57,57,57,57,57,57,57,57,57],"card_choices":[{"not_picked":["Gash","Go for the Eyes"],"picked":"Compile Driver","floor":1},{"not_picked":["Cold Snap","Auto Shields"],"picked":"Double Energy","floor":4},{"not_picked":["Ball Lightning","Hologram"],"picked":"Turbo","floor":5},{"not_picked":["Ball Lightning","Rip and Tear"],"picked":"Loop","floor":7},{"not_picked":["Doom and Gloom","Go for the Eyes"],"picked":"Hologram","floor":11},{"not_picked":["Streamline","Go for the Eyes","Compile Driver"],"picked":"SKIP","floor":13},{"not_picked":["Genetic Algorithm","Compile Driver"],"picked":"Sunder","floor":14},{"not_picked":["Multi-Cast","Reboot"],"picked":"Machine Learning","floor":16},{"not_picked":["Compile Driver","Cold Snap","Genetic Algorithm"],"picked":"SKIP","floor":18},{"not_picked":["Streamline","Barrage","Compile Driver+1"],"picked":"SKIP","floor":22},{"not_picked":["Steam","Conserve Battery"],"picked":"Self Repair","floor":25},{"not_picked":["Conserve Battery","Leap"],"picked":"Loop","floor":27},{"not_picked":["Sweeping Beam","Steam"],"picked":"Static Discharge","floor":30}],"player_experience":22655,"relics_obtained":[{"floor":7,"key":"Bag of Marbles"},{"floor":9,"key":"Darkstone Periapt"},{"floor":26,"key":"Happy Flower"},{"floor":28,"key":"Oddly Smooth Stone"}],"event_choices":[{"damage_healed":0,"gold_gain":0,"player_choice":"Box","damage_taken":0,"relics_obtained":["Gambling Chip"],"max_hp_gain":0,"max_hp_loss":0,"event_name":"Big Fish","floor":2,"gold_loss":0,"cards_obtained":["Regret"]},{"damage_healed":0,"gold_gain":0,"player_choice":"Got Potions","damage_taken":0,"max_hp_gain":0,"max_hp_loss":0,"event_name":"Lab","floor":3,"gold_loss":0},{"damage_healed":0,"gold_gain":0,"player_choice":"Gave Potion","damage_taken":0,"relics_obtained":["Potion Belt"],"max_hp_gain":0,"max_hp_loss":0,"event_name":"WeMeetAgain","floor":8,"gold_loss":0},{"damage_healed":0,"gold_gain":100,"player_choice":"Pray","damage_taken":0,"max_hp_gain":0,"max_hp_loss":0,"event_name":"Golden Shrine","floor":19,"gold_loss":0},{"damage_healed":0,"gold_gain":0,"player_choice":"Became a vampire","damage_taken":0,"max_hp_gain":0,"max_hp_loss":25,"event_name":"Vampires","floor":21,"gold_loss":0,"cards_obtained":["Bite","Bite","Bite","Bite","Bite"]}],"is_beta":false,"boss_relics":[{"not_picked":["Philosopher\u0027s Stone","FrozenCore"],"picked":"Sozu"}],"items_purged_floors":[24],"is_endless":false,"potions_floor_spawned":[4,7,11,22,27],"killed_by":"Cultist and Chosen","ascension_level":0}