{"gold_per_floor":[112,112,112,62,62,87,87,87,87,87,100,114,133,165,165,269,269,279,279,296,309,21,56,131,131,154,74,74,74,91,102,102,204,204,216,226,14,32,42,42,68,87,87,87,106,106,106,118,118,118],"floor_reached":50,"playtime":3063,"items_purged":["Strike_B","Strike_B","Shame"],"score":553,"play_id":"de4ee3b3-706e-4a1a-927b-c2ce58337fde","local_time":"20190106193044","is_ascension_mode":true,"campfire_choices":[{"data":"Zap","floor":7.0,"key":"SMITH"},{"data":"Rip and Tear","floor":10.0,"key":"SMITH"},{"data":"Beam Cell","floor":15.0,"key":"SMITH"},{"data":"Sunder","floor":25.0,"key":"SMITH"},{"floor":29.0,"key":"REST"},{"floor":32,"key":"REST"},{"floor":40,"key":"REST"},{"data":"Echo Form","floor":47,"key":"SMITH"},{"floor":49,"key":"REST"}],"neow_cost":"NONE","seed_source_timestamp":0,"circlet_count":0,"master_deck":["Strike_B","Defend_B","Defend_B","Defend_B","Defend_B","Zap+1","Dualcast","Rip and Tear+1","Cold Snap","Ball Lightning","Beam Cell+1","Skim","Conserve Battery","Cold Snap","Doom and Gloom","Sunder+1","Machine Learning","Decay","Capacitor","Coolheaded","Fusion+1","Steam+1","Echo Form+1","Tempest+1","BootSequence+1","Consume","Reinforced Body","Leap+1","Hologram","Loop+1","Regret","Stack+1","Leap","Hologram+1"],"special_seed":0,"relics":["Cracked Core","NeowsBlessing","The Courier","Juzu Bracelet","Unceasing Top","Happy Flower","Cursed Key","Oddly Smooth Stone","Dream Catcher","Strawberry","Nuclear Battery","Boot","Sundial"],"potions_floor_usage":[33,33,33,38,39,41,45,50],"damage_taken":[{"damage":0.0,"enemies":"Small Slimes","floor":1.0,"turns":1.0},{"damage":0.0,"enemies":"3 Sentries","floor":6.0,"turns":1.0},{"damage":0.0,"enemies":"Jaw Worm","floor":11.0,"turns":1.0},{"damage":0.0,"enemies":"Cultist","floor":12.0,"turns":2.0},{"damage":5.0,"enemies":"Blue Slaver","floor":13.0,"turns":3.0},{"damage":12.0,"enemies":"Gremlin Nob","floor":14.0,"turns":3.0},{"damage":41.0,"enemies":"Hexaghost","floor":16.0,"turns":9.0},{"damage":0.0,"enemies":"Spheric Guardian","floor":18.0,"turns":3.0},{"damage":1.0,"enemies":"3 Byrds","floor":20.0,"turns":4.0},{"damage":4.0,"enemies":"Sentry and Sphere","floor":21.0,"turns":4.0},{"damage":38.0,"enemies":"Slavers","floor":23.0,"turns":5.0},{"damage":12.0,"enemies":"Centurion and Healer","floor":30.0,"turns":8.0},{"damage":11.0,"enemies":"Snecko","floor":31.0,"turns":4.0},{"damage":55,"enemies":"Collector","floor":33,"turns":10},{"damage":18,"enemies":"Orb Walker","floor":35,"turns":4},{"damage":8,"enemies":"3 Darklings","floor":36,"turns":3},{"damage":34,"enemies":"Spire Growth","floor":38,"turns":4},{"damage":8,"enemies":"Maw","floor":39,"turns":8},{"damage":22,"enemies":"Giant Head","floor":41,"turns":10},{"damage":26,"enemies":"Sphere and 2 Shapes","floor":42,"turns":6},{"damage":25,"enemies":"Transient","floor":45,"turns":5},{"damage":31,"enemies":"Spire Growth","floor":48,"turns":7},{"damage":45,"enemies":"Awakened One","floor":50,"turns":10}],"seed_played":"-7514427133613767307","potions_obtained":[{"floor":1.0,"key":"AttackPotion"},{"floor":8.0,"key":"Swift Potion"},{"floor":8.0,"key":"SkillPotion"},{"floor":8.0,"key":"Block Potion"},{"floor":11.0,"key":"FearPotion"},{"floor":12.0,"key":"Swift Potion"},{"floor":14.0,"key":"Weak Potion"},{"floor":20.0,"key":"Weak Potion"},{"floor":30.0,"key":"Strength Potion"},{"floor":31.0,"key":"FocusPotion"},{"floor":33,"key":"Explosive Potion"},{"floor":36,"key":"Regen Potion"},{"floor":38,"key":"SpeedPotion"},{"floor":42,"key":"AttackPotion"},{"floor":48,"key":"Dexterity Potion"}],"is_trial":false,"path_per_floor":["M","?","?","?","?","E","R","?","T","R","M","M","M","E","R","B",null,"M","?","M","M","$","E","?","R","T","$","?","R","M","M","R","B",null,"M","M","$","M","M","R","E","M","T","?","M","?","R","M","R","B"],"character_chosen":"DEFECT","items_purchased":["Doom and Gloom","Sunder","Oddly Smooth Stone","Consume","Reinforced Body"],"campfire_rested":4,"item_purchase_floors":[22,22,22,37,37],"current_hp_per_floor":[75,80,77,77,77,77,77,77,77,77,77,77,72,60,60,19,80,80,80,79,75,75,37,29,29,36,36,36,62,50,39,65,10,87,69,61,61,27,31,57,35,9,9,76,51,51,51,20,42,0],"gold":118,"neow_bonus":"THREE_ENEMY_KILL","is_prod":false,"is_daily":false,"chose_seed":false,"campfire_upgraded":5,"win_rate":0,"timestamp":1546831844,"path_taken":["M","?","?","?","?","E","R","?","T","R","M","M","M","E","R","BOSS","M","?","M","M","$","E","?","R","T","$","?","R","M","M","R","BOSS","M","M","$","M","M","R","E","M","T","?","M","?","R","M","R","BOSS"],"build_version":"2019-01-03v4","purchased_purges":3,"victory":false,"max_hp_per_floor":[75,80,80,80,80,80,80,80,80,80,80,80,80,80,80,80,80,80,80,80,80,80,80,80,80,87,87,87,87,87,87,87,87,87,87,87,87,87,87,87,87,87,87,76,76,76,76,76,76,76],"card_choices":[{"not_picked":["Blizzard","Compile Driver","Skim"],"picked":"SKIP","floor":1.0},{"not_picked":["Fission","Heatsinks"],"picked":"Rip and Tear","floor":6.0},{"not_picked":["Fusion","Redo","Blizzard"],"picked":"SKIP","floor":11.0},{"not_picked":["Hello World","Heatsinks"],"picked":"Cold Snap","floor":12.0},{"not_picked":["Darkness","Go for the Eyes"],"picked":"Ball Lightning","floor":13.0},{"not_picked":["Rebound","Hologram"],"picked":"Beam Cell","floor":14.0},{"not_picked":["Streamline","Undo"],"picked":"Skim","floor":18.0},{"not_picked":["Gash","Rebound+1"],"picked":"Conserve Battery","floor":20.0},{"not_picked":["Turbo+1","Rebound"],"picked":"Cold Snap","floor":21.0},{"not_picked":["Echo Form","Stack"],"picked":"Machine Learning","floor":23.0},{"not_picked":["Scrape","Go for the Eyes"],"picked":"Capacitor","floor":29.0},{"not_picked":["Reinforced Body","Recycle"],"picked":"Coolheaded","floor":30.0},{"not_picked":["Echo Form","Conserve Battery"],"picked":"Fusion+1","floor":31.0},{"not_picked":["Hologram","Aggregate"],"picked":"Steam+1","floor":32},{"not_picked":["Meteor Strike","Core Surge"],"picked":"Echo Form","floor":33},{"not_picked":["Compile Driver","Sweeping Beam"],"picked":"Tempest+1","floor":35},{"not_picked":["Hologram","Redo"],"picked":"BootSequence+1","floor":36},{"not_picked":["Hello World+1","Streamline+1","Beam Cell+1"],"picked":"SKIP","floor":38},{"not_picked":["Coolheaded+1","Go for the Eyes"],"picked":"Leap+1","floor":39},{"not_picked":["Reprogram+1","Heatsinks"],"picked":"Hologram","floor":40},{"not_picked":["Scrape+1","Redo"],"picked":"Loop+1","floor":41},{"not_picked":["Leap+1","Auto Shields+1","Melter+1"],"picked":"SKIP","floor":42},{"not_picked":["Leap+1","White Noise+1"],"picked":"Stack+1","floor":45},{"not_picked":["Meteor Strike","Conserve Battery"],"picked":"Hologram+1","floor":48}],"player_experience":103084,"relics_obtained":[{"floor":6.0,"key":"Juzu Bracelet"},{"floor":9.0,"key":"Unceasing Top"},{"floor":14.0,"key":"Happy Flower"},{"floor":23.0,"key":"Dream Catcher"},{"floor":26.0,"key":"Strawberry"},{"floor":41,"key":"Boot"},{"floor":43,"key":"Sundial"}],"event_choices":[{"damage_healed":0.0,"max_hp_gain":5.0,"max_hp_loss":0.0,"gold_gain":0.0,"event_name":"Big Fish","player_choice":"Donut","floor":2.0,"gold_loss":0.0,"damage_taken":0.0},{"damage_healed":0.0,"max_hp_gain":0.0,"max_hp_loss":0.0,"gold_gain":0.0,"event_name":"Scrap Ooze","player_choice":"Success","floor":3.0,"gold_loss":0.0,"damage_taken":3.0,"relics_obtained":["The Courier"]},{"cards_removed":["Strike_B"],"damage_healed":0.0,"max_hp_gain":0.0,"max_hp_loss":0.0,"gold_gain":0.0,"event_name":"The Cleric","player_choice":"Card Removal","floor":4.0,"gold_loss":50.0,"damage_taken":0.0},{"damage_healed":0.0,"max_hp_gain":0.0,"max_hp_loss":0.0,"gold_gain":0.0,"event_name":"Golden Wing","player_choice":"Ignored","floor":5.0,"gold_loss":0.0,"damage_taken":0.0},{"damage_healed":0.0,"max_hp_gain":0.0,"max_hp_loss":0.0,"gold_gain":0.0,"event_name":"Lab","player_choice":"Got Potions","floor":8.0,"gold_loss":0.0,"damage_taken":0.0},{"damage_healed":0.0,"max_hp_gain":0.0,"max_hp_loss":0.0,"gold_gain":0.0,"event_name":"Beggar","player_choice":"Ignored","floor":19.0,"gold_loss":0.0,"damage_taken":0.0},{"damage_healed":0.0,"max_hp_gain":0.0,"max_hp_loss":0.0,"gold_gain":75.0,"event_name":"FaceTrader","player_choice":"Touch","floor":24.0,"gold_loss":0.0,"damage_taken":8.0},{"damage_healed":0.0,"max_hp_gain":0.0,"max_hp_loss":0.0,"gold_gain":0.0,"event_name":"Forgotten Altar","player_choice":"Smashed Altar","floor":28.0,"gold_loss":0.0,"damage_taken":0.0,"cards_obtained":["Decay"]},{"damage_healed":76,"gold_gain":0,"player_choice":"Heal","damage_taken":0,"max_hp_gain":0,"max_hp_loss":11,"event_name":"The Moai Head","floor":44,"gold_loss":0},{"damage_healed":0,"gold_gain":0,"player_choice":"1 cards matched","damage_taken":0,"max_hp_gain":0,"max_hp_loss":0,"event_name":"Match and Keep!","floor":46,"gold_loss":0,"cards_obtained":["Leap"]}],"is_beta":false,"boss_relics":[{"not_picked":["Empty Cage","Runic Pyramid"],"picked":"Cursed Key"},{"not_picked":["Black Star","Calling Bell"],"picked":"Nuclear Battery"}],"items_purged_floors":[22,27,37],"is_endless":false,"potions_floor_spawned":[1,11,12,14,16,20,30,31,33,36,38,42,48],"killed_by":"Awakened One","ascension_level":1}