{"gold_per_floor":[363,363,0,16,16,16,49,82,118,130,142,154,202,214,226,238],"floor_reached":16,"playtime":382,"items_purged":["Regret"],"score":186,"play_id":"0a7f9d90-0e80-425c-a265-e1e342a65ee5","local_time":"20190212230035","is_ascension_mode":true,"campfire_choices":[{"floor":6,"key":"REST"},{"floor":10,"key":"REST"},{"floor":15,"key":"REST"}],"neow_cost":"CURSE","seed_source_timestamp":21786876572000,"circlet_count":0,"master_deck":["AscendersBane","Strike_R","Strike_R","Strike_R","Strike_R","Defend_R","Defend_R","Defend_R","Defend_R","Bash","Armaments+1","Rampage","Inflame"],"relics":["Burning Blood","Golden Idol","Toxic Egg 2","MawBank","Omamori","Strawberry","Shuriken"],"potions_floor_usage":[16],"damage_taken":[{"damage":21,"enemies":"Jaw Worm","floor":1,"turns":5},{"damage":10,"enemies":"Small Slimes","floor":4,"turns":5},{"damage":32,"enemies":"Gremlin Nob","floor":7,"turns":4},{"damage":3,"enemies":"2 Louse","floor":8,"turns":4},{"damage":29,"enemies":"3 Sentries","floor":13,"turns":10},{"damage":52,"enemies":"Slime Boss","floor":16,"turns":8}],"seed_played":"1919560379042504147","potions_obtained":[{"floor":7,"key":"LiquidBronze"},{"floor":13,"key":"Weak Potion"}],"is_trial":false,"path_per_floor":["M","?","$","M","?","R","E","M","T","R","$","?","E","T","R","B"],"character_chosen":"IRONCLAD","items_purchased":["Toxic Egg 2","Armaments+1"],"campfire_rested":3,"item_purchase_floors":[3,3],"current_hp_per_floor":[53,27,27,23,23,45,19,22,22,44,44,44,28,28,52,0],"gold":238,"neow_bonus":"TWO_FIFTY_GOLD","is_prod":false,"is_daily":false,"chose_seed":false,"campfire_upgraded":0,"win_rate":0,"timestamp":1550005235,"path_taken":["M","?","$","M","?","R","E","M","T","R","$","?","E","?","R","BOSS"],"build_version":"2019-01-23","purchased_purges":1,"victory":false,"max_hp_per_floor":[75,75,75,75,75,75,75,75,75,75,75,75,82,82,82,82],"card_choices":[{"not_picked":["Power Through","Cleave","Bloodletting"],"picked":"SKIP","floor":1},{"not_picked":["Armaments+1","Perfected Strike"],"picked":"Rampage","floor":4},{"not_picked":["Second Wind+1","Blood for Blood"],"picked":"Inflame","floor":7},{"not_picked":["Clash","Heavy Blade","Combust"],"picked":"SKIP","floor":8},{"not_picked":["Cleave","Second Wind+1","Feel No Pain"],"picked":"SKIP","floor":13}],"player_experience":720260,"relics_obtained":[{"floor":7,"key":"MawBank"},{"floor":9,"key":"Omamori"},{"floor":13,"key":"Strawberry"},{"floor":14,"key":"Shuriken"}],"event_choices":[{"damage_healed":0,"gold_gain":0,"player_choice":"Take Damage","damage_taken":26,"relics_obtained":["Golden Idol"],"max_hp_gain":0,"max_hp_loss":0,"event_name":"Golden Idol","floor":2,"gold_loss":0},{"damage_healed":0,"gold_gain":0,"player_choice":"Ignored","damage_taken":0,"max_hp_gain":0,"max_hp_loss":0,"event_name":"Shining Light","floor":5,"gold_loss":0},{"cards_removed":["Strike_R"],"damage_healed":0,"gold_gain":0,"player_choice":"Forget","damage_taken":0,"max_hp_gain":0,"max_hp_loss":0,"event_name":"Living Wall","floor":12,"gold_loss":0}],"is_beta":false,"boss_relics":[],"items_purged_floors":[3],"is_endless":false,"potions_floor_spawned":[7,13],"killed_by":"Slime Boss","ascension_level":15}