{"gold_per_floor":[113,133,149,166,182,182,214,214,237,237,271,271,304,314,314,413,413,423,623,280,295,310,338,338,338],"floor_reached":25,"playtime":1302,"items_purged":["Strike_B"],"score":255,"play_id":"7b91ef40-c3be-4842-b0c3-4c7421c3e2f6","local_time":"20190207014423","is_ascension_mode":true,"campfire_choices":[{"floor":6,"key":"REST"},{"floor":8,"key":"REST"},{"data":"Dualcast","floor":10,"key":"SMITH"},{"floor":12,"key":"REST"},{"data":"Rainbow","floor":15,"key":"SMITH"},{"floor":24,"key":"REST"}],"neow_cost":"CURSE","seed_source_timestamp":135263256685313,"circlet_count":0,"master_deck":["Strike_B","Strike_B","Strike_B","Defend_B","Defend_B","Defend_B","Defend_B","Zap","Dualcast+1","Writhe","Rainbow+1","Redo","Gash","Beam Cell","Turbo","Go for the Eyes","Steam Power","Chill","Go for the Eyes","Sweeping Beam","Reboot","Beam Cell","Blizzard","Cold Snap","Turbo","Rebound","Sunder+1","Redo","Blizzard","Hologram","Compile Driver","Coolheaded"],"relics":["Cracked Core","Ice Cream","Blood Vial","DataDisk","Anchor","Orrery","Lantern","FossilizedHelix"],"potions_floor_usage":[21,22,23,23,25],"damage_taken":[{"damage":0,"enemies":"Cultist","floor":1,"turns":4},{"damage":8,"enemies":"Jaw Worm","floor":2,"turns":4},{"damage":2,"enemies":"Small Slimes","floor":3,"turns":2},{"damage":15,"enemies":"2 Fungi Beasts","floor":4,"turns":4},{"damage":14,"enemies":"Exordium Wildlife","floor":5,"turns":5},{"damage":12,"enemies":"Lagavulin","floor":7,"turns":6},{"damage":22,"enemies":"Gremlin Nob","floor":11,"turns":4},{"damage":8,"enemies":"3 Sentries","floor":13,"turns":7},{"damage":0,"enemies":"Gremlin Gang","floor":14,"turns":5},{"damage":32,"enemies":"The Guardian","floor":16,"turns":10},{"damage":0,"enemies":"Chosen","floor":18,"turns":3},{"damage":0,"enemies":"3 Byrds","floor":21,"turns":3},{"damage":12,"enemies":"Sentry and Sphere","floor":22,"turns":5},{"damage":38,"enemies":"Book of Stabbing","floor":23,"turns":7},{"damage":51,"enemies":"Gremlin Leader","floor":25,"turns":7}],"seed_played":"8843985028941354198","potions_obtained":[{"floor":11,"key":"Block Potion"},{"floor":13,"key":"Block Potion"},{"floor":14,"key":"Explosive Potion"},{"floor":16,"key":"Poison Potion"},{"floor":21,"key":"AttackPotion"},{"floor":23,"key":"Block Potion"}],"is_trial":false,"path_per_floor":["M","M","M","M","M","R","E","R","T","R","E","R","E","M","R","B",null,"M","?","$","M","M","E","R","E"],"character_chosen":"DEFECT","items_purchased":["Lantern","Redo","Blizzard"],"campfire_rested":4,"item_purchase_floors":[20,20,20],"current_hp_per_floor":[75,67,65,50,36,58,46,68,68,68,48,70,64,66,66,36,75,75,75,75,75,63,27,49,0],"gold":338,"neow_bonus":"THREE_RARE_CARDS","is_prod":false,"is_daily":false,"chose_seed":false,"campfire_upgraded":2,"win_rate":0,"timestamp":1549521863,"path_taken":["M","M","M","M","M","R","E","R","T","R","E","R","E","?","R","BOSS","M","?","?","M","?","E","R","E"],"build_version":"2019-01-23","purchased_purges":1,"victory":false,"max_hp_per_floor":[75,75,75,75,75,75,75,75,75,75,75,75,75,75,75,75,75,75,75,75,75,75,75,75,75],"card_choices":[{"not_picked":["Seek","Amplify"],"picked":"Rainbow","floor":0},{"not_picked":["Conserve Battery","Rip and Tear"],"picked":"Redo","floor":1},{"not_picked":["Ball Lightning","Barrage"],"picked":"Gash","floor":2},{"not_picked":["Blizzard","Doom and Gloom"],"picked":"Beam Cell","floor":3},{"not_picked":["Redo","Steam"],"picked":"Turbo","floor":4},{"not_picked":["Stack","Loop"],"picked":"Go for the Eyes","floor":5},{"not_picked":["Glacier","Reinforced Body"],"picked":"Steam Power","floor":7},{"not_picked":["Chaos","Streamline"],"picked":"Chill","floor":11},{"not_picked":["BootSequence","Compile Driver"],"picked":"Go for the Eyes","floor":13},{"not_picked":["Fusion","Genetic Algorithm"],"picked":"Sweeping Beam","floor":14},{"not_picked":["Core Surge","Hyperbeam"],"picked":"Reboot","floor":16},{"not_picked":["Go for the Eyes","Fusion"],"picked":"Beam Cell","floor":17},{"not_picked":["Undo","BootSequence"],"picked":"Blizzard","floor":17},{"not_picked":["Undo","Conserve Battery"],"picked":"Cold Snap","floor":17},{"not_picked":["Beam Cell","Go for the Eyes"],"picked":"Turbo","floor":17},{"not_picked":["Aggregate","Conserve Battery"],"picked":"Rebound","floor":17},{"not_picked":["Hologram+1","Stack+1"],"picked":"Sunder+1","floor":18},{"not_picked":["Self Repair+1","Genetic Algorithm"],"picked":"Hologram","floor":21},{"not_picked":["Stack","Leap"],"picked":"Compile Driver","floor":22},{"not_picked":["Hello World","Storm+1"],"picked":"Coolheaded","floor":23}],"player_experience":106552,"relics_obtained":[{"floor":7,"key":"Ice Cream"},{"floor":9,"key":"Blood Vial"},{"floor":11,"key":"DataDisk"},{"floor":13,"key":"Anchor"},{"floor":23,"key":"FossilizedHelix"}],"event_choices":[{"damage_healed":0,"gold_gain":200,"player_choice":"Gold","damage_taken":0,"max_hp_gain":0,"max_hp_loss":0,"event_name":"Wheel of Change","floor":19,"gold_loss":0}],"is_beta":false,"boss_relics":[{"not_picked":["Sozu","Cursed Key"],"picked":"Orrery"}],"items_purged_floors":[20],"is_endless":false,"potions_floor_spawned":[11,13,14,16,21,23],"killed_by":"Gremlin Leader","ascension_level":1}