{"gold_per_floor":[219,234,251,268,285,285,310,310,310,339,19,34,34,53,53,157,157,171,5,5,18,18,18,53,70,70,70,84,96,96,114,114,212,212,232,332,346,366,376,376,387,387,468,468,502,502,515,97,97,97],"floor_reached":50,"playtime":3223,"items_purged":["Strike_R","Strike_R"],"score":670,"play_id":"fe2c707b-1526-4f34-962b-1abbeacba4da","local_time":"20190111233501","is_ascension_mode":true,"campfire_choices":[{"data":"Bash","floor":6,"key":"SMITH"},{"data":"Disarm","floor":8,"key":"SMITH"},{"data":"Double Tap","floor":15,"key":"SMITH"},{"data":"Cleave","floor":23,"key":"SMITH"},{"data":"Heavy Blade","floor":32,"key":"SMITH"},{"data":"Pommel Strike","floor":40,"key":"SMITH"},{"data":"Armaments","floor":42,"key":"SMITH"},{"floor":44,"key":"REST"},{"floor":46,"key":"REST"},{"floor":49,"key":"REST"}],"neow_cost":"NONE","seed_source_timestamp":268170185631826,"circlet_count":0,"master_deck":["Strike_R","Strike_R","Strike_R","Defend_R","Defend_R","Defend_R","Defend_R","Bash+1","Pommel Strike+1","Shrug It Off","Disarm+1","Disarm","Double Tap+1","Dropkick","Reaper","Inflame+1","Armaments+1","Cleave+1","Spot Weakness","J.A.X.","Shrug It Off","Metallicize+1","Heavy Blade+1","Intimidate","Metallicize+1","Clothesline+1","Inflame+1","Metallicize+1","Twin Strike+1","Rage","Combust+1"],"relics":["Burning Blood","Bag of Marbles","Strawberry","Pen Nib","Frozen Egg 2","Velvet Choker","Pantograph","Mummified Hand","White Beast Statue","Pocketwatch","Darkstone Periapt","Dream Catcher","Kunai"],"potions_floor_usage":[4,7,16,16,24,25,30,30,38,39,39,45,45,50,50,50],"damage_taken":[{"damage":24,"enemies":"Small Slimes","floor":1,"turns":4},{"damage":1,"enemies":"Cultist","floor":2,"turns":3},{"damage":7,"enemies":"Jaw Worm","floor":3,"turns":4},{"damage":9,"enemies":"2 Fungi Beasts","floor":4,"turns":5},{"damage":20,"enemies":"Large Slime","floor":5,"turns":7},{"damage":12,"enemies":"Gremlin Nob","floor":7,"turns":4},{"damage":27,"enemies":"Lagavulin","floor":10,"turns":7},{"damage":13,"enemies":"Exordium Wildlife","floor":12,"turns":6},{"damage":12,"enemies":"3 Louse","floor":14,"turns":7},{"damage":0,"enemies":"Hexaghost","floor":16,"turns":11},{"damage":30,"enemies":"2 Thieves","floor":18,"turns":5},{"damage":12,"enemies":"Chosen","floor":21,"turns":2},{"damage":27,"enemies":"Book of Stabbing","floor":24,"turns":5},{"damage":39,"enemies":"3 Cultists","floor":25,"turns":5},{"damage":18,"enemies":"Snake Plant","floor":28,"turns":4},{"damage":32,"enemies":"Centurion and Healer","floor":29,"turns":7},{"damage":12,"enemies":"Colosseum Slavers","floor":30,"turns":4},{"damage":19,"enemies":"Snecko","floor":31,"turns":4},{"damage":72,"enemies":"Automaton","floor":33,"turns":9},{"damage":11,"enemies":"Orb Walker","floor":35,"turns":3},{"damage":3,"enemies":"Mind Bloom Boss Battle","floor":36,"turns":7},{"damage":33,"enemies":"3 Darklings","floor":37,"turns":5},{"damage":7,"enemies":"Sphere and 2 Shapes","floor":38,"turns":4},{"damage":28,"enemies":"Transient","floor":39,"turns":5},{"damage":35,"enemies":"Spire Growth","floor":41,"turns":5},{"damage":51,"enemies":"Reptomancer","floor":45,"turns":7},{"damage":15,"enemies":"4 Shapes","floor":47,"turns":4},{"damage":128,"enemies":"Awakened One","floor":50,"turns":12}],"seed_played":"-4618055092778940703","potions_obtained":[{"floor":2,"key":"Block Potion"},{"floor":3,"key":"SkillPotion"},{"floor":5,"key":"PowerPotion"},{"floor":14,"key":"PowerPotion"},{"floor":18,"key":"GamblersBrew"},{"floor":24,"key":"Block Potion"},{"floor":25,"key":"Dexterity Potion"},{"floor":29,"key":"BloodPotion"},{"floor":35,"key":"BloodPotion"},{"floor":36,"key":"Block Potion"},{"floor":37,"key":"GamblersBrew"},{"floor":38,"key":"Fruit Juice"},{"floor":39,"key":"LiquidBronze"},{"floor":41,"key":"SpeedPotion"},{"floor":45,"key":"Poison Potion"},{"floor":47,"key":"Block Potion"}],"is_trial":false,"path_per_floor":["M","M","M","M","M","R","E","R","T","E","$","M","?","M","R","B",null,"M","$","?","M","?","R","E","M","T","?","M","M","?","M","R","B",null,"M","?","M","M","M","R","M","R","T","R","E","R","M","$","R","B"],"character_chosen":"IRONCLAD","items_purchased":["Frozen Egg 2","Inflame+1","Armaments","Cleave","Kunai","EssenceOfSteel"],"campfire_rested":3,"item_purchase_floors":[11,19,19,19,48,48],"current_hp_per_floor":[62,67,66,63,49,49,43,43,50,29,29,22,27,21,21,27,87,71,71,71,70,70,70,73,54,54,54,42,30,38,25,25,40,87,82,87,73,78,61,61,42,42,42,69,33,60,60,60,87,0],"gold":97,"neow_bonus":"HUNDRED_GOLD","is_prod":false,"is_daily":false,"chose_seed":false,"campfire_upgraded":7,"win_rate":0,"timestamp":1547278501,"path_taken":["M","M","M","M","M","R","E","R","T","E","$","M","?","M","R","BOSS","M","$","?","M","?","R","E","M","T","?","M","M","?","?","R","BOSS","M","?","M","M","M","R","M","R","T","R","E","R","M","$","R","BOSS"],"build_version":"2019-01-10","purchased_purges":2,"victory":false,"max_hp_per_floor":[80,80,80,80,80,80,80,80,87,87,87,87,87,87,87,87,87,87,87,87,87,87,87,87,87,87,87,87,87,87,87,87,87,87,87,87,87,87,92,92,92,92,92,92,92,92,92,92,92,92],"card_choices":[{"not_picked":["Havoc","Perfected Strike"],"picked":"Pommel Strike","floor":1},{"not_picked":["Battle Trance","Wild Strike"],"picked":"Shrug It Off","floor":2},{"not_picked":["Clash","Burning Pact","Infernal Blade"],"picked":"SKIP","floor":3},{"not_picked":["Sword Boomerang","Rupture"],"picked":"Pommel Strike","floor":4},{"not_picked":["Wild Strike","Feed"],"picked":"Disarm","floor":5},{"not_picked":["Armaments","Rupture"],"picked":"Disarm","floor":7},{"not_picked":["Rage","Carnage"],"picked":"Double Tap","floor":10},{"not_picked":["Perfected Strike","True Grit","Shrug It Off"],"picked":"SKIP","floor":12},{"not_picked":["Perfected Strike","Seeing Red"],"picked":"Dropkick","floor":14},{"not_picked":["Bludgeon","Exhume"],"picked":"Reaper","floor":16},{"not_picked":["Dual Wield+1","Havoc","Seeing Red+1"],"picked":"SKIP","floor":18},{"not_picked":["Thunderclap","Heavy Blade+1"],"picked":"Spot Weakness","floor":21},{"not_picked":["Thunderclap+1","Evolve+1"],"picked":"Shrug It Off","floor":24},{"not_picked":["Cleave","Infernal Blade+1"],"picked":"Metallicize+1","floor":25},{"not_picked":["Pommel Strike","Thunderclap"],"picked":"Heavy Blade","floor":28},{"not_picked":["Shrug It Off","Wild Strike","Flex"],"picked":"SKIP","floor":29},{"not_picked":["Pummel","Entrench"],"picked":"Intimidate","floor":31},{"not_picked":["Thunderclap","Evolve+1","Pommel Strike+1"],"picked":"SKIP","floor":35},{"not_picked":["Twin Strike","Dual Wield"],"picked":"Metallicize+1","floor":36},{"not_picked":["Sever Soul","Feed","Sword Boomerang"],"picked":"SKIP","floor":37},{"not_picked":["Perfected Strike+1","Armaments+1"],"picked":"Clothesline+1","floor":38},{"not_picked":["Clash+1","Sword Boomerang"],"picked":"Inflame+1","floor":39},{"not_picked":["Intimidate","Cleave+1"],"picked":"Metallicize+1","floor":41},{"not_picked":["Sentinel","Anger"],"picked":"Twin Strike+1","floor":45},{"not_picked":["Power Through+1","Evolve+1"],"picked":"Rage","floor":47},{"not_picked":["Disarm+1","Iron Wave+1"],"picked":"Combust+1","floor":49}],"player_experience":144491,"relics_obtained":[{"floor":7,"key":"Bag of Marbles"},{"floor":9,"key":"Strawberry"},{"floor":10,"key":"Pen Nib"},{"floor":24,"key":"Pantograph"},{"floor":26,"key":"Mummified Hand"},{"floor":36,"key":"Pocketwatch"},{"floor":43,"key":"Darkstone Periapt"},{"floor":45,"key":"Dream Catcher"}],"event_choices":[{"cards_removed":["Pommel Strike"],"damage_healed":5,"gold_gain":0,"player_choice":"Offered Common","damage_taken":0,"max_hp_gain":0,"max_hp_loss":0,"event_name":"Bonfire Elementals","floor":13,"gold_loss":0},{"cards_removed":["Pommel Strike"],"damage_healed":5,"gold_gain":0,"player_choice":"Offered Special","damage_taken":0,"max_hp_gain":0,"max_hp_loss":0,"event_name":"Bonfire Elementals","floor":13,"gold_loss":0},{"damage_healed":0,"gold_gain":0,"player_choice":"Ignored","damage_taken":0,"max_hp_gain":0,"max_hp_loss":0,"event_name":"Ghosts","floor":20,"gold_loss":0},{"damage_healed":0,"gold_gain":0,"player_choice":"Obtain J.A.X.","damage_taken":0,"max_hp_gain":0,"max_hp_loss":0,"event_name":"Drug Dealer","floor":22,"gold_loss":0,"cards_obtained":["J.A.X."]},{"damage_healed":0,"gold_gain":0,"player_choice":"Fight","damage_taken":0,"max_hp_gain":0,"max_hp_loss":0,"event_name":"Colosseum","floor":30,"gold_loss":0},{"damage_healed":0,"gold_gain":0,"player_choice":"Fled From Nobs","damage_taken":0,"max_hp_gain":0,"max_hp_loss":0,"event_name":"Colosseum","floor":30,"gold_loss":0},{"damage_healed":0,"gold_gain":0,"player_choice":"Fight","damage_taken":0,"max_hp_gain":0,"max_hp_loss":0,"event_name":"MindBloom","floor":36,"gold_loss":0}],"is_beta":false,"boss_relics":[{"not_picked":["Runic Cube","Astrolabe"],"picked":"Velvet Choker"},{"not_picked":["Pandora\u0027s Box","Coffee Dripper"],"picked":"White Beast Statue"}],"items_purged_floors":[11,48],"is_endless":false,"potions_floor_spawned":[2,3,5,14,18,24,25,29,35,36,37,38,39,41,45,47],"killed_by":"Awakened One","ascension_level":3}