{"gold_per_floor":[19,19,19,35,58,58,97,109,190,237,249,301,336,363,375,517,529,554,9,27,27,27,65,88,88,88,88,127,143,143,177,177,177],"floor_reached":33,"playtime":2508,"items_purged":["Defend_R"],"score":582,"play_id":"dc6fe383-6957-4192-be12-eb5f16c32c36","local_time":"20181105170234","is_ascension_mode":true,"campfire_choices":[{"data":"Armaments","floor":6.0,"key":"SMITH"},{"floor":8,"key":"REST"},{"floor":11,"key":"REST"},{"floor":15,"key":"REST"},{"data":"Metallicize","floor":25,"key":"SMITH"},{"data":"Pommel Strike","floor":30,"key":"SMITH"},{"data":"Writhe","floor":32,"key":"PURGE"}],"neow_cost":"NO_GOLD","seed_source_timestamp":242392600154826,"circlet_count":0,"master_deck":["AscendersBane","Strike_R","Strike_R","Strike_R","Defend_R","Defend_R","Defend_R","Bash","Armaments+1","Ghostly Armor","Anger","Fiend Fire","Shrug It Off","Metallicize+1","True Grit","Reaper","Clothesline","Violence","Seeing Red+1","Whirlwind+1","Clothesline","Metallicize+1","Iron Wave","Pommel Strike+1","Uppercut"],"special_seed":0,"relics":["Burning Blood","Golden Idol","Lantern","MawBank","Sundial","Darkstone Periapt","Bag of Marbles","Velvet Choker","Membership Card","Mango","PreservedInsect","Matryoshka","Gremlin Horn","Bottled Tornado","Art of War","Blue Candle","Oddly Smooth Stone","Omamori","Peace Pipe"],"potions_floor_usage":[23,33,33],"damage_taken":[{"damage":8.0,"enemies":"2 Louse","floor":1.0,"turns":6.0},{"damage":2.0,"enemies":"Jaw Worm","floor":4.0,"turns":4.0},{"damage":1.0,"enemies":"Small Slimes","floor":5.0,"turns":5.0},{"damage":34.0,"enemies":"3 Sentries","floor":7.0,"turns":14.0},{"damage":7,"enemies":"Lagavulin","floor":10,"turns":7},{"damage":21,"enemies":"Gremlin Nob","floor":12,"turns":4},{"damage":16,"enemies":"Gremlin Gang","floor":13,"turns":6},{"damage":5,"enemies":"Lots of Slimes","floor":14,"turns":6},{"damage":55,"enemies":"Hexaghost","floor":16,"turns":15},{"damage":24,"enemies":"Spheric Guardian","floor":18,"turns":8},{"damage":0,"enemies":"Shell Parasite","floor":20,"turns":6},{"damage":14,"enemies":"Book of Stabbing","floor":23,"turns":6},{"damage":25,"enemies":"Sentry and Sphere","floor":24,"turns":7},{"damage":1,"enemies":"Gremlin Leader","floor":28,"turns":3},{"damage":0,"enemies":"Shelled Parasite and Fungi","floor":29,"turns":4},{"damage":5,"enemies":"Book of Stabbing","floor":31,"turns":5},{"damage":104,"enemies":"Collector","floor":33,"turns":15}],"seed_played":"-606995406245434555","potions_obtained":[{"floor":4.0,"key":"Strength Potion"},{"floor":7,"key":"Poison Potion"},{"floor":16,"key":"Block Potion"},{"floor":28,"key":"Block Potion"}],"is_trial":false,"path_per_floor":["M","?","?","M","M","R","E","E","R","T","E","R","E","M","M","R","B",null,"M","$","M","?","T","E","M","R","T","?","E","M","R","E","R","B"],"character_chosen":"IRONCLAD","items_purchased":["Membership Card","Mango","PreservedInsect","Violence"],"campfire_rested":3,"item_purchase_floors":[19,19,19,19],"current_hp_per_floor":[70,50,32,36,41,41,13,37,37,36,60,45,35,36,60,11,63,45,59,65,71,71,69,54,54,54,54,73,79,79,80,80,0],"gold":177,"neow_bonus":"REMOVE_TWO","is_prod":false,"is_daily":false,"chose_seed":false,"campfire_upgraded":3,"win_rate":0,"timestamp":1541455354,"path_taken":["M","?","?","M","M","R","E","R","T","E","R","E","M","M","R","BOSS","M","$","M","?","?","E","M","R","T","?","E","M","R","E","R","BOSS"],"build_version":"2018-11-01","purchased_purges":1,"victory":false,"max_hp_per_floor":[80,80,80,80,80,80,80,80,80,80,80,80,80,80,80,80,80,80,94,94,100,100,100,100,100,100,100,100,100,100,100,100,100],"card_choices":[{"not_picked":["Shrug It Off","Warcry"],"picked":"Armaments","floor":1.0},{"not_picked":["Twin Strike","Warcry"],"picked":"Ghostly Armor","floor":4.0},{"not_picked":["Thunderclap","Warcry"],"picked":"Anger","floor":5.0},{"not_picked":["Headbutt","Iron Wave"],"picked":"Fiend Fire","floor":7},{"not_picked":["Bloodletting","Dark Embrace"],"picked":"Shrug It Off","floor":10},{"not_picked":["Sword Boomerang","Pommel Strike"],"picked":"Metallicize","floor":12},{"not_picked":["Flex","Clash","Heavy Blade"],"picked":"SKIP","floor":13},{"not_picked":["Exhume","Evolve"],"picked":"True Grit","floor":14},{"not_picked":["Bludgeon","Limit Break"],"picked":"Reaper","floor":16},{"not_picked":["Intimidate","Heavy Blade"],"picked":"Clothesline","floor":18},{"not_picked":["Feel No Pain","Sword Boomerang"],"picked":"Seeing Red+1","floor":20},{"not_picked":["Wild Strike","Heavy Blade"],"picked":"Whirlwind+1","floor":23},{"not_picked":["Fire Breathing","Rage"],"picked":"Clothesline","floor":24},{"not_picked":["Clothesline","Thunderclap"],"picked":"Iron Wave","floor":28},{"not_picked":["True Grit","Cleave"],"picked":"Pommel Strike","floor":29},{"not_picked":["Headbutt","Hemokinesis"],"picked":"Uppercut","floor":31}],"player_experience":697744,"relics_obtained":[{"floor":7,"key":"MawBank"},{"floor":9,"key":"Sundial"},{"floor":10,"key":"Darkstone Periapt"},{"floor":12,"key":"Bag of Marbles"},{"floor":22,"key":"Gremlin Horn"},{"floor":22,"key":"Bottled Tornado"},{"floor":23,"key":"Art of War"},{"floor":26,"key":"Blue Candle"},{"floor":26,"key":"Oddly Smooth Stone"},{"floor":28,"key":"Omamori"},{"floor":31,"key":"Peace Pipe"}],"event_choices":[{"damage_healed":0.0,"max_hp_gain":0.0,"max_hp_loss":0.0,"gold_gain":0.0,"event_name":"Golden Idol","player_choice":"Take Damage","floor":2.0,"gold_loss":0.0,"damage_taken":20.0,"relics_obtained":["Golden Idol"]},{"damage_healed":0.0,"max_hp_gain":0.0,"max_hp_loss":0.0,"gold_gain":0.0,"event_name":"Scrap Ooze","player_choice":"Success","floor":3.0,"gold_loss":0.0,"damage_taken":18.0,"relics_obtained":["Lantern"]},{"damage_healed":0,"gold_gain":0,"player_choice":"Opened","damage_taken":0,"relics_obtained":["Matryoshka"],"max_hp_gain":0,"max_hp_loss":0,"event_name":"The Mausoleum","floor":21,"gold_loss":0,"cards_obtained":["Writhe"]},{"damage_healed":0,"gold_gain":0,"player_choice":"Copied","damage_taken":0,"max_hp_gain":0,"max_hp_loss":0,"event_name":"Duplicator","floor":27,"gold_loss":0,"cards_obtained":["Metallicize"]}],"is_beta":false,"boss_relics":[{"not_picked":["Eternal Feather","Runic Dome"],"picked":"Velvet Choker"}],"items_purged_floors":[19],"is_endless":false,"potions_floor_spawned":[4,7,10,12,16,18,28,29],"killed_by":"Collector","ascension_level":12}