{"gold_per_floor":[112,112,112,127,140,479,479,520,520,558,558],"floor_reached":11,"playtime":420,"items_purged":[],"score":96,"play_id":"15cf083d-e181-4f79-9ae2-f9456f6f8ac8","local_time":"20190120211937","is_ascension_mode":true,"campfire_choices":[{"data":"Zap","floor":7,"key":"SMITH"}],"neow_cost":"NONE","seed_source_timestamp":267519533306180,"circlet_count":0,"master_deck":["Strike_B","Strike_B","Strike_B","Defend_B","Defend_B","Defend_B","Defend_B","Zap+1","Dualcast","Melter","Conserve Battery","Streamline","Ball Lightning","Electrodynamics"],"relics":["Cracked Core","Golden Idol","Old Coin","Bottled Flame","Smiling Mask"],"potions_floor_usage":[6,8,10,10],"damage_taken":[{"damage":6,"enemies":"Jaw Worm","floor":1,"turns":3},{"damage":3,"enemies":"Small Slimes","floor":4,"turns":2},{"damage":1,"enemies":"Cultist","floor":5,"turns":3},{"damage":18,"enemies":"3 Sentries","floor":6,"turns":7},{"damage":11,"enemies":"Gremlin Nob","floor":8,"turns":4},{"damage":14,"enemies":"Lagavulin","floor":10,"turns":5},{"damage":9,"enemies":"2 Fungi Beasts","floor":11,"turns":1}],"seed_played":"5228370869350798472","potions_obtained":[{"floor":0,"key":"Poison Potion"},{"floor":0,"key":"Explosive Potion"},{"floor":0,"key":"LiquidBronze"},{"floor":4,"key":"Ancient Potion"},{"floor":6,"key":"SkillPotion"}],"is_trial":false,"path_per_floor":["M","?","?","M","M","E","R","E","T","E","M"],"character_chosen":"DEFECT","items_purchased":[],"campfire_rested":0,"item_purchase_floors":[],"current_hp_per_floor":[69,51,51,48,47,29,29,18,18,4,0],"gold":558,"neow_bonus":"THREE_SMALL_POTIONS","is_prod":false,"is_daily":false,"chose_seed":false,"campfire_upgraded":1,"win_rate":0,"timestamp":1548047977,"path_taken":["M","?","?","M","M","E","R","E","T","E","?"],"build_version":"2019-01-17v2","purchased_purges":0,"victory":false,"max_hp_per_floor":[75,75,75,75,75,75,75,75,75,75,75],"card_choices":[{"not_picked":["Self Repair","Double Energy"],"picked":"Melter","floor":1},{"not_picked":["Self Repair","Hologram"],"picked":"Conserve Battery","floor":4},{"not_picked":["Redo","Hologram","Coolheaded"],"picked":"SKIP","floor":5},{"not_picked":["Undo","Stack"],"picked":"Streamline","floor":6},{"not_picked":["Multi-Cast","FTL"],"picked":"Ball Lightning","floor":8},{"not_picked":["Cold Snap","Steam"],"picked":"Electrodynamics","floor":10}],"player_experience":235679,"relics_obtained":[{"floor":6,"key":"Old Coin"},{"floor":8,"key":"Bottled Flame"},{"floor":10,"key":"Smiling Mask"}],"event_choices":[{"damage_healed":0,"gold_gain":0,"player_choice":"Take Damage","damage_taken":18,"relics_obtained":["Golden Idol"],"max_hp_gain":0,"max_hp_loss":0,"event_name":"Golden Idol","floor":2,"gold_loss":0},{"cards_removed":["Strike_B"],"damage_healed":0,"gold_gain":0,"player_choice":"Card Removal","damage_taken":0,"max_hp_gain":0,"max_hp_loss":0,"event_name":"Wheel of Change","floor":3,"gold_loss":0}],"is_beta":false,"boss_relics":[],"items_purged_floors":[],"is_endless":false,"potions_floor_spawned":[4,5,6],"killed_by":"2 Fungi Beasts","ascension_level":1}