{"gold_per_floor":[115,129,129,147,15,44,56,95,107,119,56,68,80,108,120,206,218,241,273,285],"floor_reached":20,"playtime":1078,"items_purged":["Defend_B"],"score":364,"play_id":"667e1ea6-6a51-4cf0-b10d-86f207f79824","local_time":"20190202220720","is_ascension_mode":true,"campfire_choices":[{"floor":7,"key":"REST"},{"data":"Defragment","floor":13,"key":"SMITH"},{"data":"Strike_B","floor":15,"key":"PURGE"}],"neow_cost":"NONE","seed_source_timestamp":1382443721458600,"circlet_count":0,"master_deck":["AscendersBane","Strike_B","Strike_B","Defend_B","Defend_B","Defend_B","Zap","Dualcast","FTL","Defragment+1","Undo","Ball Lightning","Ball Lightning","Biased Cognition","Coolheaded"],"relics":["Cracked Core","MawBank","Peace Pipe","Matryoshka","Inserter"],"potions_floor_usage":[6,6,19,20],"damage_taken":[{"damage":2,"enemies":"Jaw Worm","floor":1,"turns":4},{"damage":0,"enemies":"2 Louse","floor":2,"turns":2},{"damage":7,"enemies":"Small Slimes","floor":4,"turns":3},{"damage":31,"enemies":"Gremlin Nob","floor":6,"turns":4},{"damage":29,"enemies":"3 Sentries","floor":8,"turns":7},{"damage":0,"enemies":"Blue Slaver","floor":14,"turns":3},{"damage":20,"enemies":"Slime Boss","floor":16,"turns":7},{"damage":30,"enemies":"2 Thieves","floor":18,"turns":4},{"damage":12,"enemies":"Shell Parasite","floor":19,"turns":5},{"damage":28,"enemies":"Masked Bandits","floor":20,"turns":2}],"seed_played":"3074230857012780505","potions_obtained":[{"floor":2,"key":"SkillPotion"},{"floor":4,"key":"SteroidPotion"},{"floor":14,"key":"Dexterity Potion"},{"floor":19,"key":"Strength Potion"}],"is_trial":false,"path_per_floor":["M","M","?","M","$","E","R","E","T","?","?","$","R","M","R","B",null,"M","M","?"],"character_chosen":"DEFECT","items_purchased":["Ball Lightning"],"campfire_rested":1,"item_purchase_floors":[5],"current_hp_per_floor":[69,69,62,55,55,24,47,18,18,37,37,37,37,37,37,17,61,31,19,0],"gold":285,"neow_bonus":"TEN_PERCENT_HP_BONUS","is_prod":false,"is_daily":false,"chose_seed":false,"campfire_upgraded":1,"win_rate":0,"timestamp":1549174040,"path_taken":["M","M","?","M","$","E","R","E","T","?","?","?","R","?","R","BOSS","M","M","?"],"build_version":"2019-01-23","purchased_purges":1,"victory":false,"max_hp_per_floor":[78,78,78,78,78,78,78,78,78,78,75,75,75,75,75,75,75,75,75,75],"card_choices":[{"not_picked":["Gash","BootSequence"],"picked":"FTL","floor":1},{"not_picked":["Streamline","Leap"],"picked":"Defragment","floor":2},{"not_picked":["Steam Power","Aggregate"],"picked":"Undo","floor":4},{"not_picked":["Consume","Beam Cell","Chaos"],"picked":"SKIP","floor":6},{"not_picked":["Chaos","Rebound","Streamline"],"picked":"SKIP","floor":8},{"not_picked":["Cold Snap","Go for the Eyes"],"picked":"Ball Lightning","floor":14},{"not_picked":["Amplify","Creative AI"],"picked":"Biased Cognition","floor":16},{"not_picked":["Redo","Leap"],"picked":"Coolheaded","floor":18},{"not_picked":["Beam Cell","Turbo","Hologram"],"picked":"SKIP","floor":19}],"player_experience":811563,"relics_obtained":[{"floor":6,"key":"MawBank"},{"floor":8,"key":"Peace Pipe"},{"floor":9,"key":"Matryoshka"}],"event_choices":[{"cards_removed":["Strike_B"],"damage_healed":0,"gold_gain":0,"player_choice":"Card Removal","damage_taken":7,"max_hp_gain":0,"max_hp_loss":0,"event_name":"Golden Wing","floor":3,"gold_loss":0},{"damage_healed":19,"gold_gain":0,"player_choice":"Healed and dodged fight","damage_taken":0,"max_hp_gain":0,"max_hp_loss":0,"event_name":"Mushrooms","floor":10,"gold_loss":0,"cards_obtained":["Parasite"]},{"cards_removed":["Parasite"],"damage_healed":0,"gold_gain":0,"player_choice":"Card Removal","damage_taken":0,"max_hp_gain":0,"max_hp_loss":0,"event_name":"The Cleric","floor":11,"gold_loss":75},{"damage_healed":0,"gold_gain":0,"player_choice":"Fought Bandits","damage_taken":0,"max_hp_gain":0,"max_hp_loss":0,"event_name":"Masked Bandits","floor":20,"gold_loss":0}],"is_beta":false,"boss_relics":[{"not_picked":["Empty Cage","Calling Bell"],"picked":"Inserter"}],"items_purged_floors":[5],"is_endless":false,"potions_floor_spawned":[2,4,14,19],"killed_by":"Masked Bandits","ascension_level":20}