{"gold_per_floor":[116,127,137,152,227,241,241,267,315,315,333,333,333,345,345,450,450,467,492,223,233,233,233,246,246,246,72,82,82,94,110,110,214,214,225,240,45,45,45],"floor_reached":39,"playtime":2638,"items_purged":["Defend_R","Writhe","Defend_R"],"score":385,"play_id":"e0a6acf8-afd0-438f-b37f-5069240c3246","local_time":"20181228164910","is_ascension_mode":false,"campfire_choices":[{"data":"Seeing Red","floor":7,"key":"SMITH"},{"floor":10,"key":"REST"},{"data":"Bash","floor":12,"key":"SMITH"},{"data":"Berserk","floor":15,"key":"SMITH"},{"floor":23,"key":"REST"},{"floor":25,"key":"REST"},{"floor":29,"key":"REST"},{"floor":32,"key":"REST"}],"neow_cost":"NONE","seed_source_timestamp":683016963877805,"circlet_count":0,"master_deck":["Strike_R","Strike_R","Strike_R","Strike_R","Strike_R","Defend_R","Bash+1","Limit Break","Warcry","Heavy Blade","Rampage","Seeing Red+1","Clothesline","Dropkick","Iron Wave","Rupture","Twin Strike+1","Double Tap","Cleave","Combust","Immolate","Twin Strike+1","Perfected Strike+1","Fiend Fire","Entrench+1","Pommel Strike+1","Rage"],"relics":["Burning Blood","Bag of Marbles","Oddly Smooth Stone","Fusion Hammer","Red Mask","Kunai","Regal Pillow","Empty Cage","PreservedInsect"],"potions_floor_usage":[6,13,16,16,19,19,28,30,31,33,39],"damage_taken":[{"damage":17,"enemies":"Jaw Worm","floor":1,"turns":5},{"damage":0,"enemies":"Small Slimes","floor":2,"turns":3},{"damage":5,"enemies":"Cultist","floor":3,"turns":4},{"damage":4,"enemies":"Exordium Wildlife","floor":4,"turns":4},{"damage":16,"enemies":"Large Slime","floor":6,"turns":5},{"damage":34,"enemies":"Lagavulin","floor":8,"turns":8},{"damage":13,"enemies":"Red Slaver","floor":11,"turns":2},{"damage":0,"enemies":"Looter","floor":14,"turns":2},{"damage":42,"enemies":"Hexaghost","floor":16,"turns":10},{"damage":25,"enemies":"3 Byrds","floor":18,"turns":7},{"damage":56,"enemies":"Masked Bandits","floor":19,"turns":6},{"damage":22,"enemies":"2 Thieves","floor":21,"turns":4},{"damage":11,"enemies":"Snake Plant","floor":24,"turns":4},{"damage":12,"enemies":"Chosen and Byrds","floor":28,"turns":5},{"damage":9,"enemies":"Cultist and Chosen","floor":30,"turns":4},{"damage":28,"enemies":"Centurion and Healer","floor":31,"turns":4},{"damage":19,"enemies":"Champ","floor":33,"turns":9},{"damage":16,"enemies":"3 Shapes","floor":35,"turns":4},{"damage":15,"enemies":"Orb Walker","floor":36,"turns":4},{"damage":72,"enemies":"Maw","floor":39,"turns":7}],"seed_played":"7584808015263180267","potions_obtained":[{"floor":1,"key":"Weak Potion"},{"floor":2,"key":"SteroidPotion"},{"floor":8,"key":"Weak Potion"},{"floor":13,"key":"Fruit Juice"},{"floor":13,"key":"Regen Potion"},{"floor":13,"key":"Block Potion"},{"floor":16,"key":"Regen Potion"},{"floor":19,"key":"Swift Potion"},{"floor":21,"key":"AttackPotion"},{"floor":28,"key":"LiquidBronze"},{"floor":30,"key":"AttackPotion"}],"is_trial":false,"path_per_floor":["M","M","M","M","?","M","R","E","T","R","M","R","?","M","R","B",null,"M","?","$","M","?","R","M","R","T","$","M","R","M","M","R","B",null,"M","M","$","?","M"],"character_chosen":"IRONCLAD","items_purchased":["Double Tap","Strength Potion","Immolate","Rage"],"campfire_rested":5,"item_purchase_floors":[20,20,27,37],"current_hp_per_floor":[69,75,76,78,67,57,57,29,29,53,46,46,51,57,57,36,85,66,25,25,9,9,34,29,54,54,54,48,85,82,60,85,72,85,75,66,66,66,0],"gold":45,"neow_bonus":"ONE_RANDOM_RARE_CARD","is_prod":false,"is_daily":false,"chose_seed":false,"campfire_upgraded":3,"win_rate":0.0,"timestamp":1546044550,"path_taken":["M","M","M","M","?","M","R","E","T","R","M","R","?","M","R","BOSS","M","?","$","M","?","R","M","R","T","$","M","R","M","M","R","BOSS","M","M","$","?","M"],"build_version":"2018-12-20","purchased_purges":3,"victory":false,"max_hp_per_floor":[80,80,80,80,80,80,80,80,80,80,80,80,85,85,85,85,85,85,85,85,85,85,85,85,85,85,85,85,85,85,85,85,85,85,85,85,85,85,85],"card_choices":[{"not_picked":["Pummel","Corruption"],"picked":"Warcry","floor":1},{"not_picked":["Hemokinesis","Fire Breathing"],"picked":"Heavy Blade","floor":2},{"not_picked":["Body Slam","Perfected Strike"],"picked":"Rampage","floor":3},{"not_picked":["Warcry","Wild Strike"],"picked":"Seeing Red","floor":4},{"not_picked":["Infernal Blade","Wild Strike"],"picked":"Clothesline","floor":6},{"not_picked":["Clash","Heavy Blade"],"picked":"Dropkick","floor":8},{"not_picked":["Twin Strike","Wild Strike"],"picked":"Iron Wave","floor":11},{"not_picked":["Shrug It Off","Metallicize"],"picked":"Berserk","floor":14},{"not_picked":["Warcry","Wild Strike"],"picked":"Rupture","floor":18},{"not_picked":["Cleave","Anger"],"picked":"Twin Strike+1","floor":19},{"not_picked":["Body Slam","Shrug It Off"],"picked":"Cleave","floor":21},{"not_picked":["Body Slam","Armaments"],"picked":"Combust","floor":24},{"not_picked":["Carnage","Warcry"],"picked":"Twin Strike+1","floor":28},{"not_picked":["Body Slam+1","Reckless Charge"],"picked":"Perfected Strike+1","floor":30},{"not_picked":["Seeing Red","Flame Barrier","Body Slam"],"picked":"SKIP","floor":31},{"not_picked":["Feed","Immolate"],"picked":"Fiend Fire","floor":33},{"not_picked":["Perfected Strike","Clash"],"picked":"Entrench+1","floor":35},{"not_picked":["Anger+1","Heavy Blade"],"picked":"Pommel Strike+1","floor":36}],"player_experience":27028,"relics_obtained":[{"floor":8,"key":"Bag of Marbles"},{"floor":9,"key":"Oddly Smooth Stone"},{"floor":19,"key":"Red Mask"},{"floor":26,"key":"Regal Pillow"},{"floor":38,"key":"PreservedInsect"}],"event_choices":[{"damage_healed":0,"gold_gain":75,"player_choice":"Gather Gold","damage_taken":11,"max_hp_gain":0,"max_hp_loss":0,"event_name":"World of Goop","floor":5,"gold_loss":0},{"damage_healed":0,"gold_gain":0,"player_choice":"Got Potions","damage_taken":0,"max_hp_gain":0,"max_hp_loss":0,"event_name":"Lab","floor":13,"gold_loss":0},{"damage_healed":0,"gold_gain":0,"player_choice":"Fought Bandits","damage_taken":0,"max_hp_gain":0,"max_hp_loss":0,"event_name":"Masked Bandits","floor":19,"gold_loss":0},{"damage_healed":0,"gold_gain":0,"player_choice":"Opened","damage_taken":0,"relics_obtained":["Kunai"],"max_hp_gain":0,"max_hp_loss":0,"event_name":"The Mausoleum","floor":22,"gold_loss":0,"cards_obtained":["Writhe"]},{"damage_healed":0,"gold_gain":0,"player_choice":"Relic","damage_taken":0,"max_hp_gain":0,"max_hp_loss":0,"event_name":"Wheel of Change","floor":38,"gold_loss":0}],"is_beta":false,"boss_relics":[{"not_picked":["Busted Crown","Black Blood"],"picked":"Fusion Hammer"},{"not_picked":["Cursed Key","Tiny House"],"picked":"Empty Cage"}],"items_purged_floors":[20,27,37],"is_endless":false,"potions_floor_spawned":[1,2,8,14,16,19,21,28,30],"killed_by":"Maw","ascension_level":0}