{"gold_per_floor":[109,74,90,90,90,122,122,150,176,196,196,216,227,227,227,306,306,318,337,337,33,50,50,82,82,82,82,95,3,15,15,15,86,86,101,101,201,201,218,218,40,66,66,66,66,0,12,28,28,28],"floor_reached":50,"playtime":5122,"items_purged":["Strike_G"],"score":984,"play_id":"427b5d7e-6fdc-4691-af17-4d3a65dc83aa","local_time":"20190111002238","is_ascension_mode":true,"campfire_choices":[{"floor":7.0,"key":"REST"},{"floor":11.0,"key":"REST"},{"floor":15.0,"key":"REST"},{"data":"Bullet Time","floor":23.0,"key":"SMITH"},{"data":"Apotheosis","floor":25.0,"key":"SMITH"},{"data":"Bandage Up","floor":32.0,"key":"SMITH"},{"data":"1","floor":40.0,"key":"LIFT"},{"data":"2","floor":44.0,"key":"LIFT"},{"data":"3","floor":49.0,"key":"LIFT"}],"neow_cost":"NONE","seed_source_timestamp":1159635211868,"circlet_count":0,"master_deck":["AscendersBane","Defend_G+1","Defend_G+1","Defend_G+1","Defend_G+1","Defend_G+1","Strike_G+1","Strike_G+1","Strike_G+1","Survivor","Neutralize","Acrobatics","Well Laid Plans","Acrobatics+1","Sucker Punch+1","Blade Dance","Cloak And Dagger","Bouncing Flask","Infinite Blades","Bullet Time+1","Corpse Explosion","PiercingWail","Leg Sweep","Apotheosis+1","Noxious Fumes","Escape Plan","Cloak And Dagger","Bandage Up+1","Backflip","Tools of the Trade","Madness","Madness","Dark Shackles","Master of Strategy","Backstab+1","Tactician+1"],"special_seed":0,"relics":["Ring of the Snake","NeowsBlessing","Bag of Preparation","Pen Nib","Juzu Bracelet","Coffee Dripper","Whetstone","Unceasing Top","Busted Crown","Girya","Toxic Egg 2","Bottled Tornado","Red Mask"],"potions_floor_usage":[50],"damage_taken":[{"damage":0.0,"enemies":"Cultist","floor":1.0,"turns":1.0},{"damage":0.0,"enemies":"2 Louse","floor":3.0,"turns":1.0},{"damage":0.0,"enemies":"3 Sentries","floor":6.0,"turns":2.0},{"damage":50.0,"enemies":"Lagavulin","floor":8.0,"turns":9.0},{"damage":1.0,"enemies":"Small Slimes","floor":10.0,"turns":4.0},{"damage":15.0,"enemies":"Exordium Thugs","floor":12.0,"turns":6.0},{"damage":1.0,"enemies":"Red Slaver","floor":13.0,"turns":4.0},{"damage":17.0,"enemies":"Hexaghost","floor":16.0,"turns":12.0},{"damage":13.0,"enemies":"Shell Parasite","floor":18.0,"turns":5.0},{"damage":8.0,"enemies":"Spheric Guardian","floor":19.0,"turns":4.0},{"damage":3.0,"enemies":"3 Cultists","floor":22.0,"turns":5.0},{"damage":0.0,"enemies":"Book of Stabbing","floor":24.0,"turns":6.0},{"damage":0.0,"enemies":"Centurion and Healer","floor":28.0,"turns":3.0},{"damage":4.0,"enemies":"Snake Plant","floor":30.0,"turns":4.0},{"damage":10.0,"enemies":"Collector","floor":33.0,"turns":9.0},{"damage":1.0,"enemies":"3 Darklings","floor":35.0,"turns":5.0},{"damage":0.0,"enemies":"Mind Bloom Boss Battle","floor":37.0,"turns":6.0},{"damage":0.0,"enemies":"3 Shapes","floor":39.0,"turns":3.0},{"damage":32.0,"enemies":"Reptomancer","floor":42.0,"turns":6.0},{"damage":0.0,"enemies":"Jaw Worm Horde","floor":47.0,"turns":2.0},{"damage":3.0,"enemies":"Transient","floor":48.0,"turns":5.0},{"damage":54,"enemies":"Time Eater","floor":50,"turns":9}],"seed_played":"5048128395210673212","potions_obtained":[{"floor":3.0,"key":"GamblersBrew"},{"floor":8.0,"key":"GhostInAJar"},{"floor":10.0,"key":"AttackPotion"},{"floor":13.0,"key":"Weak Potion"},{"floor":16.0,"key":"SteroidPotion"},{"floor":22.0,"key":"Regen Potion"},{"floor":24.0,"key":"GhostInAJar"},{"floor":30.0,"key":"FearPotion"},{"floor":35.0,"key":"AttackPotion"},{"floor":47.0,"key":"Explosive Potion"}],"is_trial":false,"path_per_floor":["M","$","M","?","?","E","R","E","T","M","R","M","M","?","R","B",null,"M","M","?","$","M","R","E","R","T","$","M","$","M","?","R","B",null,"M","?","?","?","M","R","$","E","T","R","?","?","M","M","R","B"],"character_chosen":"THE_SILENT","items_purchased":["Well Laid Plans","Apotheosis","Noxious Fumes","Bandage Up","Master of Strategy"],"campfire_rested":3,"item_purchase_floors":[2,21,21,29,41],"current_hp_per_floor":[59,59,59,39,39,39,58,8,8,7,26,11,10,10,29,12,53,40,32,45,45,42,42,42,42,42,42,51,51,53,53,53,49,62,66,54,60,60,66,66,66,34,34,34,34,34,34,37,37,0],"gold":28,"neow_bonus":"THREE_ENEMY_KILL","is_prod":false,"is_daily":false,"chose_seed":false,"campfire_upgraded":3,"win_rate":0,"timestamp":1547184158,"path_taken":["M","$","?","?","?","E","R","E","T","M","R","M","M","?","R","BOSS","M","M","?","$","M","R","E","R","T","$","M","$","M","?","R","BOSS","M","?","?","?","M","R","?","E","T","R","?","?","M","M","R","BOSS"],"build_version":"2019-01-10","purchased_purges":1,"victory":false,"max_hp_per_floor":[66,66,66,66,66,66,66,66,66,66,66,66,66,66,66,66,66,66,66,66,66,66,66,66,66,66,66,66,66,66,66,66,66,66,66,66,66,66,66,66,66,66,66,66,66,66,66,66,66,66],"card_choices":[{"not_picked":["Finisher","Flying Knee"],"picked":"Acrobatics","floor":1.0},{"not_picked":["Outmaneuver","Expertise"],"picked":"Acrobatics","floor":3.0},{"not_picked":["Slice","Backstab"],"picked":"Sucker Punch","floor":6.0},{"not_picked":["Bane","Expertise"],"picked":"Blade Dance","floor":8.0},{"not_picked":["Infinite Blades","Choke"],"picked":"Cloak And Dagger","floor":10.0},{"not_picked":["Dagger Throw","Dodge and Roll"],"picked":"Bouncing Flask","floor":12.0},{"not_picked":["Prepared","Dagger Spray"],"picked":"Infinite Blades","floor":13.0},{"not_picked":["Glass Knife","Wraith Form v2"],"picked":"Corpse Explosion","floor":16.0},{"not_picked":["Dagger Spray","Poisoned Stab"],"picked":"PiercingWail","floor":18.0},{"not_picked":["Riddle With Holes","Catalyst"],"picked":"Leg Sweep","floor":19.0},{"not_picked":["Bane","Acrobatics"],"picked":"Escape Plan","floor":22.0},{"not_picked":["Tactician","Outmaneuver"],"picked":"Cloak And Dagger","floor":24.0},{"not_picked":["Underhanded Strike","Tactician","Slice+1"],"picked":"SKIP","floor":28.0},{"not_picked":["Distraction","Bane"],"picked":"Backflip","floor":30.0},{"not_picked":["Unload","Phantasmal Killer"],"picked":"Tools of the Trade","floor":33.0},{"not_picked":["Quick Slash"],"picked":"SKIP","floor":35.0},{"not_picked":[],"picked":"Dark Shackles","floor":38.0},{"not_picked":["Sucker Punch"],"picked":"SKIP","floor":39.0},{"not_picked":["Blade Dance"],"picked":"SKIP","floor":42.0},{"not_picked":[],"picked":"Backstab+1","floor":47.0},{"not_picked":[],"picked":"Tactician+1","floor":48.0}],"player_experience":844716,"relics_obtained":[{"floor":6.0,"key":"Bag of Preparation"},{"floor":8.0,"key":"Pen Nib"},{"floor":9.0,"key":"Juzu Bracelet"},{"floor":24.0,"key":"Whetstone"},{"floor":26.0,"key":"Unceasing Top"},{"floor":37.0,"key":"Girya"},{"floor":42.0,"key":"Toxic Egg 2"},{"floor":43.0,"key":"Bottled Tornado"}],"event_choices":[{"damage_healed":0.0,"max_hp_gain":0.0,"max_hp_loss":0.0,"gold_gain":0.0,"event_name":"Shining Light","player_choice":"Entered Light","floor":4.0,"gold_loss":0.0,"damage_taken":20.0,"cards_upgraded":["Acrobatics","Strike_G"]},{"damage_healed":0.0,"max_hp_gain":0.0,"max_hp_loss":0.0,"gold_gain":0.0,"event_name":"Liars Game","player_choice":"Ignored","floor":5.0,"gold_loss":0.0,"damage_taken":0.0},{"damage_healed":0.0,"max_hp_gain":0.0,"max_hp_loss":0.0,"gold_gain":0.0,"event_name":"Match and Keep!","player_choice":"1 cards matched","floor":14.0,"gold_loss":0.0,"damage_taken":0.0,"cards_obtained":["Bullet Time"]},{"damage_healed":13.0,"max_hp_gain":0.0,"max_hp_loss":0.0,"gold_gain":0.0,"event_name":"The Library","player_choice":"Heal","floor":20.0,"gold_loss":0.0,"damage_taken":0.0},{"damage_healed":0.0,"max_hp_gain":0.0,"max_hp_loss":0.0,"gold_gain":0.0,"event_name":"Back to Basics","player_choice":"Simplicity","floor":31.0,"gold_loss":0.0,"damage_taken":0.0,"cards_upgraded":["Defend_G","Defend_G","Defend_G","Defend_G","Defend_G","Strike_G","Strike_G"]},{"damage_healed":0.0,"max_hp_gain":0.0,"max_hp_loss":0.0,"gold_gain":0.0,"event_name":"Winding Halls","player_choice":"Embrace Madness","floor":36.0,"gold_loss":0.0,"damage_taken":12.0,"cards_obtained":["Madness","Madness"]},{"damage_healed":0.0,"max_hp_gain":0.0,"max_hp_loss":0.0,"gold_gain":0.0,"event_name":"MindBloom","player_choice":"Fight","floor":37.0,"gold_loss":0.0,"damage_taken":0.0},{"damage_healed":0.0,"max_hp_gain":0.0,"max_hp_loss":0.0,"gold_gain":0.0,"event_name":"SensoryStone","player_choice":"Memory 1","floor":38.0,"gold_loss":0.0,"damage_taken":0.0},{"cards_removed":["Strike_G"],"damage_healed":0.0,"max_hp_gain":0.0,"max_hp_loss":0.0,"gold_gain":0.0,"event_name":"Falling","player_choice":"Removed Attack","floor":45.0,"gold_loss":0.0,"damage_taken":0.0},{"damage_healed":0.0,"max_hp_gain":0.0,"max_hp_loss":0.0,"gold_gain":0.0,"event_name":"Tomb of Lord Red Mask","player_choice":"Paid","floor":46.0,"gold_loss":66.0,"damage_taken":0.0,"relics_obtained":["Red Mask"]}],"is_beta":false,"boss_relics":[{"not_picked":["WristBlade","HoveringKite"],"picked":"Coffee Dripper"},{"not_picked":["Orrery","Snecko Eye"],"picked":"Busted Crown"}],"items_purged_floors":[21],"is_endless":false,"potions_floor_spawned":[3,8,10,13,16,22,24,30,33,35,47],"killed_by":"Time Eater","ascension_level":15}