{"gold_per_floor":[112,112,112,130,147,147,202,214,226,238,280,312,340,352,364,452,464,494,536,572,601,16,48,48,83,106,8,28,40,74,93,93,169,169,186,200,300,300,1,29,29,63,88,88,1,15,30,57,57,57],"floor_reached":51,"playtime":4723,"items_purged":["Strike_B","Strike_B"],"score":1400,"play_id":"6ab4c638-32ff-4f5a-9545-ce722d24e874","local_time":"20181125211814","is_ascension_mode":true,"campfire_choices":[{"floor":6.0,"key":"REST"},{"floor":8.0,"key":"REST"},{"floor":10.0,"key":"REST"},{"floor":15.0,"key":"REST"},{"floor":24.0,"key":"REST"},{"floor":32.0,"key":"REST"}],"neow_cost":"NONE","seed_source_timestamp":0,"circlet_count":0,"master_deck":["AscendersBane","Strike_B","Defend_B","Defend_B","Defend_B","Defend_B","Zap","Dualcast","Compile Driver","Genetic Algorithm","BootSequence","Steam Power","Cold Snap+1","Ball Lightning+1","Self Repair","Buffer","Auto Shields","Go for the Eyes+1","Self Repair+1","Storm","Rainbow+1","Undo+1","Storm","Ball Lightning+1","Loop","Hologram+1","Capacitor","Conserve Battery+1","Thunder Strike+1","Heatsinks","Meteor Strike+1","Enlightenment+1","Mind Blast+1","Force Field+1","Consume+1","Cold Snap+1"],"special_seed":0,"relics":["Fusion Hammer","Calipers","MawBank","Molten Egg 2","Mercury Hourglass","Snecko Eye","Red Mask","Regal Pillow","Toxic Egg 2","Lee\u0027s Waffle","Bronze Scales","PreservedInsect","Anchor","Centennial Puzzle","Coffee Dripper","FossilizedHelix","OrangePellets","Juzu Bracelet","Dodecahedron","Ancient Tea Set","Question Card"],"potions_floor_usage":[50],"damage_taken":[{"damage":3.0,"enemies":"Small Slimes","floor":1.0,"turns":4.0},{"damage":1.0,"enemies":"2 Louse","floor":4.0,"turns":2.0},{"damage":3.0,"enemies":"Jaw Worm","floor":5.0,"turns":3.0},{"damage":39.0,"enemies":"Lagavulin Event","floor":7.0,"turns":7.0},{"damage":24.0,"enemies":"Lagavulin","floor":11.0,"turns":8.0},{"damage":0.0,"enemies":"Looter","floor":12.0,"turns":3.0},{"damage":3.0,"enemies":"2 Fungi Beasts","floor":13.0,"turns":3.0},{"damage":23.0,"enemies":"Slime Boss","floor":16.0,"turns":7.0},{"damage":17.0,"enemies":"2 Thieves","floor":18.0,"turns":4.0},{"damage":39.0,"enemies":"Masked Bandits","floor":19.0,"turns":5.0},{"damage":0.0,"enemies":"Shell Parasite","floor":21.0,"turns":6.0},{"damage":75.0,"enemies":"Slavers","floor":23.0,"turns":7.0},{"damage":29.0,"enemies":"Gremlin Leader","floor":25.0,"turns":8.0},{"damage":0.0,"enemies":"Shelled Parasite and Fungi","floor":28.0,"turns":5.0},{"damage":8.0,"enemies":"Snake Plant","floor":29.0,"turns":4.0},{"damage":5.0,"enemies":"Slavers","floor":30.0,"turns":4.0},{"damage":0.0,"enemies":"Centurion and Healer","floor":31.0,"turns":7.0},{"damage":14.0,"enemies":"Collector","floor":33.0,"turns":8.0},{"damage":0.0,"enemies":"Orb Walker","floor":35.0,"turns":5.0},{"damage":0.0,"enemies":"3 Shapes","floor":36.0,"turns":5.0},{"damage":0.0,"enemies":"Mind Bloom Boss Battle","floor":37.0,"turns":4.0},{"damage":0,"enemies":"Giant Head","floor":40,"turns":7},{"damage":0,"enemies":"Nemesis","floor":42,"turns":5},{"damage":0,"enemies":"Jaw Worm Horde","floor":46,"turns":3},{"damage":0,"enemies":"Maw","floor":47,"turns":5},{"damage":0,"enemies":"Giant Head","floor":48,"turns":6},{"damage":23,"enemies":"Time Eater","floor":50,"turns":9}],"seed_played":"1851067787078409074","potions_obtained":[{"floor":5.0,"key":"EssenceOfSteel"},{"floor":13.0,"key":"SpeedPotion"},{"floor":16.0,"key":"SpeedPotion"},{"floor":23.0,"key":"AttackPotion"},{"floor":30.0,"key":"PowerPotion"},{"floor":33.0,"key":"Dexterity Potion"}],"is_trial":false,"path_per_floor":["M","?","?","M","M","R","?","R","T","R","E","M","M","$","R","B",null,"M","?","T","M","$","E","R","E","T","$","M","M","E","M","R","B",null,"M","M","?","?","$","E","R","E","T","?","$","M","M","E","R","B",null],"character_chosen":"DEFECT","items_purchased":["Toxic Egg 2","Lee\u0027s Waffle","Storm","Storm","Ball Lightning+1","OrangePellets","Mind Blast+1"],"campfire_rested":6,"item_purchase_floors":[22,22,22,27,27,39,45],"current_hp_per_floor":[65,47,40,39,36,58,19,41,41,63,39,39,36,36,58,42,67,57,25,25,32,82,24,63,51,51,51,68,77,82,82,82,82,82,82,82,82,82,82,82,82,82,82,82,82,82,82,82,82,76],"gold":57,"neow_bonus":"BOSS_RELIC","is_prod":false,"is_daily":false,"chose_seed":false,"campfire_upgraded":0,"win_rate":0,"timestamp":1543198694,"path_taken":["M","?","?","M","M","R","?","R","T","R","E","M","M","$","R","BOSS","M","?","?","M","$","E","R","E","T","$","M","M","E","M","R","BOSS","M","M","?","?","$","E","R","E","T","?","?","M","M","E","R","BOSS"],"build_version":"2018-11-15","purchased_purges":2,"victory":true,"max_hp_per_floor":[75,75,75,75,75,75,75,75,75,75,75,75,75,75,75,75,75,75,75,75,75,82,82,82,82,82,82,82,82,82,82,82,82,82,82,82,82,82,82,82,82,82,82,82,82,82,82,82,82,82],"card_choices":[{"not_picked":["Sweeping Beam","Redo"],"picked":"Compile Driver","floor":1.0},{"not_picked":["Turbo","Redo"],"picked":"Genetic Algorithm","floor":4.0},{"not_picked":["Compile Driver","Stack"],"picked":"BootSequence","floor":5.0},{"not_picked":["Genetic Algorithm","Beam Cell"],"picked":"Steam Power","floor":7.0},{"not_picked":["Barrage+1","Auto Shields"],"picked":"Cold Snap+1","floor":11.0},{"not_picked":["Auto Shields","Melter+1"],"picked":"Ball Lightning+1","floor":12.0},{"not_picked":["Meteor Strike+1","Beam Cell+1"],"picked":"Self Repair","floor":13.0},{"not_picked":["Amplify","Machine Learning"],"picked":"Buffer","floor":16.0},{"not_picked":["Hello World","Tempest"],"picked":"Auto Shields","floor":18.0},{"not_picked":["Double Energy","Steam Power"],"picked":"Go for the Eyes+1","floor":19.0},{"not_picked":["Beam Cell+1","Turbo"],"picked":"Self Repair+1","floor":21.0},{"not_picked":["Rebound+1","Melter+1"],"picked":"Rainbow+1","floor":23.0},{"not_picked":["Steam Power+1","Gash+1"],"picked":"Undo+1","floor":25.0},{"not_picked":["Self Repair","Barrage+1"],"picked":"Loop","floor":28.0},{"not_picked":["Stack+1","Steam+1"],"picked":"Hologram+1","floor":29.0},{"not_picked":["Fusion+1","Barrage+1"],"picked":"Capacitor","floor":30.0},{"not_picked":["Hyperbeam+1","Steam Power+1"],"picked":"Conserve Battery+1","floor":31.0},{"not_picked":["Machine Learning","Fission+1"],"picked":"Thunder Strike+1","floor":33.0},{"not_picked":["Stack+1","Chaos+1"],"picked":"Barrage+1","floor":35.0},{"not_picked":["Recycle+1","Gash+1"],"picked":"Heatsinks","floor":36.0},{"not_picked":["Turbo+1","Sweeping Beam+1","Darkness+1"],"picked":"SKIP","floor":40},{"not_picked":["Conserve Battery+1","Rebound+1"],"picked":"Meteor Strike+1","floor":42},{"not_picked":["Panacea+1","Swift Strike+1"],"picked":"Enlightenment+1","floor":44},{"not_picked":["Capacitor","Barrage+1"],"picked":"Force Field+1","floor":46},{"not_picked":["Conserve Battery+1","Turbo+1"],"picked":"Consume+1","floor":47},{"not_picked":["Reprogram+1","BootSequence+1"],"picked":"Cold Snap+1","floor":48}],"player_experience":789735,"relics_obtained":[{"floor":9.0,"key":"Molten Egg 2"},{"floor":11.0,"key":"Mercury Hourglass"},{"floor":19.0,"key":"Red Mask"},{"floor":20.0,"key":"Regal Pillow"},{"floor":23.0,"key":"Bronze Scales"},{"floor":25.0,"key":"PreservedInsect"},{"floor":26.0,"key":"Anchor"},{"floor":30.0,"key":"Centennial Puzzle"},{"floor":37.0,"key":"FossilizedHelix"},{"floor":40,"key":"Juzu Bracelet"},{"floor":42,"key":"Dodecahedron"},{"floor":43,"key":"Ancient Tea Set"},{"floor":48,"key":"Question Card"}],"event_choices":[{"damage_healed":0.0,"max_hp_gain":0.0,"max_hp_loss":0.0,"gold_gain":0.0,"event_name":"Scrap Ooze","player_choice":"Success","floor":2.0,"gold_loss":0.0,"damage_taken":18.0,"relics_obtained":["Calipers"]},{"cards_removed":["Strike_B"],"damage_healed":0.0,"max_hp_gain":0.0,"max_hp_loss":0.0,"gold_gain":0.0,"event_name":"Golden Wing","player_choice":"Card Removal","floor":3.0,"gold_loss":0.0,"damage_taken":7.0},{"damage_healed":0.0,"max_hp_gain":0.0,"max_hp_loss":0.0,"gold_gain":0.0,"event_name":"Dead Adventurer","player_choice":"Searched \u00272\u0027 times","floor":7.0,"gold_loss":0.0,"damage_taken":0.0,"relics_obtained":["MawBank"]},{"damage_healed":0.0,"max_hp_gain":0.0,"max_hp_loss":0.0,"gold_gain":0.0,"event_name":"Masked Bandits","player_choice":"Fought Bandits","floor":19.0,"gold_loss":0.0,"damage_taken":0.0},{"damage_healed":0.0,"max_hp_gain":0.0,"max_hp_loss":0.0,"gold_gain":0.0,"event_name":"MindBloom","player_choice":"Fight","floor":37.0,"gold_loss":0.0,"damage_taken":0.0},{"cards_removed":["Barrage"],"damage_healed":0,"gold_gain":0,"player_choice":"Removed Attack","damage_taken":0,"max_hp_gain":0,"max_hp_loss":0,"event_name":"Falling","floor":38,"gold_loss":0},{"damage_healed":0,"gold_gain":0,"player_choice":"Memory 1","damage_taken":0,"max_hp_gain":0,"max_hp_loss":0,"event_name":"SensoryStone","floor":44,"gold_loss":0}],"is_beta":false,"boss_relics":[{"not_picked":["Tiny House","Eternal Feather"],"picked":"Snecko Eye"},{"not_picked":["Nuclear Battery","Orrery"],"picked":"Coffee Dripper"}],"items_purged_floors":[22,39],"is_endless":false,"potions_floor_spawned":[5,13,16,18,23,28,29,30,33,35,36,42,46,48],"ascension_level":13}