{"gold_per_floor":[364,375,386,5,280,280,314,314,339,356,356,373,39,51,51,125,125,135,152,169,13,26,26,26,52,52,52,77,93,104,104],"floor_reached":31,"playtime":1124,"items_purged":["Normality","Strike_R"],"score":474,"play_id":"57dd38ca-3b82-458d-98bb-ea774de7462e","local_time":"20190212204530","is_ascension_mode":true,"campfire_choices":[{"data":"Bash","floor":6.0,"key":"SMITH"},{"data":"Whirlwind","floor":8.0,"key":"SMITH"},{"data":"Inflame","floor":11.0,"key":"SMITH"},{"data":"Flame Barrier","floor":15.0,"key":"SMITH"},{"data":"Uppercut","floor":23.0,"key":"SMITH"},{"floor":27,"key":"REST"}],"neow_cost":"CURSE","seed_source_timestamp":12887379559200,"circlet_count":0,"master_deck":["AscendersBane","Strike_R","Strike_R","Strike_R","Strike_R","Defend_R","Defend_R","Defend_R","Defend_R","Bash+1","Headbutt","Inflame+1","Seeing Red","Whirlwind+1","Shrug It Off","Flame Barrier+1","Twin Strike","Battle Trance","Uppercut+1","Reaper"],"special_seed":0,"relics":["Burning Blood","Bag of Preparation","Omamori","Pen Nib","Dream Catcher","Medical Kit","Mark of Pain","Happy Flower","Potion Belt","Bottled Flame","Unceasing Top","Turnip"],"potions_floor_usage":[31,31],"damage_taken":[{"damage":8.0,"enemies":"2 Louse","floor":1.0,"turns":4.0},{"damage":11.0,"enemies":"Cultist","floor":2.0,"turns":4.0},{"damage":11.0,"enemies":"Jaw Worm","floor":3.0,"turns":5.0},{"damage":35.0,"enemies":"Lagavulin","floor":7.0,"turns":4.0},{"damage":6.0,"enemies":"Exordium Thugs","floor":10.0,"turns":3.0},{"damage":3.0,"enemies":"Blue Slaver","floor":12.0,"turns":5.0},{"damage":2.0,"enemies":"2 Fungi Beasts","floor":14.0,"turns":2.0},{"damage":29.0,"enemies":"Slime Boss","floor":16.0,"turns":10.0},{"damage":0.0,"enemies":"3 Byrds","floor":18.0,"turns":3.0},{"damage":12.0,"enemies":"Shell Parasite","floor":19.0,"turns":3.0},{"damage":15.0,"enemies":"Snake Plant","floor":20.0,"turns":3.0},{"damage":5.0,"enemies":"Centurion and Healer","floor":22.0,"turns":6.0},{"damage":24,"enemies":"Book of Stabbing","floor":25,"turns":4},{"damage":49,"enemies":"Gremlin Leader","floor":28,"turns":6},{"damage":15,"enemies":"Shelled Parasite and Fungi","floor":29,"turns":5},{"damage":6,"enemies":"3 Cultists","floor":30,"turns":3},{"damage":45,"enemies":"Chosen and Byrds","floor":31,"turns":4}],"seed_played":"-1178711595051258651","potions_obtained":[{"floor":1.0,"key":"Strength Potion"},{"floor":3.0,"key":"SkillPotion"},{"floor":10.0,"key":"Fruit Juice"},{"floor":19.0,"key":"Weak Potion"},{"floor":28,"key":"Strength Potion"},{"floor":29,"key":"Strength Potion"}],"is_trial":false,"path_per_floor":["M","M","M","$","?","R","E","R","T","M","R","M","$","M","R","B",null,"M","M","M","$","M","R","?","E","T","R","E","M","M","M"],"character_chosen":"IRONCLAD","items_purchased":["Bag of Preparation","Omamori","Flame Barrier","Medical Kit","Happy Flower"],"campfire_rested":1,"item_purchase_floors":[4,4,13,13,21],"current_hp_per_floor":[66,61,56,56,56,56,27,27,27,32,32,35,35,39,39,16,64,70,64,55,55,56,56,56,38,38,62,19,20,20,0],"gold":104,"neow_bonus":"TWO_FIFTY_GOLD","is_prod":false,"is_daily":false,"chose_seed":false,"campfire_upgraded":5,"win_rate":0,"timestamp":1549997130,"path_taken":["M","M","M","$","?","R","E","R","T","?","R","M","$","M","R","BOSS","M","?","M","?","M","R","?","E","T","R","E","M","M","M"],"build_version":"2019-01-23","purchased_purges":2,"victory":false,"max_hp_per_floor":[75,75,75,75,75,75,75,75,75,80,80,80,80,80,80,80,80,80,80,80,80,80,80,80,80,80,80,80,80,80,80],"card_choices":[{"not_picked":["Pommel Strike","Burning Pact"],"picked":"Headbutt","floor":1.0},{"not_picked":["Uppercut","Sentinel"],"picked":"Inflame","floor":2.0},{"not_picked":["Sever Soul","Clash"],"picked":"Seeing Red","floor":3.0},{"not_picked":["Heavy Blade","Thunderclap"],"picked":"Whirlwind","floor":7.0},{"not_picked":["Flex","Whirlwind"],"picked":"Shrug It Off","floor":10.0},{"not_picked":["Armaments","Shrug It Off","Pommel Strike"],"picked":"SKIP","floor":12.0},{"not_picked":["Clothesline","Intimidate"],"picked":"Twin Strike","floor":14.0},{"not_picked":["Evolve","Heavy Blade+1"],"picked":"Battle Trance","floor":18.0},{"not_picked":["Pommel Strike+1","Iron Wave","Twin Strike+1"],"picked":"SKIP","floor":19.0},{"not_picked":["Anger","Seeing Red"],"picked":"Uppercut","floor":20.0},{"not_picked":["Pommel Strike","Warcry","Clash"],"picked":"SKIP","floor":22.0},{"not_picked":["Flex","Thunderclap","Sword Boomerang"],"picked":"SKIP","floor":25},{"not_picked":["Armaments","Thunderclap"],"picked":"Reaper","floor":28},{"not_picked":["Cleave","Thunderclap+1","Headbutt"],"picked":"SKIP","floor":29},{"not_picked":["Cleave","Burning Pact","Reckless Charge"],"picked":"SKIP","floor":30}],"player_experience":711700,"relics_obtained":[{"floor":7.0,"key":"Pen Nib"},{"floor":9.0,"key":"Dream Catcher"},{"floor":25,"key":"Bottled Flame"},{"floor":26,"key":"Unceasing Top"},{"floor":28,"key":"Turnip"}],"event_choices":[{"damage_healed":0.0,"max_hp_gain":0.0,"max_hp_loss":0.0,"gold_gain":275.0,"event_name":"Golden Shrine","player_choice":"Desecrate","floor":5.0,"gold_loss":0.0,"damage_taken":0.0,"cards_obtained":["Regret"]},{"damage_healed":0.0,"max_hp_gain":0.0,"max_hp_loss":0.0,"gold_gain":0.0,"event_name":"The Mausoleum","player_choice":"Opened","floor":24.0,"gold_loss":0.0,"damage_taken":0.0,"relics_obtained":["Potion Belt"],"cards_obtained":["Writhe"]}],"is_beta":false,"boss_relics":[{"not_picked":["Eternal Feather","Orrery"],"picked":"Mark of Pain"}],"items_purged_floors":[4,13],"is_endless":false,"potions_floor_spawned":[1,3,10,19,28,29],"killed_by":"Chosen and Byrds","ascension_level":14}