{"gold_per_floor":[119,139,153,170,180,208,208,219,267,267,280,280,305,319,319,319],"floor_reached":16,"playtime":756,"items_purged":[],"score":139,"play_id":"a53421ed-a1e7-4ef3-aadc-36a3149a7b5d","local_time":"20190212002624","is_ascension_mode":true,"campfire_choices":[{"data":"Genetic Algorithm","floor":10,"key":"SMITH"},{"floor":12,"key":"REST"},{"floor":15,"key":"REST"}],"neow_cost":"NONE","seed_source_timestamp":254167230716379,"circlet_count":0,"master_deck":["Strike_B","Strike_B","Strike_B","Strike_B","Defend_B","Defend_B","Defend_B","Defend_B","Zap+1","Dualcast","Buffer","Tempest","Gash","Auto Shields","Rebound","Steam","All For One","Genetic Algorithm+1","Leap","All For One","Coolheaded"],"relics":["Cracked Core","Bag of Marbles","Dream Catcher","Smiling Mask"],"potions_floor_usage":[6,13,16],"damage_taken":[{"damage":1,"enemies":"Cultist","floor":1,"turns":4},{"damage":7,"enemies":"2 Louse","floor":2,"turns":3},{"damage":12,"enemies":"Jaw Worm","floor":3,"turns":2},{"damage":2,"enemies":"3 Louse","floor":4,"turns":3},{"damage":6,"enemies":"Looter","floor":5,"turns":3},{"damage":20,"enemies":"3 Sentries","floor":6,"turns":8},{"damage":4,"enemies":"Red Slaver","floor":8,"turns":3},{"damage":12,"enemies":"Exordium Wildlife","floor":11,"turns":3},{"damage":16,"enemies":"Gremlin Nob","floor":13,"turns":5},{"damage":13,"enemies":"Blue Slaver","floor":14,"turns":3},{"damage":43,"enemies":"The Guardian","floor":16,"turns":5}],"seed_played":"-9037613738610444435","potions_obtained":[{"floor":1,"key":"Regen Potion"},{"floor":2,"key":"Energy Potion"},{"floor":6,"key":"SkillPotion"},{"floor":14,"key":"Strength Potion"}],"is_trial":false,"path_per_floor":["M","M","M","M","M","E","?","M","T","R","M","R","E","M","R","B"],"character_chosen":"DEFECT","items_purchased":[],"campfire_rested":2,"item_purchase_floors":[],"current_hp_per_floor":[74,67,55,53,47,42,42,38,38,38,26,48,32,19,41,0],"gold":319,"neow_bonus":"ONE_RANDOM_RARE_CARD","is_prod":false,"is_daily":false,"chose_seed":false,"campfire_upgraded":1,"win_rate":0,"timestamp":1549927584,"path_taken":["M","M","?","M","M","E","?","?","T","R","M","R","E","M","R","BOSS"],"build_version":"2019-01-23","purchased_purges":0,"victory":false,"max_hp_per_floor":[75,75,75,75,75,75,75,75,75,75,75,75,75,75,75,75],"card_choices":[{"not_picked":["Chaos","Stack"],"picked":"Tempest","floor":1},{"not_picked":["Hologram","Sweeping Beam"],"picked":"Gash","floor":2},{"not_picked":["Go for the Eyes","Stack"],"picked":"Auto Shields","floor":3},{"not_picked":["Ball Lightning","Double Energy"],"picked":"Rebound","floor":4},{"not_picked":["Compile Driver","Heatsinks"],"picked":"Steam","floor":5},{"not_picked":["Chill","Melter"],"picked":"All For One","floor":6},{"not_picked":["Ball Lightning","Sweeping Beam"],"picked":"Genetic Algorithm","floor":8},{"not_picked":["Redo","Storm","Genetic Algorithm"],"picked":"SKIP","floor":11},{"not_picked":["Ball Lightning","Rebound"],"picked":"Leap","floor":12},{"not_picked":["Hello World","Streamline"],"picked":"All For One","floor":13},{"not_picked":["Melter","Scrape"],"picked":"Coolheaded","floor":14}],"player_experience":355749,"relics_obtained":[{"floor":6,"key":"Bag of Marbles"},{"floor":9,"key":"Dream Catcher"},{"floor":13,"key":"Smiling Mask"}],"event_choices":[{"damage_healed":0,"gold_gain":0,"player_choice":"Forge","damage_taken":0,"max_hp_gain":0,"max_hp_loss":0,"event_name":"Accursed Blacksmith","floor":7,"gold_loss":0,"cards_upgraded":["Zap"]}],"is_beta":false,"boss_relics":[],"items_purged_floors":[],"is_endless":false,"potions_floor_spawned":[1,2,6,14],"killed_by":"The Guardian","ascension_level":4}