{"gold_per_floor":[13,27,27,41,116,150,150,150,150,164,164,82,82,93,93,189,189,201,7,7,23,23,23,39,51,51,77,77,114,54,72,72,175,225,242,48,48,48],"floor_reached":38,"playtime":1242,"items_purged":["Shame"],"score":630,"play_id":"ca8f2dcc-1cda-418b-8a31-1bb505184313","local_time":"20190126201704","is_ascension_mode":true,"campfire_choices":[{"data":"Flex","floor":7,"key":"SMITH"},{"floor":11,"key":"REST"},{"data":"Iron Wave","floor":15,"key":"SMITH"},{"data":"Pummel","floor":23,"key":"SMITH"},{"data":"Body Slam","floor":28,"key":"SMITH"},{"data":"Disarm","floor":32,"key":"SMITH"}],"neow_cost":"NO_GOLD","seed_source_timestamp":672032704042897,"circlet_count":0,"master_deck":["AscendersBane","Strike_R","Strike_R","Strike_R","Defend_R","Defend_R","Defend_R","Bash","Flex+1","Ghostly Armor","Clash","Sword Boomerang","Spot Weakness+1","Wild Strike","Thunderclap","Pummel+1","Shrug It Off","Iron Wave+1","Immolate","Warcry+1","Armaments+1","Body Slam+1","Disarm+1","Iron Wave+1","Flex","Limit Break+1","Shrug It Off","Twin Strike+1"],"relics":["Burning Blood","Ginger","Pantograph","Torii","Cursed Key","Toolbox","Dream Catcher","The Courier","Tiny House","Paper Frog"],"potions_floor_usage":[33],"damage_taken":[{"damage":12,"enemies":"Jaw Worm","floor":1,"turns":3},{"damage":0,"enemies":"2 Louse","floor":2,"turns":2},{"damage":0,"enemies":"Small Slimes","floor":4,"turns":3},{"damage":25,"enemies":"3 Sentries","floor":6,"turns":7},{"damage":3,"enemies":"Red Slaver","floor":10,"turns":4},{"damage":1,"enemies":"Exordium Wildlife","floor":14,"turns":2},{"damage":61,"enemies":"The Guardian","floor":16,"turns":10},{"damage":0,"enemies":"Chosen","floor":18,"turns":3},{"damage":14,"enemies":"Shell Parasite","floor":21,"turns":4},{"damage":0,"enemies":"3 Cultists","floor":24,"turns":4},{"damage":1,"enemies":"Cultist and Chosen","floor":25,"turns":2},{"damage":24,"enemies":"Book of Stabbing","floor":27,"turns":4},{"damage":12,"enemies":"Chosen and Byrds","floor":29,"turns":4},{"damage":0,"enemies":"Sentry and Sphere","floor":31,"turns":3},{"damage":65,"enemies":"Collector","floor":33,"turns":10},{"damage":47,"enemies":"3 Shapes","floor":35,"turns":6},{"damage":29,"enemies":"3 Darklings","floor":38,"turns":4}],"seed_played":"-7135724586803529422","potions_obtained":[{"floor":1,"key":"GamblersBrew"},{"floor":10,"key":"EssenceOfSteel"},{"floor":14,"key":"SteroidPotion"},{"floor":21,"key":"PowerPotion"},{"floor":34,"key":"AttackPotion"}],"is_trial":false,"path_per_floor":["M","M","?","M","?","E","R","?","T","M","R","$","?","M","R","B",null,"M","$","$","M","?","R","M","M","T","E","R","M","$","M","R","B",null,"M","$","?","M"],"character_chosen":"IRONCLAD","items_purchased":["Pummel","Shrug It Off","Toolbox","Paper Frog"],"campfire_rested":1,"item_purchase_floors":[12,12,19,36],"current_hp_per_floor":[66,72,60,66,55,36,36,36,36,39,63,63,63,68,68,25,66,72,72,72,64,64,64,70,75,75,57,57,51,51,57,57,21,70,29,29,29,0],"gold":48,"neow_bonus":"TRANSFORM_TWO_CARDS","is_prod":false,"is_daily":false,"chose_seed":false,"campfire_upgraded":5,"win_rate":0,"timestamp":1548551824,"path_taken":["M","M","?","M","?","E","R","?","T","?","R","$","?","M","R","BOSS","M","?","$","M","?","R","M","M","T","E","R","?","$","M","R","BOSS","M","$","?","M"],"build_version":"2019-01-23","purchased_purges":1,"victory":false,"max_hp_per_floor":[80,80,80,80,80,80,80,80,80,80,80,80,80,80,80,80,80,80,80,80,80,80,80,80,80,80,80,80,80,80,80,80,80,85,85,85,85,85],"card_choices":[{"not_picked":["Pummel","Sword Boomerang"],"picked":"Clash","floor":1},{"not_picked":["Twin Strike","Dark Embrace"],"picked":"Sword Boomerang","floor":2},{"not_picked":["Perfected Strike","Thunderclap"],"picked":"Spot Weakness","floor":4},{"not_picked":["Second Wind","Combust"],"picked":"Wild Strike","floor":6},{"not_picked":["Bloodletting","Headbutt"],"picked":"Thunderclap","floor":10},{"not_picked":["Shrug It Off","Battle Trance"],"picked":"Iron Wave","floor":14},{"not_picked":["Juggernaut","Exhume"],"picked":"Immolate","floor":16},{"not_picked":["Perfected Strike+1","Hemokinesis"],"picked":"Warcry","floor":18},{"not_picked":["Flex","Havoc"],"picked":"Armaments+1","floor":21},{"not_picked":["Cleave","Carnage"],"picked":"Body Slam","floor":24},{"not_picked":["Bloodletting","Clothesline"],"picked":"Disarm","floor":25},{"not_picked":["Rage","Heavy Blade"],"picked":"Iron Wave+1","floor":27},{"not_picked":["Barricade","Twin Strike"],"picked":"Flex","floor":29},{"not_picked":["Fire Breathing","Sword Boomerang","Armaments"],"picked":"SKIP","floor":31},{"not_picked":["Demon Form","Berserk"],"picked":"Limit Break","floor":33},{"not_picked":["Iron Wave","Perfected Strike"],"picked":"Shrug It Off","floor":34},{"not_picked":["Warcry","Uppercut"],"picked":"Twin Strike+1","floor":35}],"player_experience":562234,"relics_obtained":[{"floor":6,"key":"Pantograph"},{"floor":9,"key":"Torii"},{"floor":26,"key":"Dream Catcher"},{"floor":27,"key":"The Courier"}],"event_choices":[{"damage_healed":0,"gold_gain":0,"player_choice":"Success","damage_taken":12,"relics_obtained":["Ginger"],"max_hp_gain":0,"max_hp_loss":0,"event_name":"Scrap Ooze","floor":3,"gold_loss":0},{"damage_healed":0,"gold_gain":75,"player_choice":"Gather Gold","damage_taken":11,"max_hp_gain":0,"max_hp_loss":0,"event_name":"World of Goop","floor":5,"gold_loss":0},{"cards_removed":["Strike_R"],"damage_healed":0,"gold_gain":0,"player_choice":"Offered Basic","damage_taken":0,"max_hp_gain":0,"max_hp_loss":0,"event_name":"Bonfire Elementals","floor":8,"gold_loss":0},{"damage_healed":0,"gold_gain":0,"player_choice":"Upgraded","damage_taken":0,"max_hp_gain":0,"max_hp_loss":0,"event_name":"Upgrade Shrine","floor":13,"gold_loss":0,"cards_upgraded":["Spot Weakness"]},{"damage_healed":0,"gold_gain":0,"player_choice":"Got Potions","damage_taken":0,"max_hp_gain":0,"max_hp_loss":0,"event_name":"Lab","floor":22,"gold_loss":0},{"damage_healed":0,"gold_gain":0,"player_choice":"Forge","damage_taken":0,"max_hp_gain":0,"max_hp_loss":0,"event_name":"Accursed Blacksmith","floor":37,"gold_loss":0,"cards_upgraded":["Limit Break"]}],"is_beta":true,"boss_relics":[{"not_picked":["Black Star","Ectoplasm"],"picked":"Cursed Key"},{"not_picked":["Snecko Eye","Pandora\u0027s Box"],"picked":"Tiny House"}],"items_purged_floors":[30],"is_endless":false,"potions_floor_spawned":[1,10,14,21,27,29,31,35],"killed_by":"3 Darklings","ascension_level":12}