{"gold_per_floor":[115,132,151,161,161,192,192,222,249,264,284,284,38,52,52,147,147,161,177,277,0,0],"floor_reached":22,"playtime":1170,"items_purged":[],"score":260,"play_id":"95425e5d-1a1d-4c3e-8277-2c982a92c687","local_time":"20190209174015","is_ascension_mode":true,"campfire_choices":[{"floor":7,"key":"REST"},{"floor":12,"key":"REST"},{"floor":15,"key":"REST"}],"neow_cost":"NONE","seed_source_timestamp":365548545918629,"circlet_count":0,"master_deck":["Bash","Clumsy","Clumsy","Regret","Thunderclap","Cleave","Havoc","Cleave","Ghostly Armor","Immolate","Master of Strategy","Dropkick","Warcry","Offering","Inflame","Clothesline","Seeing Red","Fire Breathing","Dark Embrace","Battle Trance","Double Tap","Iron Wave","Searing Blow","Shrug It Off","Burning Pact+1","Armaments+1"],"relics":["Calling Bell","PreservedInsect","Ornamental Fan","Du-Vu Doll","Bottled Flame","Vajra","Pandora\u0027s Box","Calipers","Kunai"],"potions_floor_usage":[20,22],"damage_taken":[{"damage":3,"enemies":"Cultist","floor":1,"turns":3},{"damage":6,"enemies":"Jaw Worm","floor":2,"turns":3},{"damage":5,"enemies":"Small Slimes","floor":3,"turns":3},{"damage":30,"enemies":"Exordium Thugs","floor":4,"turns":5},{"damage":29,"enemies":"Lagavulin","floor":6,"turns":5},{"damage":6,"enemies":"Gremlin Nob","floor":8,"turns":3},{"damage":11,"enemies":"Red Slaver","floor":10,"turns":3},{"damage":7,"enemies":"Blue Slaver","floor":11,"turns":2},{"damage":8,"enemies":"Gremlin Gang","floor":14,"turns":2},{"damage":2,"enemies":"Slime Boss","floor":16,"turns":4},{"damage":23,"enemies":"Shell Parasite","floor":18,"turns":4},{"damage":16,"enemies":"Spheric Guardian","floor":19,"turns":3},{"damage":6,"enemies":"Colosseum Slavers","floor":20,"turns":1},{"damage":20,"enemies":"Colosseum Nobs","floor":20,"turns":3},{"damage":20,"enemies":"Shelled Parasite and Fungi","floor":22,"turns":4}],"seed_played":"1560418347893654858","potions_obtained":[{"floor":1,"key":"Weak Potion"},{"floor":6,"key":"Poison Potion"},{"floor":10,"key":"Swift Potion"},{"floor":14,"key":"Dexterity Potion"},{"floor":19,"key":"Block Potion"}],"is_trial":false,"path_per_floor":["M","M","M","M","?","E","R","E","T","M","M","R","$","M","R","B",null,"M","M","?","?","M"],"character_chosen":"IRONCLAD","items_purchased":["Master of Strategy","Dropkick"],"campfire_rested":3,"item_purchase_floors":[13,13],"current_hp_per_floor":[77,71,66,36,62,33,57,51,51,40,33,57,57,49,73,71,80,57,41,15,15,0],"gold":0,"neow_bonus":"BOSS_RELIC","is_prod":false,"is_daily":false,"chose_seed":false,"campfire_upgraded":0,"win_rate":0,"timestamp":1549752015,"path_taken":["M","M","M","M","?","E","R","E","T","M","M","R","$","M","R","BOSS","M","M","?","?","M"],"build_version":"2019-01-23","purchased_purges":0,"victory":false,"max_hp_per_floor":[80,80,80,80,80,80,80,80,80,80,80,80,80,80,80,80,80,80,80,80,80,80],"card_choices":[{"not_picked":["Cleave","Entrench"],"picked":"Thunderclap","floor":1},{"not_picked":["Anger","Sentinel"],"picked":"Cleave","floor":2},{"not_picked":["Pummel","Anger"],"picked":"Havoc","floor":3},{"not_picked":["Seeing Red","Headbutt"],"picked":"Cleave","floor":4},{"not_picked":["Seeing Red","Twin Strike"],"picked":"Ghostly Armor","floor":6},{"not_picked":["Clothesline","Bloodletting","Reckless Charge"],"picked":"SKIP","floor":8},{"not_picked":["Evolve","Perfected Strike"],"picked":"Immolate","floor":10},{"not_picked":["Iron Wave","Twin Strike","Clothesline"],"picked":"SKIP","floor":11},{"not_picked":["Heavy Blade","Hemokinesis"],"picked":"Warcry","floor":14},{"not_picked":["Juggernaut","Double Tap"],"picked":"Offering","floor":16},{"not_picked":["Thunderclap","Spot Weakness"],"picked":"Shrug It Off","floor":18},{"not_picked":["Sword Boomerang","Infernal Blade"],"picked":"Burning Pact+1","floor":19},{"not_picked":["Shockwave","Anger+1"],"picked":"Armaments+1","floor":20}],"player_experience":111290,"relics_obtained":[{"floor":0,"key":"PreservedInsect"},{"floor":0,"key":"Ornamental Fan"},{"floor":0,"key":"Du-Vu Doll"},{"floor":6,"key":"Bottled Flame"},{"floor":8,"key":"Vajra"},{"floor":20,"key":"Calipers"},{"floor":20,"key":"Kunai"}],"event_choices":[{"damage_healed":26,"gold_gain":0,"player_choice":"Banana","damage_taken":0,"max_hp_gain":0,"max_hp_loss":0,"event_name":"Big Fish","floor":5,"gold_loss":0},{"damage_healed":0,"gold_gain":0,"player_choice":"Fight","damage_taken":0,"max_hp_gain":0,"max_hp_loss":0,"event_name":"Colosseum","floor":20,"gold_loss":0},{"damage_healed":0,"gold_gain":0,"player_choice":"Fought Nobs","damage_taken":0,"max_hp_gain":0,"max_hp_loss":0,"event_name":"Colosseum","floor":20,"gold_loss":0},{"damage_healed":0,"gold_gain":0,"player_choice":"Paid Fearfully","damage_taken":0,"max_hp_gain":0,"max_hp_loss":0,"event_name":"Masked Bandits","floor":21,"gold_loss":277}],"is_beta":false,"boss_relics":[{"not_picked":["Runic Dome","Sozu"],"picked":"Pandora\u0027s Box"}],"items_purged_floors":[],"is_endless":false,"potions_floor_spawned":[1,6,10,14,19,20],"killed_by":"Shelled Parasite and Fungi","ascension_level":1}