{"gold_per_floor":[112,112,127,52,67,101,101,101,101,101,133,148,164,164,164,240,240,140,540,540,558,121,121,148,148,196,206,239,318,336,364,364,443,443,453,453,464,477,120,120,153,28,28,28,46,146,173,187,187,187,187,187,187,95,122,122],"floor_reached":56,"playtime":7665,"items_purged":["Strike_B","Strike_B","Strike_B"],"score":2267,"play_id":"b61d04e2-cbb5-4056-bcd7-cbf805fb7264","local_time":"20190201231417","is_ascension_mode":true,"campfire_choices":[{"data":"Hologram","floor":8,"key":"SMITH"},{"data":"Buffer","floor":10,"key":"SMITH"},{"data":"Coolheaded","floor":15,"key":"SMITH"},{"floor":23,"key":"REST"},{"floor":25,"key":"REST"},{"data":"Force Field","floor":32,"key":"SMITH"},{"data":"Consume","floor":40,"key":"SMITH"},{"floor":44,"key":"RECALL"},{"data":"Glacier","floor":49,"key":"SMITH"},{"floor":53,"key":"REST"}],"neow_cost":"NONE","seed_source_timestamp":1293472266509694,"circlet_count":0,"master_deck":["AscendersBane","Defend_B","Defend_B","Defend_B","Defend_B","Zap+1","Dualcast","Gash","Ball Lightning","Rebound","Hologram+1","Buffer+1","Conserve Battery","Coolheaded+1","Glacier+1","Echo Form","Sunder+1","Glacier","Force Field+1","Master of Strategy","Doom and Gloom+1","Meteor Strike+1","Seek","Meteor Strike+1","Consume+1","All For One+1","Tempest","Defragment"],"relics":["Cracked Core","Singing Bowl","Molten Egg 2","Happy Flower","Snecko Eye","Old Coin","Ornamental Fan","Lantern","Ancient Tea Set","Bag of Marbles","PreservedInsect","Symbiotic Virus","Oddly Smooth Stone","Orrery","Pear","Sundial","Thread and Needle","Cables","Boot"],"potions_floor_usage":[16,16,24,51,56,56],"damage_taken":[{"damage":0,"enemies":"Small Slimes","floor":1,"turns":4},{"damage":7,"enemies":"Jaw Worm","floor":3,"turns":3},{"damage":0,"enemies":"Cultist","floor":5,"turns":3},{"damage":25,"enemies":"3 Sentries","floor":6,"turns":7},{"damage":0,"enemies":"Gremlin Nob","floor":11,"turns":4},{"damage":4,"enemies":"2 Fungi Beasts","floor":12,"turns":3},{"damage":12,"enemies":"Exordium Thugs","floor":13,"turns":6},{"damage":16,"enemies":"The Guardian","floor":16,"turns":11},{"damage":14,"enemies":"2 Thieves","floor":18,"turns":5},{"damage":7,"enemies":"Colosseum Slavers","floor":19,"turns":4},{"damage":5,"enemies":"Colosseum Nobs","floor":19,"turns":5},{"damage":0,"enemies":"3 Byrds","floor":21,"turns":5},{"damage":18,"enemies":"Slavers","floor":24,"turns":7},{"damage":0,"enemies":"Snake Plant","floor":27,"turns":3},{"damage":16,"enemies":"Book of Stabbing","floor":28,"turns":7},{"damage":0,"enemies":"Centurion and Healer","floor":30,"turns":5},{"damage":0,"enemies":"Slavers","floor":31,"turns":3},{"damage":0,"enemies":"Collector","floor":33,"turns":11},{"damage":3,"enemies":"3 Shapes","floor":35,"turns":3},{"damage":0,"enemies":"Orb Walker","floor":37,"turns":3},{"damage":0,"enemies":"3 Darklings","floor":38,"turns":3},{"damage":13,"enemies":"Reptomancer","floor":41,"turns":4},{"damage":0,"enemies":"4 Shapes","floor":45,"turns":3},{"damage":0,"enemies":"Mind Bloom Boss Battle","floor":46,"turns":4},{"damage":0,"enemies":"Giant Head","floor":47,"turns":4},{"damage":13,"enemies":"Jaw Worm Horde","floor":48,"turns":4},{"damage":8,"enemies":"Awakened One","floor":50,"turns":8},{"damage":29,"enemies":"Time Eater","floor":51,"turns":16},{"damage":37,"enemies":"Shield and Spear","floor":55,"turns":5},{"damage":79,"enemies":"The Heart","floor":56,"turns":8}],"seed_played":"8622638025136749959","potions_obtained":[{"floor":3,"key":"LiquidBronze"},{"floor":6,"key":"AttackPotion"},{"floor":13,"key":"Weak Potion"},{"floor":19,"key":"SkillPotion"},{"floor":21,"key":"SmokeBomb"},{"floor":27,"key":"Explosive Potion"},{"floor":30,"key":"AttackPotion"},{"floor":31,"key":"Weak Potion"},{"floor":35,"key":"LiquidBronze"}],"is_trial":false,"path_per_floor":["M","?","M","?","M","E","?","R","T","R","E","M","M","?","R","B",null,"M","?","?","M","$","R","E","R","T","M","E","T","M","E","R","B",null,"M","T","M","M","$","R","E","$","T","R","M","?","E","M","R","B","B",null,"R","$","E","B"],"character_chosen":"DEFECT","items_purchased":["Lantern","Master of Strategy","Meteor Strike+1","Consume","Tempest","Dexterity Potion"],"campfire_rested":3,"item_purchase_floors":[22,22,39,39,54,54],"current_hp_per_floor":[64,69,62,62,62,37,37,37,37,37,37,33,21,21,21,5,58,44,32,32,32,32,54,36,58,58,60,46,46,48,50,50,50,86,83,93,95,97,97,97,86,86,86,86,88,90,90,79,79,71,42,98,116,116,79,0],"gold":122,"neow_bonus":"UPGRADE_CARD","is_prod":false,"is_daily":false,"chose_seed":false,"campfire_upgraded":6,"win_rate":0,"timestamp":1549091657,"path_taken":["M","?","M","?","M","E","?","R","T","R","E","?","M","?","R","BOSS","M","?","?","M","$","R","E","R","T","M","E","?","M","E","R","BOSS","M","?","M","?","$","R","E","?","T","R","M","?","E","?","R","BOSS","BOSS","R","$","E","BOSS"],"build_version":"2019-01-23","purchased_purges":3,"victory":false,"max_hp_per_floor":[71,76,76,76,76,76,76,76,76,76,76,76,76,76,76,76,76,76,76,76,76,76,76,76,76,76,78,80,80,82,84,84,84,94,94,104,106,108,108,108,110,110,110,110,112,114,114,116,116,116,116,116,116,116,116,116],"card_choices":[{"not_picked":["Conserve Battery","Recycle"],"picked":"Gash","floor":1},{"not_picked":["Hologram","Redo"],"picked":"Ball Lightning","floor":3},{"not_picked":["Recycle","Streamline"],"picked":"Rebound","floor":5},{"not_picked":["Gash","Scrape"],"picked":"Hologram","floor":6},{"not_picked":["Turbo","Capacitor"],"picked":"Conserve Battery","floor":11},{"not_picked":["Conserve Battery","Steam"],"picked":"Coolheaded","floor":12},{"not_picked":["Turbo","Rip and Tear+1"],"picked":"Glacier","floor":13},{"not_picked":["Creative AI","Thunder Strike+1"],"picked":"Echo Form","floor":16},{"not_picked":["Ball Lightning+1","Doom and Gloom+1"],"picked":"Sunder+1","floor":18},{"not_picked":["Hologram","Chill+1"],"picked":"Glacier","floor":19},{"not_picked":["Cold Snap+1","Go for the Eyes+1"],"picked":"Force Field","floor":21},{"not_picked":["Conserve Battery+1","Rip and Tear+1"],"picked":"Doom and Gloom+1","floor":24},{"not_picked":["Sweeping Beam+1","FTL+1","Redo"],"picked":"Singing Bowl","floor":27},{"not_picked":["FTL+1","Leap","Steam"],"picked":"Singing Bowl","floor":28},{"not_picked":["Heatsinks+1","Barrage+1","Turbo"],"picked":"Singing Bowl","floor":30},{"not_picked":["Doom and Gloom+1","Sunder+1","Lockon+1"],"picked":"Singing Bowl","floor":31},{"not_picked":["Rainbow","Machine Learning"],"picked":"Meteor Strike+1","floor":33},{"not_picked":["Leap","Stack","Rebound+1"],"picked":"Singing Bowl","floor":34},{"not_picked":["Rebound+1","Barrage+1","Genetic Algorithm"],"picked":"Singing Bowl","floor":34},{"not_picked":["Sweeping Beam+1","Hologram","Turbo"],"picked":"Singing Bowl","floor":34},{"not_picked":["Hello World","Streamline+1","Leap+1"],"picked":"Singing Bowl","floor":34},{"not_picked":["Conserve Battery+1","Reprogram","Redo"],"picked":"Singing Bowl","floor":34},{"not_picked":["Cold Snap+1","Leap"],"picked":"Seek","floor":35},{"not_picked":["Rip and Tear+1","FTL+1","Hologram"],"picked":"Singing Bowl","floor":37},{"not_picked":["Streamline+1","Conserve Battery","Loop+1"],"picked":"Singing Bowl","floor":38},{"not_picked":["Double Energy+1","Barrage+1","Gash+1"],"picked":"Singing Bowl","floor":41},{"not_picked":["Gash+1","Lockon+1","Turbo"],"picked":"Singing Bowl","floor":45},{"not_picked":["Hello World","Barrage+1","Sweeping Beam+1"],"picked":"Singing Bowl","floor":46},{"not_picked":["Reinforced Body+1","Barrage+1"],"picked":"All For One+1","floor":47},{"not_picked":["Heatsinks","Redo","Leap"],"picked":"Singing Bowl","floor":48},{"not_picked":["Coolheaded","Conserve Battery"],"picked":"Defragment","floor":55}],"player_experience":775369,"relics_obtained":[{"floor":6,"key":"Singing Bowl"},{"floor":9,"key":"Molten Egg 2"},{"floor":11,"key":"Happy Flower"},{"floor":19,"key":"Old Coin"},{"floor":19,"key":"Ornamental Fan"},{"floor":24,"key":"Ancient Tea Set"},{"floor":26,"key":"Bag of Marbles"},{"floor":28,"key":"PreservedInsect"},{"floor":29,"key":"Symbiotic Virus"},{"floor":31,"key":"Oddly Smooth Stone"},{"floor":36,"key":"Pear"},{"floor":41,"key":"Sundial"},{"floor":46,"key":"Thread and Needle"},{"floor":47,"key":"Cables"},{"floor":55,"key":"Boot"}],"event_choices":[{"damage_healed":0,"gold_gain":0,"player_choice":"Donut","damage_taken":0,"max_hp_gain":5,"max_hp_loss":0,"event_name":"Big Fish","floor":2,"gold_loss":0},{"cards_removed":["Strike_B"],"damage_healed":0,"gold_gain":0,"player_choice":"Card Removal","damage_taken":0,"max_hp_gain":0,"max_hp_loss":0,"event_name":"The Cleric","floor":4,"gold_loss":75},{"damage_healed":0,"gold_gain":0,"player_choice":"1 cards matched","damage_taken":0,"max_hp_gain":0,"max_hp_loss":0,"event_name":"Match and Keep!","floor":7,"gold_loss":0,"cards_obtained":["Buffer"]},{"damage_healed":0,"gold_gain":0,"player_choice":"Searched \u00270\u0027 times","damage_taken":0,"max_hp_gain":0,"max_hp_loss":0,"event_name":"Dead Adventurer","floor":14,"gold_loss":0},{"damage_healed":0,"gold_gain":0,"player_choice":"Fight","damage_taken":0,"max_hp_gain":0,"max_hp_loss":0,"event_name":"Colosseum","floor":19,"gold_loss":0},{"damage_healed":0,"gold_gain":0,"player_choice":"Fought Nobs","damage_taken":0,"max_hp_gain":0,"max_hp_loss":0,"event_name":"Colosseum","floor":19,"gold_loss":0},{"damage_healed":0,"gold_gain":0,"player_choice":"Ignored","damage_taken":0,"max_hp_gain":0,"max_hp_loss":0,"event_name":"The Mausoleum","floor":20,"gold_loss":0},{"damage_healed":0,"gold_gain":0,"player_choice":"Fight","damage_taken":0,"max_hp_gain":0,"max_hp_loss":0,"event_name":"MindBloom","floor":46,"gold_loss":0}],"is_beta":false,"boss_relics":[{"not_picked":["Black Star","Lizard Tail"],"picked":"Snecko Eye"},{"not_picked":["Velvet Choker","White Beast Statue"],"picked":"Orrery"}],"items_purged_floors":[22,39,42],"is_endless":false,"potions_floor_spawned":[3,6,13,19,21,27,30,31,35,38,41,47,55],"killed_by":"The Heart","ascension_level":20}