{"gold_per_floor":[13,13,23,38,55,55,87,87,87,87,118,118,150,150,150,150],"floor_reached":16,"playtime":894,"items_purged":[],"score":142,"play_id":"d9c7c740-58a0-4cfa-8ae6-46ce61dd801a","local_time":"20180916210453","is_ascension_mode":true,"campfire_choices":[{"data":"Perfected Strike","floor":6,"key":"SMITH"},{"data":"Spot Weakness","floor":8,"key":"SMITH"},{"data":"Metallicize","floor":10,"key":"SMITH"},{"floor":15,"key":"REST"}],"neow_cost":"NO_GOLD","seed_source_timestamp":152035947191407,"circlet_count":0,"master_deck":["Strike_R","Strike_R","Defend_R","Defend_R","Defend_R","Defend_R","Bash","Spot Weakness+1","Wild Strike","Perfected Strike+1","Metallicize+1","Anger","Twin Strike","Rage","Perfected Strike","Regret"],"relics":["Burning Blood","Ornamental Fan","Matryoshka","Art of War","Singing Bowl","Bottled Lightning","Golden Idol"],"potions_floor_usage":[13,16],"damage_taken":[{"damage":7,"enemies":"Small Slimes","floor":1,"turns":3},{"damage":1,"enemies":"Cultist","floor":3,"turns":3},{"damage":4,"enemies":"Jaw Worm","floor":4,"turns":3},{"damage":2,"enemies":"2 Fungi Beasts","floor":5,"turns":3},{"damage":19,"enemies":"Lagavulin","floor":7,"turns":5},{"damage":23,"enemies":"Gremlin Nob","floor":11,"turns":4},{"damage":10,"enemies":"3 Sentries","floor":13,"turns":7},{"damage":54,"enemies":"Hexaghost","floor":16,"turns":9}],"seed_played":"-3059043891232519433","potions_obtained":[{"floor":1,"key":"Energy Potion"},{"floor":7,"key":"Dexterity Potion"},{"floor":11,"key":"Ancient Potion"}],"is_trial":false,"path_per_floor":["M","?","M","M","M","R","E","R","T","R","E","?","E","?","R"],"character_chosen":"IRONCLAD","items_purchased":[],"campfire_rested":1,"item_purchase_floors":[],"current_hp_per_floor":[79,79,80,80,80,80,67,67,67,67,50,50,48,28,52,0],"gold":150,"neow_bonus":"TRANSFORM_TWO_CARDS","is_prod":false,"is_daily":false,"chose_seed":false,"campfire_upgraded":3,"win_rate":0,"timestamp":1537146293,"path_taken":["M","?","M","M","M","R","E","R","T","R","E","?","E","?","R","BOSS"],"build_version":"2018-09-06","purchased_purges":0,"victory":false,"max_hp_per_floor":[80,80,80,80,80,80,80,80,80,80,80,80,82,82,82,82],"card_choices":[{"not_picked":["Spot Weakness","Combust"],"picked":"Perfected Strike","floor":1},{"not_picked":["Power Through","Corruption"],"picked":"Metallicize","floor":3},{"not_picked":["Shockwave","Sword Boomerang"],"picked":"Anger","floor":4},{"not_picked":["Whirlwind","Rupture"],"picked":"Twin Strike","floor":5},{"not_picked":["Headbutt","Heavy Blade"],"picked":"Rage","floor":7},{"not_picked":["Barricade","Cleave"],"picked":"Perfected Strike","floor":11},{"not_picked":["Reckless Charge","True Grit","Clash"],"picked":"SKIP","floor":13},{"not_picked":["Reckless Charge","True Grit","Clash"],"picked":"Singing Bowl","floor":13}],"player_experience":393877,"relics_obtained":[{"floor":7,"key":"Ornamental Fan"},{"floor":9,"key":"Matryoshka"},{"floor":11,"key":"Art of War"},{"floor":13,"key":"Bottled Lightning"}],"event_choices":[{"event_name":"Wheel of Change","player_choice":"Card Removal","floor":2,"damage_taken":0},{"event_name":"Big Fish","player_choice":"Box","floor":12,"damage_taken":0},{"event_name":"Golden Idol","player_choice":"Take Damage","floor":14,"damage_taken":0}],"is_beta":false,"boss_relics":[],"items_purged_floors":[],"is_endless":false,"potions_floor_spawned":[1,7,11],"killed_by":"Hexaghost","ascension_level":4}