{"gold_per_floor":[119,44,62,79,89,89,115,115,164,174,74,74,92,103,103,203,203,221,236,236,111,111,111,32,42,67,79,92,7,7,20,20,20],"floor_reached":33,"playtime":2422,"items_purged":["Strike_R","Strike_R","Strike_R"],"score":251,"play_id":"90bb8564-afe4-4ff9-a0e4-4a1ec3f478bb","local_time":"20190106074011","is_ascension_mode":false,"campfire_choices":[{"data":"Body Slam","floor":6,"key":"SMITH"},{"data":"Pommel Strike","floor":8,"key":"SMITH"},{"data":"Whirlwind","floor":12,"key":"SMITH"},{"data":"Flex","floor":15,"key":"SMITH"},{"data":"Reaper","floor":23,"key":"SMITH"},{"data":"Inflame","floor":30,"key":"SMITH"},{"floor":32,"key":"REST"}],"neow_cost":"NONE","seed_source_timestamp":452277593296625,"circlet_count":0,"master_deck":["Defend_R","Defend_R","Defend_R","Defend_R","Bash+1","Flex+1","Pommel Strike+1","Body Slam+1","Whirlwind+1","Reaper+1","Inflame+1"],"relics":["Burning Blood","Ornamental Fan","Boot","Empty Cage","Enchiridion","Juzu Bracelet","Bronze Scales"],"potions_floor_usage":[14,16,18,33],"damage_taken":[{"damage":5,"enemies":"Cultist","floor":1,"turns":4},{"damage":1,"enemies":"Jaw Worm","floor":3,"turns":4},{"damage":3,"enemies":"Small Slimes","floor":4,"turns":3},{"damage":6,"enemies":"2 Fungi Beasts","floor":5,"turns":4},{"damage":34,"enemies":"3 Sentries","floor":7,"turns":7},{"damage":7,"enemies":"Blue Slaver","floor":10,"turns":5},{"damage":1,"enemies":"Exordium Wildlife","floor":13,"turns":3},{"damage":18,"enemies":"Exordium Thugs","floor":14,"turns":5},{"damage":23,"enemies":"Slime Boss","floor":16,"turns":7},{"damage":21,"enemies":"Spheric Guardian","floor":18,"turns":4},{"damage":0,"enemies":"3 Byrds","floor":19,"turns":4},{"damage":28,"enemies":"Colosseum Slavers","floor":20,"turns":3},{"damage":4,"enemies":"Snecko","floor":25,"turns":3},{"damage":5,"enemies":"3 Cultists","floor":27,"turns":3},{"damage":61,"enemies":"Centurion and Healer","floor":28,"turns":11},{"damage":41,"enemies":"Sentry and Sphere","floor":31,"turns":5},{"damage":50,"enemies":"Champ","floor":33,"turns":10}],"seed_played":"5854904356759628654","potions_obtained":[{"floor":3,"key":"Explosive Potion"},{"floor":7,"key":"Poison Potion"},{"floor":10,"key":"Swift Potion"},{"floor":13,"key":"Explosive Potion"},{"floor":14,"key":"SteroidPotion"},{"floor":25,"key":"FearPotion"},{"floor":28,"key":"Swift Potion"}],"is_trial":false,"path_per_floor":["M","$","M","M","M","R","E","R","T","M","$","R","M","M","R","B",null,"M","M","?","$","?","R","$","M","T","M","M","?","R","M","R","B"],"character_chosen":"IRONCLAD","items_purchased":["Inflame"],"campfire_rested":1,"item_purchase_floors":[24],"current_hp_per_floor":[80,80,80,80,80,80,52,52,52,51,51,51,56,44,44,27,80,67,80,64,64,48,48,48,57,57,80,43,43,43,16,40,0],"gold":20,"neow_bonus":"UPGRADE_CARD","is_prod":false,"is_daily":false,"chose_seed":false,"campfire_upgraded":6,"win_rate":0.0,"timestamp":1546756811,"path_taken":["M","$","M","M","M","R","E","R","T","?","$","R","M","M","R","BOSS","M","?","?","$","?","R","$","M","T","M","M","?","R","M","R","BOSS"],"build_version":"2019-01-03v4","purchased_purges":3,"victory":false,"max_hp_per_floor":[80,80,80,80,80,80,80,80,80,80,80,80,80,80,80,80,80,80,80,80,80,80,80,80,80,80,80,80,80,80,80,80,80],"card_choices":[{"not_picked":["Reckless Charge","Perfected Strike"],"picked":"Flex","floor":1},{"not_picked":["Rage","Flex","Sword Boomerang"],"picked":"SKIP","floor":3},{"not_picked":["Burning Pact","Intimidate"],"picked":"Pommel Strike","floor":4},{"not_picked":["Reckless Charge","Metallicize"],"picked":"Body Slam","floor":5},{"not_picked":["Sword Boomerang","Rupture","Anger"],"picked":"SKIP","floor":7},{"not_picked":["Pommel Strike","Warcry"],"picked":"Whirlwind","floor":10},{"not_picked":["Heavy Blade","Immolate","Pommel Strike"],"picked":"SKIP","floor":13},{"not_picked":["Clothesline","Pummel","Heavy Blade"],"picked":"SKIP","floor":14},{"not_picked":["Dark Embrace","Immolate"],"picked":"Reaper","floor":16},{"not_picked":["Clothesline","True Grit","Metallicize"],"picked":"SKIP","floor":18},{"not_picked":["Iron Wave+1","Pommel Strike","Battle Trance"],"picked":"SKIP","floor":19},{"not_picked":["Twin Strike+1","Hemokinesis+1","Flex"],"picked":"SKIP","floor":25},{"not_picked":["Twin Strike+1","True Grit","Iron Wave"],"picked":"SKIP","floor":27},{"not_picked":["Fire Breathing","Wild Strike","Rage"],"picked":"SKIP","floor":28},{"not_picked":["Headbutt","Sword Boomerang","Clothesline"],"picked":"SKIP","floor":31}],"player_experience":180646,"relics_obtained":[{"floor":7,"key":"Ornamental Fan"},{"floor":9,"key":"Boot"},{"floor":22,"key":"Enchiridion"},{"floor":26,"key":"Juzu Bracelet"}],"event_choices":[{"damage_healed":0,"gold_gain":0,"player_choice":"Fight","damage_taken":0,"max_hp_gain":0,"max_hp_loss":0,"event_name":"Colosseum","floor":20,"gold_loss":0},{"damage_healed":0,"gold_gain":0,"player_choice":"Fled From Nobs","damage_taken":0,"max_hp_gain":0,"max_hp_loss":0,"event_name":"Colosseum","floor":20,"gold_loss":0},{"damage_healed":0,"gold_gain":0,"player_choice":"Obtained Book","damage_taken":16,"max_hp_gain":0,"max_hp_loss":0,"event_name":"Cursed Tome","floor":22,"gold_loss":0},{"damage_healed":0,"gold_gain":0,"player_choice":"Obtained Relic","damage_taken":0,"relics_obtained":["Bronze Scales"],"max_hp_gain":0,"max_hp_loss":0,"event_name":"Addict","floor":29,"gold_loss":85}],"is_beta":false,"boss_relics":[{"not_picked":["Runic Dome","White Beast Statue"],"picked":"Empty Cage"}],"items_purged_floors":[2,11,21],"is_endless":false,"potions_floor_spawned":[3,7,10,13,14,20,25,28,31],"killed_by":"Champ","ascension_level":0}