{"gold_per_floor":[369,381,331,343,12,46,46,46,100,100,100,116,127,139,139,240,240,258,101,118,136,147,147],"floor_reached":23,"playtime":1826,"items_purged":["Defend_B","Strike_B"],"score":293,"play_id":"93e6e829-507f-4d3c-abd6-710e229970d6","local_time":"20181023221332","is_ascension_mode":true,"campfire_choices":[{"floor":11,"key":"REST"},{"floor":15,"key":"REST"}],"neow_cost":"PERCENT_DAMAGE","seed_source_timestamp":88737963540973,"circlet_count":0,"master_deck":["Strike_B","Defend_B","Defend_B","Defend_B","Zap","Dualcast","AscendersBane","Loop","Tempest","Ball Lightning","Hologram","Conserve Battery","Rainbow","Genetic Algorithm","Electrodynamics","Chill","Ball Lightning","Streamline","Cold Snap","Conserve Battery","Self Repair"],"relics":["Cracked Core","Kunai","Smiling Mask","Bronze Scales","Runic Dome"],"potions_floor_usage":[6,16,21],"damage_taken":[{"damage":1,"enemies":"Cultist","floor":1,"turns":3},{"damage":3,"enemies":"Small Slimes","floor":2,"turns":3},{"damage":2,"enemies":"Jaw Worm","floor":4,"turns":3},{"damage":35,"enemies":"3 Sentries","floor":6,"turns":7},{"damage":0,"enemies":"2 Fungi Beasts","floor":12,"turns":2},{"damage":8,"enemies":"Large Slime","floor":13,"turns":4},{"damage":1,"enemies":"Blue Slaver","floor":14,"turns":3},{"damage":49,"enemies":"Hexaghost","floor":16,"turns":10},{"damage":30,"enemies":"2 Thieves","floor":18,"turns":3},{"damage":0,"enemies":"Spheric Guardian","floor":20,"turns":3},{"damage":4,"enemies":"Cultist and Chosen","floor":21,"turns":4},{"damage":15,"enemies":"Centurion and Healer","floor":22,"turns":5},{"damage":14,"enemies":"Book of Stabbing","floor":23,"turns":3}],"seed_played":"-5988183973878176660","potions_obtained":[{"floor":2,"key":"SteroidPotion"},{"floor":13,"key":"Block Potion"},{"floor":14,"key":"Explosive Potion"}],"is_trial":false,"path_per_floor":["M","M","?","M","$","E","?","?","T","?","R","M","M","M","R","B",null,"M","$","M","M","M"],"character_chosen":"DEFECT","items_purchased":["Kunai","Ball Lightning","Streamline"],"campfire_rested":2,"item_purchase_floors":[5,19,19],"current_hp_per_floor":[49,46,46,44,44,9,9,34,34,27,49,49,41,40,62,13,60,30,30,30,26,11,0],"gold":147,"neow_bonus":"TWO_FIFTY_GOLD","is_prod":false,"is_daily":false,"chose_seed":false,"campfire_upgraded":0,"win_rate":0,"timestamp":1540347212,"path_taken":["M","M","?","M","$","E","?","?","T","?","R","M","M","M","R","BOSS","M","$","M","M","M","E"],"build_version":"2018-10-18","purchased_purges":2,"victory":false,"max_hp_per_floor":[75,75,75,75,75,75,75,75,75,75,75,75,75,75,75,75,75,75,75,75,75,75,75],"card_choices":[{"not_picked":["Rebound","Turbo"],"picked":"Loop","floor":1},{"not_picked":["Reprogram","Streamline"],"picked":"Tempest","floor":2},{"not_picked":["Hologram","Leap"],"picked":"Ball Lightning","floor":4},{"not_picked":["Aggregate","Blizzard"],"picked":"Hologram","floor":6},{"not_picked":["Ball Lightning","Coolheaded"],"picked":"Conserve Battery","floor":12},{"not_picked":["Coolheaded","Ball Lightning"],"picked":"Rainbow","floor":13},{"not_picked":["Compile Driver","Turbo"],"picked":"Genetic Algorithm","floor":14},{"not_picked":["All For One","Meteor Strike"],"picked":"Electrodynamics","floor":16},{"not_picked":["Redo","Skim"],"picked":"Chill","floor":18},{"not_picked":["Stack+1","Leap"],"picked":"Cold Snap","floor":20},{"not_picked":["Leap","Coolheaded"],"picked":"Conserve Battery","floor":21},{"not_picked":["Sweeping Beam","Ball Lightning"],"picked":"Self Repair","floor":22}],"player_experience":654472,"relics_obtained":[{"floor":6,"key":"Smiling Mask"},{"floor":9,"key":"Bronze Scales"}],"event_choices":[{"cards_removed":["Strike_B"],"damage_healed":0,"gold_gain":0,"player_choice":"Card Removal","damage_taken":0,"max_hp_gain":0,"max_hp_loss":0,"event_name":"The Cleric","floor":3,"gold_loss":50},{"damage_healed":0,"gold_gain":0,"player_choice":"Fled","damage_taken":0,"max_hp_gain":0,"max_hp_loss":0,"event_name":"Scrap Ooze","floor":7,"gold_loss":0},{"damage_healed":25,"gold_gain":0,"player_choice":"Banana","damage_taken":0,"max_hp_gain":0,"max_hp_loss":0,"event_name":"Big Fish","floor":8,"gold_loss":0},{"cards_removed":["Strike_B"],"damage_healed":0,"gold_gain":0,"player_choice":"Card Removal","damage_taken":7,"max_hp_gain":0,"max_hp_loss":0,"event_name":"Golden Wing","floor":10,"gold_loss":0}],"is_beta":false,"boss_relics":[{"not_picked":["Astrolabe","Coffee Dripper"],"picked":"Runic Dome"}],"items_purged_floors":[5,19],"is_endless":false,"potions_floor_spawned":[2,13,14],"killed_by":"Book of Stabbing","ascension_level":10}