{"gold_per_floor":[417,36,55,67,87,87,106,132,157,183,195,237,259,271,283,368,380,366,389,412,339,351,363],"floor_reached":23,"playtime":1179,"items_purged":["Defend_G"],"score":371,"play_id":"70992e66-e03b-4d33-b9ae-4bbb1b34e521","local_time":"20190207221645","is_ascension_mode":true,"campfire_choices":[{"floor":6.0,"key":"REST"},{"floor":15.0,"key":"REST"}],"neow_cost":"TEN_PERCENT_HP_LOSS","seed_source_timestamp":0,"circlet_count":0,"master_deck":["AscendersBane","Defend_G","Defend_G","Defend_G","Defend_G","Strike_G","Strike_G","Strike_G","Strike_G","Strike_G","Survivor","Neutralize+1","Cloak And Dagger","Caltrops","Backflip","Deadly Poison","Dodge and Roll","Bouncing Flask","Escape Plan","Dagger Throw","Bouncing Flask","Crippling Poison","A Thousand Cuts","Noxious Fumes","Deflect"],"special_seed":0,"relics":["Ring of the Snake","Old Coin","Membership Card","Vajra","Ancient Tea Set","MawBank","Fusion Hammer","Smiling Mask"],"potions_floor_usage":[],"damage_taken":[{"damage":6.0,"enemies":"Cultist","floor":1.0,"turns":5.0},{"damage":5.0,"enemies":"Small Slimes","floor":3.0,"turns":3.0},{"damage":4.0,"enemies":"2 Louse","floor":4.0,"turns":3.0},{"damage":9.0,"enemies":"Looter","floor":5.0,"turns":3.0},{"damage":6.0,"enemies":"Exordium Thugs","floor":7.0,"turns":4.0},{"damage":24.0,"enemies":"Lagavulin","floor":8.0,"turns":6.0},{"damage":3.0,"enemies":"Large Slime","floor":10.0,"turns":5.0},{"damage":9.0,"enemies":"Looter","floor":13.0,"turns":3.0},{"damage":19.0,"enemies":"Hexaghost","floor":16.0,"turns":8.0},{"damage":15.0,"enemies":"2 Thieves","floor":18.0,"turns":4.0},{"damage":10.0,"enemies":"Spheric Guardian","floor":19.0,"turns":4.0},{"damage":18.0,"enemies":"Snake Plant","floor":20.0,"turns":5.0},{"damage":7,"enemies":"Book of Stabbing","floor":23,"turns":3}],"seed_played":"8359564765961004565","potions_obtained":[{"floor":4.0,"key":"EssenceOfSteel"},{"floor":5.0,"key":"EssenceOfSteel"},{"floor":13.0,"key":"Swift Potion"}],"is_trial":false,"path_per_floor":["M","$","M","M","M","R","M","E","T","M","?","?","M","?","R","B",null,"M","M","M","?","?","E"],"character_chosen":"THE_SILENT","items_purchased":["Membership Card","Vajra","Caltrops","Backflip"],"campfire_rested":2,"item_purchase_floors":[2,2,2,2],"current_hp_per_floor":[53,53,48,44,35,53,47,23,23,20,20,20,11,11,29,10,48,33,23,5,5,5,0],"gold":363,"neow_bonus":"ONE_RARE_RELIC","is_prod":false,"is_daily":false,"chose_seed":false,"campfire_upgraded":0,"win_rate":0,"timestamp":1549595805,"path_taken":["M","$","M","M","M","R","M","E","T","?","?","?","M","?","R","BOSS","M","M","M","?","?","E"],"build_version":"2019-01-23","purchased_purges":1,"victory":false,"max_hp_per_floor":[60,60,60,60,60,60,60,60,60,60,60,60,60,60,60,60,60,60,60,60,60,60,60],"card_choices":[{"not_picked":["Riddle With Holes","Dodge and Roll"],"picked":"Cloak And Dagger","floor":1.0},{"not_picked":["Underhanded Strike","Outmaneuver"],"picked":"Deadly Poison","floor":3.0},{"not_picked":["Poisoned Stab","Outmaneuver"],"picked":"Dodge and Roll","floor":4.0},{"not_picked":["Phantasmal Killer","Underhanded Strike"],"picked":"Bouncing Flask","floor":5.0},{"not_picked":["Slice","Dagger Throw"],"picked":"Escape Plan","floor":7.0},{"not_picked":["Storm of Steel","Finisher"],"picked":"Dagger Throw","floor":8.0},{"not_picked":["Flechettes","Quick Slash"],"picked":"Bouncing Flask","floor":10.0},{"not_picked":["Reflex","Dodge and Roll"],"picked":"Crippling Poison","floor":13.0},{"not_picked":["Grand Finale","Venomology"],"picked":"A Thousand Cuts","floor":16.0},{"not_picked":["Poisoned Stab","Backflip+1"],"picked":"Noxious Fumes","floor":18.0},{"not_picked":["Choke","Riddle With Holes"],"picked":"Deflect","floor":19.0},{"not_picked":["Sucker Punch","Prepared","Blade Dance"],"picked":"SKIP","floor":20.0}],"player_experience":1033356,"relics_obtained":[{"floor":8.0,"key":"Ancient Tea Set"},{"floor":9.0,"key":"MawBank"}],"event_choices":[{"damage_healed":0.0,"max_hp_gain":0.0,"max_hp_loss":0.0,"gold_gain":0.0,"event_name":"Shining Light","player_choice":"Ignored","floor":11.0,"gold_loss":0.0,"damage_taken":0.0},{"damage_healed":0.0,"max_hp_gain":0.0,"max_hp_loss":0.0,"gold_gain":30.0,"event_name":"Dead Adventurer","player_choice":"Searched \u00271\u0027 times","floor":12.0,"gold_loss":0.0,"damage_taken":0.0},{"damage_healed":0.0,"max_hp_gain":0.0,"max_hp_loss":0.0,"gold_gain":0.0,"event_name":"Upgrade Shrine","player_choice":"Upgraded","floor":14.0,"gold_loss":0.0,"damage_taken":0.0,"cards_upgraded":["Neutralize"]},{"damage_healed":0.0,"max_hp_gain":0.0,"max_hp_loss":0.0,"gold_gain":0.0,"event_name":"Addict","player_choice":"Obtained Relic","floor":21.0,"gold_loss":85.0,"damage_taken":0.0,"relics_obtained":["Smiling Mask"]},{"damage_healed":0.0,"max_hp_gain":0.0,"max_hp_loss":0.0,"gold_gain":0.0,"event_name":"Cursed Tome","player_choice":"Ignored","floor":22.0,"gold_loss":0.0,"damage_taken":0.0}],"is_beta":false,"boss_relics":[{"not_picked":["Empty Cage","Snecko Eye"],"picked":"Fusion Hammer"}],"items_purged_floors":[2],"is_endless":false,"potions_floor_spawned":[4,5,13],"killed_by":"Book of Stabbing","ascension_level":18}