{"gold_per_floor":[117,134,147,147,166,166,166,185,209,242,263,286,329,179,179,304,304,244,257,257],"floor_reached":20,"playtime":1250,"items_purged":["Injury"],"score":212,"play_id":"b432ff97-a7c8-4538-95b2-8233e2887bf9","local_time":"20180907161040","is_ascension_mode":true,"campfire_choices":[{"data":"Fusion","floor":6,"key":"SMITH"},{"floor":15,"key":"REST"}],"neow_cost":"NONE","seed_source_timestamp":195887721707965,"circlet_count":0,"master_deck":["Strike_B","Strike_B","Strike_B","Strike_B","Defend_B","Defend_B","Defend_B","Defend_B","Zap+1","Dualcast","Coolheaded","Loop","Conserve Battery+1","Fusion+1","Genetic Algorithm","Consume","Hello World","Ball Lightning","Electrodynamics","Echo Form","Leap","White Noise"],"relics":["Cracked Core","Golden Idol","Centennial Puzzle","Regal Pillow","PreservedInsect","Vajra","Inserter"],"potions_floor_usage":[11,19,20,20],"damage_taken":[{"damage":9,"enemies":"Small Slimes","floor":1,"turns":3},{"damage":0,"enemies":"Cultist","floor":2,"turns":4},{"damage":0,"enemies":"2 Louse","floor":3,"turns":2},{"damage":4,"enemies":"Looter","floor":5,"turns":4},{"damage":6,"enemies":"Blue Slaver","floor":8,"turns":4},{"damage":8,"enemies":"Lagavulin","floor":10,"turns":10},{"damage":19,"enemies":"Exordium Thugs","floor":11,"turns":6},{"damage":7,"enemies":"3 Sentries","floor":13,"turns":6},{"damage":47,"enemies":"Hexaghost","floor":16,"turns":8},{"damage":25,"enemies":"2 Thieves","floor":18,"turns":4},{"damage":30,"enemies":"Chosen","floor":19,"turns":5},{"damage":19,"enemies":"Colosseum Slavers","floor":20,"turns":3},{"damage":30,"enemies":"Colosseum Nobs","floor":20,"turns":2}],"seed_played":"209939156388477776","potions_obtained":[{"floor":1,"key":"SteroidPotion"},{"floor":2,"key":"EssenceOfSteel"},{"floor":3,"key":"Regen Potion"},{"floor":10,"key":"Regen Potion"},{"floor":13,"key":"Regen Potion"},{"floor":16,"key":"PowerPotion"},{"floor":19,"key":"SpeedPotion"}],"is_trial":false,"path_per_floor":["M","M","M","?","M","R","?","M","T","E","M","T","E","$","R","B",null,"M","M"],"character_chosen":"DEFECT","items_purchased":["Electrodynamics"],"campfire_rested":1,"item_purchase_floors":[14],"current_hp_per_floor":[66,66,66,66,62,62,62,56,56,48,41,41,34,34,71,24,75,50,32,0],"gold":257,"neow_bonus":"UPGRADE_CARD","is_prod":false,"is_daily":false,"chose_seed":false,"campfire_upgraded":1,"win_rate":0,"timestamp":1536351040,"path_taken":["M","M","M","?","M","R","?","M","T","E","M","?","E","$","R","BOSS","M","M","?"],"build_version":"2018-09-06","purchased_purges":1,"victory":false,"max_hp_per_floor":[75,75,75,75,75,75,75,75,75,75,75,75,75,75,75,75,75,75,75,75],"card_choices":[{"not_picked":["Loop","Turbo"],"picked":"Coolheaded","floor":1},{"not_picked":["Rebound","Reprogram"],"picked":"Loop","floor":2},{"not_picked":["Cold Snap","Beam Cell"],"picked":"Conserve Battery","floor":3},{"not_picked":["Redo","All For One"],"picked":"Fusion","floor":5},{"not_picked":["Turbo","Stack"],"picked":"Genetic Algorithm","floor":8},{"not_picked":["Steam","Stack"],"picked":"Consume","floor":10},{"not_picked":["Streamline","Steam Power"],"picked":"Hello World","floor":11},{"not_picked":["Chaos","Glacier"],"picked":"Ball Lightning","floor":13},{"not_picked":["Machine Learning","All For One"],"picked":"Echo Form","floor":16},{"not_picked":["Reprogram","Gash"],"picked":"Leap","floor":18},{"not_picked":["Blizzard","Melter"],"picked":"White Noise","floor":19}],"player_experience":308287,"relics_obtained":[{"floor":9,"key":"Centennial Puzzle"},{"floor":10,"key":"Regal Pillow"},{"floor":12,"key":"PreservedInsect"},{"floor":13,"key":"Vajra"}],"event_choices":[{"event_name":"Upgrade Shrine","player_choice":"Upgraded","floor":4,"damage_taken":0},{"event_name":"Golden Idol","player_choice":"Take Wound","floor":7,"damage_taken":0},{"event_name":"Colosseum","player_choice":"Fight","floor":20,"damage_taken":0},{"event_name":"Colosseum","player_choice":"Fought Nobs","floor":20,"damage_taken":0}],"is_beta":false,"boss_relics":[{"not_picked":["Black Star","Orrery"],"picked":"Inserter"}],"items_purged_floors":[14],"is_endless":false,"potions_floor_spawned":[1,2,3,10,13,16,19],"killed_by":"Colosseum Nobs","ascension_level":3}