{"gold_per_floor":[111,72,82,32,107,107,132,132,181,181,215,225,244,244,244,344,394,407,407,58,58,110,110,123,222,222,222,222,222,222,222,222,319,319,330,300,10,25,42,42,4,4,304,304,321,321,321,340,340,340],"floor_reached":50,"playtime":2031,"items_purged":["Strike_G","Outmaneuver"],"score":702,"play_id":"5ca2750b-cba4-4973-8203-2b397ddf2765","local_time":"20190106234842","is_ascension_mode":true,"campfire_choices":[{"data":"Neutralize","floor":6.0,"key":"SMITH"},{"data":"Well Laid Plans","floor":8.0,"key":"SMITH"},{"data":"Leg Sweep","floor":10.0,"key":"SMITH"},{"floor":15.0,"key":"REST"},{"data":"Envenom","floor":23.0,"key":"SMITH"},{"data":"Cloak And Dagger","floor":28.0,"key":"SMITH"},{"data":"Footwork","floor":30.0,"key":"SMITH"},{"data":"Blade Dance","floor":32.0,"key":"SMITH"},{"floor":40.0,"key":"REST"},{"floor":42.0,"key":"REST"},{"data":"Trip","floor":47.0,"key":"SMITH"},{"data":"Blur","floor":49.0,"key":"SMITH"}],"neow_cost":"NONE","seed_source_timestamp":180410406579374,"circlet_count":0,"master_deck":["Defend_G+1","Defend_G+1","Defend_G+1","Defend_G+1","Strike_G+1","Strike_G+1","Strike_G+1","Strike_G+1","Survivor","Neutralize+1","Leg Sweep+1","Well Laid Plans+1","Blade Dance+1","Dagger Spray","Flying Knee","Heel Hook+1","Envenom+1","Footwork+1","Cloak And Dagger+1","Deadly Poison+1","PiercingWail","Unload","Crippling Poison+1","Deflect+1","Panache","Blur+1","Corpse Explosion","Bane+1","Footwork+1","Dash","Trip+1","Escape Plan","Flechettes+1","Infinite Blades+1"],"special_seed":0,"relics":["Ring of the Snake","NeowsBlessing","PreservedInsect","Omamori","Pen Nib","Tiny House","Smiling Mask","Prayer Wheel","Juzu Bracelet","Matryoshka","WristBlade","The Courier","Old Coin"],"potions_floor_usage":[50,50],"damage_taken":[{"damage":0.0,"enemies":"2 Louse","floor":1.0,"turns":1.0},{"damage":0.0,"enemies":"Small Slimes","floor":3.0,"turns":1.0},{"damage":0.0,"enemies":"Gremlin Nob","floor":7.0,"turns":1.0},{"damage":10.0,"enemies":"3 Sentries","floor":11.0,"turns":5.0},{"damage":2.0,"enemies":"Jaw Worm","floor":12.0,"turns":4.0},{"damage":0.0,"enemies":"2 Fungi Beasts","floor":13.0,"turns":3.0},{"damage":58.0,"enemies":"The Guardian","floor":16.0,"turns":19.0},{"damage":0.0,"enemies":"Chosen","floor":18.0,"turns":6.0},{"damage":6.0,"enemies":"3 Byrds","floor":24.0,"turns":6.0},{"damage":71.0,"enemies":"Collector","floor":33.0,"turns":16.0},{"damage":23.0,"enemies":"Orb Walker","floor":35.0,"turns":6.0},{"damage":10.0,"enemies":"3 Shapes","floor":38.0,"turns":5.0},{"damage":10.0,"enemies":"Jaw Worm Horde","floor":39.0,"turns":4.0},{"damage":27.0,"enemies":"Sphere and 2 Shapes","floor":45.0,"turns":5.0},{"damage":8.0,"enemies":"4 Shapes","floor":48.0,"turns":8.0},{"damage":65,"enemies":"Awakened One","floor":50,"turns":3}],"seed_played":"1233783317821009330","potions_obtained":[{"floor":7.0,"key":"SkillPotion"},{"floor":12.0,"key":"GhostInAJar"},{"floor":17.0,"key":"SkillPotion"},{"floor":18.0,"key":"EssenceOfSteel"},{"floor":33.0,"key":"Swift Potion"},{"floor":36.0,"key":"Poison Potion"},{"floor":36.0,"key":"SpeedPotion"},{"floor":38.0,"key":"Ancient Potion"}],"is_trial":false,"path_per_floor":["M","$","M","?","?","R","E","R","T","R","E","M","M","?","R","B",null,"M","?","$","?","T","R","M","?","T","?","R","?","R","?","R","B",null,"M","?","$","M","M","R","$","R","T","?","M","?","R","M","R","B"],"character_chosen":"THE_SILENT","items_purchased":["Well Laid Plans","Prayer Wheel","Panache","Blur","Dash"],"campfire_rested":3,"item_purchase_floors":[2,20,37,37,41],"current_hp_per_floor":[63,63,63,63,52,52,52,52,52,52,42,40,40,40,61,3,58,58,58,58,58,58,58,52,52,52,52,52,75,75,75,75,4,57,34,34,34,24,14,36,36,58,58,58,31,66,66,58,58,0],"gold":340,"neow_bonus":"THREE_ENEMY_KILL","is_prod":false,"is_daily":false,"chose_seed":false,"campfire_upgraded":9,"win_rate":0,"timestamp":1546836522,"path_taken":["M","$","M","?","?","R","E","R","T","R","E","M","M","?","R","BOSS","M","?","$","?","?","R","M","?","T","?","R","?","R","?","R","BOSS","M","?","$","M","M","R","$","R","T","?","M","?","R","M","R","BOSS"],"build_version":"2019-01-03v4","purchased_purges":2,"victory":false,"max_hp_per_floor":[70,70,70,70,70,70,70,70,70,70,70,70,70,70,70,70,75,75,75,75,75,75,75,75,75,75,75,75,75,75,75,75,75,75,75,75,75,75,75,75,75,75,75,75,75,66,66,66,66,66],"card_choices":[{"not_picked":["Bane","Flechettes"],"picked":"Leg Sweep","floor":1.0},{"not_picked":["Endless Agony","Prepared"],"picked":"Blade Dance","floor":3.0},{"not_picked":["Dodge and Roll","Outmaneuver"],"picked":"Dagger Spray","floor":7.0},{"not_picked":["Deflect","Reflex"],"picked":"Flying Knee","floor":11.0},{"not_picked":["Deadly Poison","Bouncing Flask"],"picked":"Heel Hook","floor":12.0},{"not_picked":["Deflect","Dagger Spray"],"picked":"Outmaneuver","floor":13.0},{"not_picked":["Storm of Steel","Malaise"],"picked":"Envenom","floor":16.0},{"not_picked":["Catalyst","Expertise"],"picked":"Footwork","floor":17.0},{"not_picked":["Escape Plan","Sucker Punch"],"picked":"Cloak And Dagger","floor":18.0},{"not_picked":["Dagger Throw","Flying Knee+1"],"picked":"Deadly Poison+1","floor":24.0},{"not_picked":["Outmaneuver+1","Unload"],"picked":"PiercingWail","floor":24.0},{"not_picked":["Doppelganger","Envenom"],"picked":"Unload","floor":33.0},{"not_picked":["Bane","Calculated Gamble+1"],"picked":"Crippling Poison+1","floor":35.0},{"not_picked":["Bane","Dagger Spray"],"picked":"Deflect+1","floor":35.0},{"not_picked":["Masterful Stab+1","Flying Knee"],"picked":"Corpse Explosion","floor":38.0},{"not_picked":["Deadly Poison+1","Concentrate+1"],"picked":"Bane+1","floor":38.0},{"not_picked":["Reflex","Outmaneuver"],"picked":"Footwork+1","floor":39.0},{"not_picked":["Poisoned Stab+1","Tactician","Sucker Punch"],"picked":"SKIP","floor":39.0},{"not_picked":["Madness","Secret Technique"],"picked":"Trip","floor":44.0},{"not_picked":["Dagger Throw+1","Riddle With Holes+1"],"picked":"Escape Plan","floor":45.0},{"not_picked":["Flying Knee","Prepared+1"],"picked":"Flechettes+1","floor":45.0},{"not_picked":["Deadly Poison","Acrobatics+1"],"picked":"Infinite Blades+1","floor":48.0},{"not_picked":["Poisoned Stab+1","Blade Dance+1","Deflect"],"picked":"SKIP","floor":48.0}],"player_experience":512880,"relics_obtained":[{"floor":7.0,"key":"PreservedInsect"},{"floor":9.0,"key":"Omamori"},{"floor":11.0,"key":"Pen Nib"},{"floor":22.0,"key":"Juzu Bracelet"},{"floor":26.0,"key":"Matryoshka"},{"floor":43.0,"key":"The Courier"},{"floor":43.0,"key":"Old Coin"}],"event_choices":[{"cards_removed":["Defend_G"],"damage_healed":0.0,"max_hp_gain":0.0,"max_hp_loss":0.0,"gold_gain":0.0,"event_name":"The Cleric","player_choice":"Card Removal","floor":4.0,"gold_loss":50.0,"damage_taken":0.0},{"damage_healed":0.0,"max_hp_gain":0.0,"max_hp_loss":0.0,"gold_gain":75.0,"event_name":"World of Goop","player_choice":"Gather Gold","floor":5.0,"gold_loss":0.0,"damage_taken":11.0},{"damage_healed":0.0,"max_hp_gain":0.0,"max_hp_loss":0.0,"gold_gain":0.0,"event_name":"Living Wall","player_choice":"Grow","floor":14.0,"gold_loss":0.0,"damage_taken":0.0,"cards_upgraded":["Heel Hook"]},{"damage_healed":0.0,"max_hp_gain":0.0,"max_hp_loss":0.0,"gold_gain":0.0,"event_name":"The Mausoleum","player_choice":"Opened","floor":19.0,"gold_loss":0.0,"damage_taken":0.0,"relics_obtained":["Smiling Mask"],"cards_obtained":["Writhe"]},{"damage_healed":0.0,"max_hp_gain":0.0,"max_hp_loss":0.0,"gold_gain":0.0,"event_name":"Vampires","player_choice":"Ignored","floor":21.0,"gold_loss":0.0,"damage_taken":0.0},{"damage_healed":0.0,"max_hp_gain":0.0,"max_hp_loss":0.0,"gold_gain":99.0,"event_name":"Nest","player_choice":"Stole From Cult","floor":25.0,"gold_loss":0.0,"damage_taken":0.0},{"damage_healed":0.0,"max_hp_gain":0.0,"max_hp_loss":0.0,"gold_gain":0.0,"event_name":"Ghosts","player_choice":"Ignored","floor":27.0,"gold_loss":0.0,"damage_taken":0.0},{"damage_healed":25.0,"max_hp_gain":0.0,"max_hp_loss":0.0,"gold_gain":0.0,"event_name":"The Library","player_choice":"Heal","floor":29.0,"gold_loss":0.0,"damage_taken":0.0},{"damage_healed":0.0,"max_hp_gain":0.0,"max_hp_loss":0.0,"gold_gain":0.0,"event_name":"Back to Basics","player_choice":"Simplicity","floor":31.0,"gold_loss":0.0,"damage_taken":0.0,"cards_upgraded":["Defend_G","Defend_G","Defend_G","Defend_G","Strike_G","Strike_G","Strike_G"]},{"damage_healed":0.0,"max_hp_gain":0.0,"max_hp_loss":0.0,"gold_gain":0.0,"event_name":"The Woman in Blue","player_choice":"Bought 2 Potions","floor":36.0,"gold_loss":0.0,"damage_taken":0.0},{"damage_healed":0.0,"max_hp_gain":0.0,"max_hp_loss":0.0,"gold_gain":0.0,"event_name":"SensoryStone","player_choice":"Memory 1","floor":44.0,"gold_loss":0.0,"damage_taken":0.0},{"damage_healed":66.0,"max_hp_gain":0.0,"max_hp_loss":9.0,"gold_gain":0.0,"event_name":"The Moai Head","player_choice":"Heal","floor":46.0,"gold_loss":0.0,"damage_taken":0.0}],"is_beta":true,"boss_relics":[{"not_picked":["White Beast Statue","Velvet Choker"],"picked":"Tiny House"},{"not_picked":["Philosopher\u0027s Stone","Runic Dome"],"picked":"WristBlade"}],"items_purged_floors":[20,37],"is_endless":false,"potions_floor_spawned":[7,12,18,33,38,39,45],"killed_by":"Awakened One","ascension_level":9}