{"gold_per_floor":[117,130,148,163,163,163,180,180,180,215,215,31,46,56,56,130,130,150,150,150,103,116,116,126,145,197,211,211,211,211,229,229,302,302,316,1315,1335,1335,1335,1335,981,1014,1038,1038],"floor_reached":44,"playtime":3171,"items_purged":["Normality"],"score":937,"play_id":"5c44f1e0-3782-4bb9-a590-5dcc76424b8b","local_time":"20190211225500","is_ascension_mode":true,"campfire_choices":[{"data":"Poisoned Stab","floor":6.0,"key":"SMITH"},{"data":"Dagger Spray","floor":8.0,"key":"SMITH"},{"data":"Neutralize","floor":11.0,"key":"SMITH"},{"data":"Footwork","floor":15.0,"key":"SMITH"},{"data":"J.A.X.","floor":23.0,"key":"SMITH"},{"data":"Well Laid Plans","floor":28.0,"key":"SMITH"},{"data":"Footwork","floor":30.0,"key":"SMITH"},{"data":"Malaise","floor":32.0,"key":"SMITH"},{"data":"Caltrops","floor":40.0,"key":"SMITH"}],"neow_cost":"NONE","seed_source_timestamp":278280745541299,"circlet_count":0,"master_deck":["AscendersBane","Defend_G","Defend_G","Defend_G","Defend_G","Defend_G","Survivor","Neutralize+1","Sucker Punch","Poisoned Stab+1","Backflip","PiercingWail","Dagger Spray+1","Die Die Die","Dash","Footwork+1","Deflect","PiercingWail","Well Laid Plans+1","Malaise+1","Bite","Bite","Bite","Bite","Bite","J.A.X.+1","Cloak And Dagger","Dodge and Roll","Night Terror","Footwork+1","Dodge and Roll","Die Die Die","Caltrops+1","Normality","Writhe"],"special_seed":0,"relics":["Ring of the Snake","Vajra","Happy Flower","Philosopher\u0027s Stone","Pen Nib","Velvet Choker","Bottled Lightning","Shuriken","Mercury Hourglass","Anchor"],"potions_floor_usage":[],"damage_taken":[{"damage":0.0,"enemies":"2 Louse","floor":1.0,"turns":5.0},{"damage":1.0,"enemies":"Small Slimes","floor":2.0,"turns":5.0},{"damage":4.0,"enemies":"Jaw Worm","floor":3.0,"turns":6.0},{"damage":0.0,"enemies":"2 Fungi Beasts","floor":4.0,"turns":5.0},{"damage":12.0,"enemies":"Large Slime","floor":7.0,"turns":7.0},{"damage":5.0,"enemies":"3 Sentries","floor":10.0,"turns":8.0},{"damage":0.0,"enemies":"Looter","floor":13.0,"turns":3.0},{"damage":0.0,"enemies":"Lots of Slimes","floor":14.0,"turns":4.0},{"damage":4.0,"enemies":"The Guardian","floor":16.0,"turns":14.0},{"damage":10.0,"enemies":"Spheric Guardian","floor":18.0,"turns":6.0},{"damage":8.0,"enemies":"2 Thieves","floor":21.0,"turns":5.0},{"damage":27.0,"enemies":"Cultist and Chosen","floor":22.0,"turns":10.0},{"damage":9.0,"enemies":"Snake Plant","floor":24.0,"turns":6.0},{"damage":10.0,"enemies":"Snecko","floor":25.0,"turns":6.0},{"damage":20.0,"enemies":"Centurion and Healer","floor":27.0,"turns":10.0},{"damage":21.0,"enemies":"Chosen and Byrds","floor":31.0,"turns":9.0},{"damage":18.0,"enemies":"Champ","floor":33.0,"turns":17.0},{"damage":24.0,"enemies":"3 Shapes","floor":35.0,"turns":11.0},{"damage":15.0,"enemies":"Orb Walker","floor":37.0,"turns":5.0},{"damage":51,"enemies":"Giant Head","floor":42,"turns":15},{"damage":28,"enemies":"Reptomancer","floor":44,"turns":3}],"seed_played":"-2247272131994181","potions_obtained":[{"floor":1.0,"key":"GhostInAJar"},{"floor":7.0,"key":"FearPotion"},{"floor":13.0,"key":"GhostInAJar"},{"floor":16.0,"key":"Block Potion"},{"floor":18.0,"key":"GhostInAJar"},{"floor":24.0,"key":"Ancient Potion"},{"floor":25.0,"key":"Weak Potion"},{"floor":27.0,"key":"Strength Potion"}],"is_trial":false,"path_per_floor":["M","M","M","M","?","R","M","R","T","E","R","$","M","M","R","B",null,"M","?","?","M","M","R","M","M","T","M","R","?","R","M","R","B",null,"M","?","M","T","?","R","$","E","T","E"],"character_chosen":"THE_SILENT","items_purchased":["Dash","Footwork","Deflect","Shuriken"],"campfire_rested":0,"item_purchase_floors":[12,12,12,41],"current_hp_per_floor":[65,64,60,60,60,60,48,48,48,43,43,43,43,43,43,39,64,54,50,50,48,38,38,39,41,41,37,37,37,37,26,26,32,46,42,42,37,37,47,47,47,16,16,0],"gold":1038,"neow_bonus":"TEN_PERCENT_HP_BONUS","is_prod":false,"is_daily":false,"chose_seed":false,"campfire_upgraded":9,"win_rate":0,"timestamp":1549943700,"path_taken":["M","M","M","M","?","R","M","R","T","E","R","$","M","M","R","BOSS","M","?","?","M","M","R","M","M","T","M","R","?","R","M","R","BOSS","M","?","M","?","?","R","$","E","T","E"],"build_version":"2019-01-23","purchased_purges":1,"victory":false,"max_hp_per_floor":[72,72,72,72,72,72,72,72,72,72,72,72,72,72,72,72,72,72,50,50,50,50,50,50,50,50,50,50,50,50,50,50,50,50,50,50,50,50,50,50,50,50,50,50],"card_choices":[{"not_picked":["Tactician","Terror"],"picked":"Sucker Punch","floor":1.0},{"not_picked":["Concentrate","Underhanded Strike"],"picked":"Poisoned Stab","floor":2.0},{"not_picked":["Distraction","Flying Knee"],"picked":"Backflip","floor":3.0},{"not_picked":["Quick Slash","Blade Dance"],"picked":"PiercingWail","floor":4.0},{"not_picked":["Blade Dance","Bane"],"picked":"Dagger Spray","floor":7.0},{"not_picked":["Bullet Time","Deflect"],"picked":"Die Die Die","floor":10.0},{"not_picked":["Underhanded Strike","Poisoned Stab"],"picked":"PiercingWail","floor":13.0},{"not_picked":["Poisoned Stab","Dagger Spray"],"picked":"Well Laid Plans","floor":14.0},{"not_picked":["Tools of the Trade","Wraith Form v2"],"picked":"Malaise","floor":16.0},{"not_picked":["Blade Dance","Bane+1","Outmaneuver"],"picked":"SKIP","floor":18.0},{"not_picked":["Infinite Blades","Underhanded Strike"],"picked":"Cloak And Dagger","floor":21.0},{"not_picked":["Blade Dance","Infinite Blades"],"picked":"Dodge and Roll","floor":22.0},{"not_picked":["Sucker Punch+1","All Out Attack","Bane+1"],"picked":"SKIP","floor":24.0},{"not_picked":["Dagger Throw","Dodge and Roll"],"picked":"Night Terror","floor":25.0},{"not_picked":["Quick Slash","Setup","Bane"],"picked":"SKIP","floor":27.0},{"not_picked":["Well Laid Plans","Deflect"],"picked":"Dodge and Roll","floor":31.0},{"not_picked":["Phantasmal Killer","Unload"],"picked":"Die Die Die","floor":33.0},{"not_picked":["Heel Hook","Riddle With Holes+1"],"picked":"Caltrops","floor":35.0},{"not_picked":["Eviscerate","Blade Dance+1","Poisoned Stab"],"picked":"SKIP","floor":37.0},{"not_picked":["Bane","Distraction","Deflect"],"picked":"SKIP","floor":42}],"player_experience":1203120,"relics_obtained":[{"floor":9.0,"key":"Vajra"},{"floor":10.0,"key":"Happy Flower"},{"floor":26.0,"key":"Pen Nib"},{"floor":38.0,"key":"Bottled Lightning"},{"floor":42,"key":"Mercury Hourglass"},{"floor":43,"key":"Anchor"}],"event_choices":[{"damage_healed":0.0,"max_hp_gain":0.0,"max_hp_loss":0.0,"gold_gain":0.0,"event_name":"Golden Idol","player_choice":"Ignored","floor":5.0,"gold_loss":0.0,"damage_taken":0.0},{"damage_healed":0.0,"max_hp_gain":0.0,"max_hp_loss":22.0,"gold_gain":0.0,"event_name":"Vampires","player_choice":"Became a vampire","floor":19.0,"gold_loss":0.0,"damage_taken":0.0,"cards_obtained":["Bite","Bite","Bite","Bite","Bite"]},{"damage_healed":0.0,"max_hp_gain":0.0,"max_hp_loss":0.0,"gold_gain":0.0,"event_name":"Drug Dealer","player_choice":"Obtain J.A.X.","floor":20.0,"gold_loss":0.0,"damage_taken":0.0,"cards_obtained":["J.A.X."]},{"damage_healed":0.0,"max_hp_gain":0.0,"max_hp_loss":0.0,"gold_gain":0.0,"event_name":"The Library","player_choice":"Read","floor":29.0,"gold_loss":0.0,"damage_taken":0.0,"cards_obtained":["Footwork"]},{"damage_healed":0.0,"max_hp_gain":0.0,"max_hp_loss":0.0,"gold_gain":999.0,"event_name":"MindBloom","player_choice":"Gold","floor":36.0,"gold_loss":0.0,"damage_taken":0.0,"cards_obtained":["Normality","Normality"]},{"damage_healed":10.0,"max_hp_gain":0.0,"max_hp_loss":0.0,"gold_gain":0.0,"event_name":"Winding Halls","player_choice":"Writhe","floor":39.0,"gold_loss":0.0,"damage_taken":0.0,"cards_obtained":["Writhe"]}],"is_beta":false,"boss_relics":[{"not_picked":["Lizard Tail","Orrery"],"picked":"Philosopher\u0027s Stone"},{"not_picked":["Pandora\u0027s Box","HoveringKite"],"picked":"Velvet Choker"}],"items_purged_floors":[41],"is_endless":false,"potions_floor_spawned":[1,7,13,16,18,24,25,27],"killed_by":"Reptomancer","ascension_level":19}