{"gold_per_floor":[110,121,131,143,143,143,68,68,68,88,88,88,88,105,105,201,201,217,317,18,46,63,63,74,109,109,109,54,54,66,79,79,79],"floor_reached":33,"playtime":1969,"items_purged":["Strike_R","Defend_R"],"score":282,"play_id":"cb5c4726-447d-48ba-afd8-c525be1f6a2f","local_time":"20190212131314","is_ascension_mode":false,"campfire_choices":[{"data":"Whirlwind","floor":6,"key":"SMITH"},{"data":"Metallicize","floor":8,"key":"SMITH"},{"data":"Headbutt","floor":13,"key":"SMITH"},{"data":"Armaments","floor":15,"key":"SMITH"},{"data":"True Grit","floor":23,"key":"SMITH"},{"floor":32,"key":"REST"}],"neow_cost":"NONE","seed_source_timestamp":49311111218810,"circlet_count":0,"master_deck":["Defend_R","Defend_R","Defend_R","Bash+1","Metallicize+1","Whirlwind+1","Headbutt+1","Anger","Armaments+1","Dark Embrace","Inflame+1","Thunderclap+1","Bloodletting+1","True Grit+1","Twin Strike","Pummel","Disarm+1","Reaper","Rampage","Spot Weakness","Heavy Blade"],"relics":["Burning Blood","Matryoshka","Strawberry","Smiling Mask","Astrolabe","Du-Vu Doll","The Courier","Mango","Red Mask","Bag of Preparation","Omamori","Charon\u0027s Ashes","MutagenicStrength"],"potions_floor_usage":[18,19,19,33],"damage_taken":[{"damage":6,"enemies":"Jaw Worm","floor":1,"turns":3},{"damage":0,"enemies":"Small Slimes","floor":2,"turns":3},{"damage":6,"enemies":"Cultist","floor":3,"turns":4},{"damage":4,"enemies":"2 Fungi Beasts","floor":4,"turns":4},{"damage":5,"enemies":"Blue Slaver","floor":10,"turns":4},{"damage":2,"enemies":"Large Slime","floor":14,"turns":5},{"damage":40,"enemies":"Slime Boss","floor":16,"turns":9},{"damage":23,"enemies":"Spheric Guardian","floor":18,"turns":6},{"damage":14,"enemies":"Colosseum Slavers","floor":19,"turns":4},{"damage":47,"enemies":"Colosseum Nobs","floor":19,"turns":5},{"damage":10,"enemies":"Masked Bandits","floor":21,"turns":2},{"damage":4,"enemies":"Shell Parasite","floor":22,"turns":7},{"damage":9,"enemies":"Snecko","floor":24,"turns":6},{"damage":38,"enemies":"Gremlin Leader","floor":25,"turns":6},{"damage":12,"enemies":"Shelled Parasite and Fungi","floor":30,"turns":6},{"damage":10,"enemies":"Snake Plant","floor":31,"turns":3},{"damage":88,"enemies":"Collector","floor":33,"turns":9}],"seed_played":"1039846864719379256","potions_obtained":[{"floor":2,"key":"Regen Potion"},{"floor":3,"key":"Dexterity Potion"},{"floor":18,"key":"Regen Potion"},{"floor":24,"key":"Swift Potion"}],"is_trial":false,"path_per_floor":["M","M","M","M","?","R","$","R","T","M","?","?","R","M","R","B",null,"M","?","$","?","M","R","M","E","T","?","$","?","M","M","R","B"],"character_chosen":"IRONCLAD","items_purchased":["Mango","Rampage"],"campfire_rested":1,"item_purchase_floors":[20,28],"current_hp_per_floor":[80,80,80,80,47,47,47,47,54,55,60,60,60,64,64,30,92,82,47,61,57,59,59,56,24,24,24,24,24,25,34,65,0],"gold":79,"neow_bonus":"UPGRADE_CARD","is_prod":false,"is_daily":false,"chose_seed":false,"campfire_upgraded":5,"win_rate":0,"timestamp":1549973594,"path_taken":["M","M","M","M","?","R","$","R","T","M","?","?","R","?","R","BOSS","M","?","$","?","M","R","M","E","T","?","$","?","?","M","R","BOSS"],"build_version":"2019-01-23","purchased_purges":2,"victory":false,"max_hp_per_floor":[80,80,80,80,80,80,80,80,87,87,92,92,92,92,92,92,92,92,92,106,106,106,106,106,106,106,106,106,106,106,106,106,106],"card_choices":[{"not_picked":["Thunderclap","Anger"],"picked":"Metallicize","floor":1},{"not_picked":["Bloodletting","Anger"],"picked":"Whirlwind","floor":2},{"not_picked":["Heavy Blade","Combust"],"picked":"Headbutt","floor":3},{"not_picked":["Wild Strike","Perfected Strike"],"picked":"Anger","floor":4},{"not_picked":["Body Slam","Dropkick","Warcry"],"picked":"SKIP","floor":10},{"not_picked":["Wild Strike","Second Wind"],"picked":"Armaments","floor":14},{"not_picked":["Impervious","Juggernaut"],"picked":"Dark Embrace","floor":16},{"not_picked":["Clothesline","Headbutt"],"picked":"True Grit","floor":18},{"not_picked":["Flex","Sword Boomerang"],"picked":"Twin Strike","floor":19},{"not_picked":["Immolate","Twin Strike"],"picked":"Pummel","floor":22},{"not_picked":["Warcry","Thunderclap"],"picked":"Disarm+1","floor":24},{"not_picked":["Dropkick","Clothesline"],"picked":"Reaper","floor":25},{"not_picked":["Heavy Blade","Armaments"],"picked":"Spot Weakness","floor":30},{"not_picked":["Clothesline","Whirlwind"],"picked":"Heavy Blade","floor":31}],"player_experience":138423,"relics_obtained":[{"floor":9,"key":"Strawberry"},{"floor":9,"key":"Smiling Mask"},{"floor":19,"key":"Du-Vu Doll"},{"floor":19,"key":"The Courier"},{"floor":21,"key":"Red Mask"},{"floor":25,"key":"Bag of Preparation"},{"floor":26,"key":"Omamori"},{"floor":26,"key":"Charon\u0027s Ashes"}],"event_choices":[{"damage_healed":0,"gold_gain":0,"player_choice":"Success","damage_taken":33,"relics_obtained":["Matryoshka"],"max_hp_gain":0,"max_hp_loss":0,"event_name":"Scrap Ooze","floor":5,"gold_loss":0},{"damage_healed":0,"gold_gain":0,"player_choice":"Donut","damage_taken":0,"max_hp_gain":5,"max_hp_loss":0,"event_name":"Big Fish","floor":11,"gold_loss":0},{"cards_removed":["Strike_R"],"damage_healed":0,"gold_gain":0,"player_choice":"Offered Basic","damage_taken":0,"max_hp_gain":0,"max_hp_loss":0,"event_name":"Bonfire Elementals","floor":12,"gold_loss":0},{"damage_healed":0,"gold_gain":0,"player_choice":"Fight","damage_taken":0,"max_hp_gain":0,"max_hp_loss":0,"event_name":"Colosseum","floor":19,"gold_loss":0},{"damage_healed":0,"gold_gain":0,"player_choice":"Fought Nobs","damage_taken":0,"max_hp_gain":0,"max_hp_loss":0,"event_name":"Colosseum","floor":19,"gold_loss":0},{"damage_healed":0,"gold_gain":0,"player_choice":"Fought Bandits","damage_taken":0,"max_hp_gain":0,"max_hp_loss":0,"event_name":"Masked Bandits","floor":21,"gold_loss":0},{"damage_healed":0,"gold_gain":0,"player_choice":"Ignored","damage_taken":0,"max_hp_gain":0,"max_hp_loss":0,"event_name":"Ghosts","floor":27,"gold_loss":0},{"damage_healed":0,"gold_gain":0,"player_choice":"Inject Mutagens","damage_taken":0,"relics_obtained":["MutagenicStrength"],"max_hp_gain":0,"max_hp_loss":0,"event_name":"Drug Dealer","floor":29,"gold_loss":0}],"is_beta":false,"boss_relics":[{"not_picked":["Runic Pyramid","Runic Cube"],"picked":"Astrolabe"}],"items_purged_floors":[7,20],"is_endless":false,"potions_floor_spawned":[2,3,18,24],"killed_by":"Collector","ascension_level":0}