{"gold_per_floor":[118,118,118,131,31,31,31,56,126,161,161,178,193,26,26,127,127,142,158,158,169,179,179,29,46,46,145,145,158,77,97,97,97],"floor_reached":33,"playtime":1547,"items_purged":["Regret"],"score":386,"play_id":"60887af3-aa79-4a95-8f9f-5bca409f33fd","local_time":"20190122001826","is_ascension_mode":true,"campfire_choices":[{"data":"Dodge and Roll","floor":6,"key":"SMITH"},{"floor":11,"key":"REST"},{"data":"Dash","floor":15,"key":"SMITH"},{"floor":23,"key":"REST"},{"floor":28,"key":"REST"},{"floor":32,"key":"REST"}],"neow_cost":"NONE","seed_source_timestamp":254210581279958,"circlet_count":0,"master_deck":["AscendersBane","Defend_G","Defend_G","Defend_G","Strike_G","Strike_G","Strike_G","Survivor","Neutralize+1","Quick Slash","Backstab","Dagger Spray","Dodge and Roll+1","Sucker Punch","Dash+1","Sadistic Nature+1","Unload","Die Die Die+1","Masterful Stab+1","Phantasmal Killer+1","Footwork+1","Well Laid Plans+1","Sucker Punch","Night Terror","Footwork+1"],"relics":["Ring of the Snake","Omamori","Vajra","Frozen Egg 2","FossilizedHelix","Astrolabe","Pen Nib","Anchor","Singing Bowl"],"potions_floor_usage":[29,33],"damage_taken":[{"damage":0,"enemies":"Small Slimes","floor":1,"turns":5},{"damage":3,"enemies":"Cultist","floor":4,"turns":3},{"damage":18,"enemies":"3 Sentries","floor":8,"turns":9},{"damage":22,"enemies":"Gremlin Nob","floor":10,"turns":5},{"damage":0,"enemies":"2 Louse","floor":12,"turns":3},{"damage":0,"enemies":"Large Slime","floor":13,"turns":6},{"damage":30,"enemies":"Hexaghost","floor":16,"turns":12},{"damage":0,"enemies":"Chosen","floor":18,"turns":4},{"damage":19,"enemies":"Shell Parasite","floor":19,"turns":4},{"damage":6,"enemies":"Snake Plant","floor":21,"turns":4},{"damage":16,"enemies":"Sentry and Sphere","floor":22,"turns":5},{"damage":0,"enemies":"Cultist and Chosen","floor":25,"turns":4},{"damage":0,"enemies":"Snake Plant","floor":29,"turns":2},{"damage":9,"enemies":"Shelled Parasite and Fungi","floor":31,"turns":7},{"damage":100,"enemies":"Champ","floor":33,"turns":15}],"seed_played":"3018844653708489485","potions_obtained":[{"floor":8,"key":"Swift Potion"},{"floor":12,"key":"FairyPotion"},{"floor":13,"key":"SpeedPotion"},{"floor":16,"key":"Regen Potion"},{"floor":21,"key":"Poison Potion"}],"is_trial":false,"path_per_floor":["?","?","M","?","?","M","$","?"],"character_chosen":"THE_SILENT","items_purchased":["Dodge and Roll","Sadistic Nature+1","Anchor","Footwork+1"],"campfire_rested":4,"item_purchase_floors":[5,14,24,30],"current_hp_per_floor":[63,63,63,60,60,60,60,42,42,20,41,41,41,41,41,11,55,55,36,36,30,14,35,35,35,35,35,56,58,58,51,73,0],"gold":97,"neow_bonus":"UPGRADE_CARD","is_prod":false,"is_daily":false,"chose_seed":false,"campfire_upgraded":2,"win_rate":0,"timestamp":1548134306,"path_taken":["M","?","?","?","$","R","?","E","T","E","R","M","M","$","R","BOSS","M","M","?","?","M","R","?","M","T","?","R","M","$","M","R","BOSS"],"build_version":"2019-01-20","purchased_purges":1,"victory":false,"max_hp_per_floor":[70,70,70,70,70,70,70,70,70,70,70,70,70,70,70,70,70,70,70,70,70,70,70,70,70,70,70,70,72,72,74,74,74],"card_choices":[{"not_picked":["Flechettes","Setup"],"picked":"Quick Slash","floor":1},{"not_picked":["Acrobatics","Prepared"],"picked":"Dagger Spray","floor":4},{"not_picked":["Slice","Quick Slash"],"picked":"Sucker Punch","floor":8},{"not_picked":["Skewer","Endless Agony"],"picked":"Dash","floor":10},{"not_picked":["Sucker Punch","Deadly Poison","Backflip"],"picked":"SKIP","floor":12},{"not_picked":["Prepared","Finisher","Quick Slash"],"picked":"SKIP","floor":13},{"not_picked":["Grand Finale","Bullet Time"],"picked":"Unload","floor":16},{"not_picked":["Outmaneuver","Underhanded Strike"],"picked":"Footwork+1","floor":18},{"not_picked":["Slice","Quick Slash"],"picked":"Well Laid Plans+1","floor":19},{"not_picked":["Dagger Throw","Flying Knee"],"picked":"Sucker Punch","floor":21},{"not_picked":["Choke","Prepared"],"picked":"Night Terror","floor":22},{"not_picked":["Quick Slash","Prepared","Flechettes"],"picked":"SKIP","floor":25},{"not_picked":["Skewer+1","Infinite Blades+1","Underhanded Strike"],"picked":"Singing Bowl","floor":29},{"not_picked":["Dagger Spray","Masterful Stab+1","Catalyst"],"picked":"Singing Bowl","floor":31}],"player_experience":551479,"relics_obtained":[{"floor":8,"key":"Vajra"},{"floor":9,"key":"Frozen Egg 2"},{"floor":10,"key":"FossilizedHelix"},{"floor":26,"key":"Singing Bowl"}],"event_choices":[{"damage_healed":0,"gold_gain":0,"player_choice":"Box","damage_taken":0,"relics_obtained":["Omamori"],"max_hp_gain":0,"max_hp_loss":0,"event_name":"Big Fish","floor":2,"gold_loss":0,"cards_obtained":["Regret"]},{"damage_healed":0,"gold_gain":0,"cards_transformed":["Defend_G"],"player_choice":"Transformed","damage_taken":0,"max_hp_gain":0,"max_hp_loss":0,"event_name":"Transmorgrifier","floor":3,"gold_loss":0,"cards_obtained":["Backstab"]},{"damage_healed":0,"gold_gain":0,"player_choice":"Ignored","damage_taken":0,"max_hp_gain":0,"max_hp_loss":0,"event_name":"Liars Game","floor":7,"gold_loss":0},{"damage_healed":0,"gold_gain":0,"player_choice":"Gave Potion","damage_taken":0,"relics_obtained":["Pen Nib"],"max_hp_gain":0,"max_hp_loss":0,"event_name":"WeMeetAgain","floor":20,"gold_loss":0},{"damage_healed":0,"gold_gain":99,"player_choice":"Stole From Cult","damage_taken":0,"max_hp_gain":0,"max_hp_loss":0,"event_name":"Nest","floor":27,"gold_loss":0}],"is_beta":true,"boss_relics":[{"not_picked":["Snecko Eye","Ectoplasm"],"picked":"Astrolabe"}],"items_purged_floors":[5],"is_endless":false,"potions_floor_spawned":[8,12,13,16,18,21],"killed_by":"Champ","ascension_level":10}