{"gold_per_floor":[117,8,24,34,50,75,93,93,93,93,168,181,212,228,228,323,323,335,4,17,33,52,78,78,78,78,107,117,143,155,166,166,261,261,281,281,295,306,66,95,108,118,118,218,218,251,0,0,0,0,0,0,0,34,34],"floor_reached":56,"playtime":6469,"items_purged":["Regret","Defend_B"],"score":1283,"play_id":"b5abd675-92ec-4556-a37c-c544f73d0abd","local_time":"20190120220819","is_ascension_mode":false,"campfire_choices":[{"floor":8.0,"key":"REST"},{"floor":10.0,"key":"RECALL"},{"floor":15.0,"key":"REST"},{"data":"Fission","floor":24.0,"key":"SMITH"},{"data":"Buffer","floor":32.0,"key":"SMITH"},{"data":"Seek","floor":45,"key":"SMITH"},{"data":"Echo Form","floor":49,"key":"SMITH"},{"data":"Heatsinks","floor":52,"key":"SMITH"}],"neow_cost":"CURSE","seed_source_timestamp":0,"circlet_count":0,"master_deck":["Strike_B","Strike_B","Strike_B","Strike_B","Defend_B","Defend_B","Defend_B","Zap","Dualcast","Conserve Battery","Loop","Auto Shields","Cold Snap","Undo","Storm","Fission+1","Barrage","Coolheaded","Echo Form+1","Storm+1","Apotheosis+1","Cold Snap","Self Repair+1","Go for the Eyes+1","Heatsinks+1","Ball Lightning+1","Seek+1","Heatsinks","Buffer+1","Stack+1","Reinforced Body+1","Electrodynamics","Turbo+1","Coolheaded+1","Leap+1","Sunder+1","Redo+1","Thunder Strike"],"special_seed":0,"relics":["Cracked Core","Gambling Chip","Omamori","Symbiotic Virus","Turnip","Velvet Choker","Pear","Sundial","Bag of Marbles","Cursed Key","Mummified Hand","Centennial Puzzle","Ice Cream","Nunchaku","Calipers","Red Mask","Strawberry"],"potions_floor_usage":[50,50,50,55],"damage_taken":[{"damage":2.0,"enemies":"2 Louse","floor":1.0,"turns":3.0},{"damage":2.0,"enemies":"Cultist","floor":3.0,"turns":4.0},{"damage":0.0,"enemies":"Small Slimes","floor":4.0,"turns":3.0},{"damage":1.0,"enemies":"Blue Slaver","floor":5.0,"turns":4.0},{"damage":37.0,"enemies":"3 Sentries","floor":6.0,"turns":18.0},{"damage":4.0,"enemies":"3 Louse","floor":7.0,"turns":4.0},{"damage":0.0,"enemies":"Large Slime","floor":12.0,"turns":3.0},{"damage":6.0,"enemies":"Lagavulin","floor":13.0,"turns":7.0},{"damage":0.0,"enemies":"Exordium Wildlife","floor":14.0,"turns":6.0},{"damage":46.0,"enemies":"The Guardian","floor":16.0,"turns":17.0},{"damage":0.0,"enemies":"Chosen","floor":18.0,"turns":4.0},{"damage":0.0,"enemies":"Shell Parasite","floor":20.0,"turns":4.0},{"damage":11.0,"enemies":"Cultist and Chosen","floor":21.0,"turns":6.0},{"damage":22.0,"enemies":"Snecko","floor":22.0,"turns":4.0},{"damage":32.0,"enemies":"Slavers","floor":23.0,"turns":5.0},{"damage":13.0,"enemies":"Gremlin Leader","floor":27.0,"turns":5.0},{"damage":0.0,"enemies":"Centurion and Healer","floor":28.0,"turns":6.0},{"damage":18.0,"enemies":"Book of Stabbing","floor":29.0,"turns":5.0},{"damage":2.0,"enemies":"Cultist and Chosen","floor":30.0,"turns":4.0},{"damage":0.0,"enemies":"Snecko","floor":31.0,"turns":5.0},{"damage":12.0,"enemies":"Collector","floor":33.0,"turns":11.0},{"damage":15.0,"enemies":"Orb Walker","floor":35.0,"turns":4.0},{"damage":0.0,"enemies":"3 Shapes","floor":37.0,"turns":2.0},{"damage":12.0,"enemies":"Spire Growth","floor":38.0,"turns":5.0},{"damage":9,"enemies":"Nemesis","floor":40,"turns":6},{"damage":0,"enemies":"Maw","floor":41,"turns":6},{"damage":0,"enemies":"3 Darklings","floor":42,"turns":4},{"damage":0,"enemies":"Mind Bloom Boss Battle","floor":44,"turns":4},{"damage":0,"enemies":"Giant Head","floor":46,"turns":11},{"damage":19,"enemies":"Time Eater","floor":50,"turns":10},{"damage":34,"enemies":"Shield and Spear","floor":54,"turns":4},{"damage":35,"enemies":"The Heart","floor":55,"turns":11}],"seed_played":"-4845191648470336999","potions_obtained":[{"floor":1.0,"key":"EssenceOfSteel"},{"floor":4.0,"key":"SmokeBomb"},{"floor":6.0,"key":"Strength Potion"},{"floor":13.0,"key":"Fruit Juice"},{"floor":16.0,"key":"PowerPotion"},{"floor":33.0,"key":"EssenceOfSteel"},{"floor":54,"key":"Explosive Potion"}],"is_trial":false,"path_per_floor":["M","$","M","M","M","E","M","R","T","R","?","M","E","M","R","B",null,"M","$","M","M","M","E","R","?","T","E","M","E","M","M","R","B",null,"M","?","M","M","$","E","M","M","T","?","R","E","?","$","R","B",null,"R","$","E","B",null],"character_chosen":"DEFECT","items_purchased":["Loop","Apotheosis","Cold Snap","Mummified Hand"],"campfire_rested":2,"item_purchase_floors":[2,19,19,39],"current_hp_per_floor":[73,73,71,71,70,33,29,51,51,51,44,44,43,43,67,21,80,80,80,80,79,77,65,65,65,65,62,82,74,72,72,72,80,90,75,90,90,88,88,89,90,90,90,90,90,90,90,90,90,81,90,90,90,73,48],"gold":34,"neow_bonus":"ONE_RARE_RELIC","is_prod":false,"is_daily":false,"chose_seed":false,"campfire_upgraded":5,"win_rate":0,"timestamp":1548040099,"path_taken":["M","$","M","M","M","E","M","R","T","R","?","?","E","M","R","BOSS","M","$","M","?","M","E","R","?","T","E","?","E","M","M","R","BOSS","M","?","M","M","$","E","M","M","T","?","R","E","?","?","R","BOSS","R","$","E","BOSS"],"build_version":"2019-01-17v2","purchased_purges":2,"victory":true,"max_hp_per_floor":[75,75,75,75,75,75,75,75,75,75,75,75,80,80,80,80,80,80,80,80,80,80,90,90,90,90,90,90,90,90,90,90,90,90,90,90,90,90,90,90,90,90,90,90,90,90,90,90,90,90,90,90,90,97,97],"card_choices":[{"not_picked":["Stack","Loop"],"picked":"Conserve Battery","floor":1.0},{"not_picked":["Streamline","Steam"],"picked":"Auto Shields","floor":3.0},{"not_picked":["Stack","Conserve Battery"],"picked":"Cold Snap","floor":4.0},{"not_picked":["Go for the Eyes","Recycle"],"picked":"Undo","floor":5.0},{"not_picked":["Amplify","Stack"],"picked":"Storm","floor":6.0},{"not_picked":["Stack","Rebound","Streamline"],"picked":"SKIP","floor":7.0},{"not_picked":["Sweeping Beam","Gash"],"picked":"Fission","floor":12.0},{"not_picked":["Steam","Sweeping Beam"],"picked":"Barrage","floor":13.0},{"not_picked":["Hologram","Beam Cell"],"picked":"Coolheaded","floor":14.0},{"not_picked":["Creative AI","Amplify"],"picked":"Echo Form","floor":16.0},{"not_picked":["Turbo","Skim+1"],"picked":"Storm+1","floor":18.0},{"not_picked":["Beam Cell+1","Stack"],"picked":"Self Repair+1","floor":20.0},{"not_picked":["Steam+1","Tempest"],"picked":"Go for the Eyes+1","floor":21.0},{"not_picked":["Fusion+1","Cold Snap"],"picked":"Heatsinks","floor":22.0},{"not_picked":["Go for the Eyes","Gash+1"],"picked":"Ball Lightning+1","floor":23.0},{"not_picked":["Coolheaded","Steam"],"picked":"Seek","floor":27.0},{"not_picked":["Ball Lightning","Reinforced Body"],"picked":"Heatsinks","floor":28.0},{"not_picked":["Redo","Defragment"],"picked":"Buffer","floor":29.0},{"not_picked":["Gash","Steam"],"picked":"Stack+1","floor":30.0},{"not_picked":["Go for the Eyes","Auto Shields"],"picked":"Reinforced Body+1","floor":31.0},{"not_picked":["All For One","Seek"],"picked":"Electrodynamics","floor":33.0},{"not_picked":["Reinforced Body","Steam Power+1"],"picked":"Turbo+1","floor":35.0},{"not_picked":["Streamline","Steam+1"],"picked":"Coolheaded+1","floor":37.0},{"not_picked":["Gash+1","Steam","Compile Driver"],"picked":"SKIP","floor":38},{"not_picked":["Sweeping Beam+1","Rebound+1"],"picked":"Leap+1","floor":40},{"not_picked":["Meteor Strike","Cold Snap+1"],"picked":"Sunder+1","floor":41},{"not_picked":["Steam","Scrape+1"],"picked":"Redo+1","floor":42},{"not_picked":["Undo","Steam Power+1","Gash+1"],"picked":"SKIP","floor":46},{"not_picked":["Compile Driver","Conserve Battery"],"picked":"Thunder Strike","floor":54}],"player_experience":898939,"relics_obtained":[{"floor":6.0,"key":"Omamori"},{"floor":9.0,"key":"Symbiotic Virus"},{"floor":13.0,"key":"Turnip"},{"floor":23.0,"key":"Pear"},{"floor":27.0,"key":"Sundial"},{"floor":29.0,"key":"Bag of Marbles"},{"floor":40,"key":"Centennial Puzzle"},{"floor":43,"key":"Ice Cream"},{"floor":44,"key":"Nunchaku"},{"floor":46,"key":"Calipers"},{"floor":54,"key":"Strawberry"}],"event_choices":[{"damage_healed":0.0,"max_hp_gain":0.0,"max_hp_loss":0.0,"gold_gain":75.0,"event_name":"FaceTrader","player_choice":"Touch","floor":11.0,"gold_loss":0.0,"damage_taken":7.0},{"damage_healed":0.0,"max_hp_gain":0.0,"max_hp_loss":0.0,"gold_gain":0.0,"event_name":"Accursed Blacksmith","player_choice":"Forge","floor":25.0,"gold_loss":0.0,"damage_taken":0.0,"cards_upgraded":["Apotheosis"]},{"damage_healed":23.0,"max_hp_gain":0.0,"max_hp_loss":0.0,"gold_gain":0.0,"event_name":"Winding Halls","player_choice":"Writhe","floor":36.0,"gold_loss":0.0,"damage_taken":0.0,"cards_obtained":["Writhe"]},{"damage_healed":0,"gold_gain":0,"player_choice":"Fight","damage_taken":0,"max_hp_gain":0,"max_hp_loss":0,"event_name":"MindBloom","floor":44,"gold_loss":0},{"damage_healed":0,"gold_gain":0,"player_choice":"Paid","damage_taken":0,"relics_obtained":["Red Mask"],"max_hp_gain":0,"max_hp_loss":0,"event_name":"Tomb of Lord Red Mask","floor":47,"gold_loss":251}],"is_beta":false,"boss_relics":[{"not_picked":["FrozenCore","Runic Pyramid"],"picked":"Velvet Choker"},{"not_picked":["Busted Crown","White Beast Statue"],"picked":"Cursed Key"}],"items_purged_floors":[2,19],"is_endless":false,"potions_floor_spawned":[1,4,6,13,16,21,27,28,31,33,35,42,44,46,54],"ascension_level":0}