{"gold_per_floor":[10,24,24,24,174,174,188,214,214,214,232,79,79,79],"floor_reached":14,"playtime":285,"items_purged":["Doubt"],"score":156,"play_id":"4fdb3cba-bd64-44c8-851e-0b606aedaba8","local_time":"20190213030716","is_ascension_mode":true,"campfire_choices":[{"data":"Strike_R","floor":6.0,"key":"SMITH"}],"neow_cost":"NO_GOLD","seed_source_timestamp":36652452716700,"circlet_count":0,"master_deck":["AscendersBane","Strike_R","Strike_R+1","Strike_R","Strike_R+1","Strike_R+1","Defend_R","Defend_R","Defend_R","Defend_R","Bash+1","Carnage","Whirlwind","Pummel"],"special_seed":0,"relics":["Burning Blood","Odd Mushroom","FossilizedHelix","Paper Frog"],"potions_floor_usage":[14],"damage_taken":[{"damage":7.0,"enemies":"2 Louse","floor":1.0,"turns":3.0},{"damage":11.0,"enemies":"Cultist","floor":2.0,"turns":4.0},{"damage":14.0,"enemies":"Jaw Worm","floor":7.0,"turns":5.0},{"damage":27.0,"enemies":"The Mushroom Lair","floor":8.0,"turns":6.0},{"damage":14.0,"enemies":"Exordium Wildlife","floor":11.0,"turns":5.0},{"damage":12,"enemies":"3 Louse","floor":14,"turns":3}],"seed_played":"-3829889751513960274","potions_obtained":[{"floor":1.0,"key":"Weak Potion"},{"floor":11.0,"key":"Dexterity Potion"}],"is_trial":false,"path_per_floor":["M","M","?","$","?","R","M","?","T","T","M","$","?","M"],"character_chosen":"IRONCLAD","items_purchased":["Pummel"],"campfire_rested":0,"item_purchase_floors":[12],"current_hp_per_floor":[81,76,76,76,76,76,68,47,47,47,39,39,12,0],"gold":79,"neow_bonus":"TWENTY_PERCENT_HP_BONUS","is_prod":false,"is_daily":false,"chose_seed":false,"campfire_upgraded":1,"win_rate":0,"timestamp":1550020036,"path_taken":["M","M","?","?","?","R","?","?","T","?","M","$","?","M"],"build_version":"2019-01-23","purchased_purges":1,"victory":false,"max_hp_per_floor":[89,89,89,89,89,89,89,89,89,89,89,89,89,89],"card_choices":[{"not_picked":["Intimidate","Bloodletting","Iron Wave"],"picked":"SKIP","floor":1.0},{"not_picked":["True Grit","Pommel Strike","Havoc"],"picked":"SKIP","floor":2.0},{"not_picked":["Warcry","Second Wind"],"picked":"Carnage","floor":7.0},{"not_picked":["Armaments","Searing Blow"],"picked":"Whirlwind","floor":8.0},{"not_picked":["Whirlwind","Entrench","Shrug It Off"],"picked":"SKIP","floor":11.0}],"player_experience":733471,"relics_obtained":[{"floor":8.0,"key":"Odd Mushroom"},{"floor":9.0,"key":"FossilizedHelix"},{"floor":10.0,"key":"Paper Frog"}],"event_choices":[{"damage_healed":0.0,"max_hp_gain":0.0,"max_hp_loss":0.0,"gold_gain":0.0,"event_name":"Upgrade Shrine","player_choice":"Upgraded","floor":3.0,"gold_loss":0.0,"damage_taken":0.0,"cards_upgraded":["Bash"]},{"damage_healed":0.0,"max_hp_gain":0.0,"max_hp_loss":0.0,"gold_gain":150.0,"event_name":"Liars Game","player_choice":"AGREE","floor":5.0,"gold_loss":0.0,"damage_taken":0.0,"cards_obtained":["Doubt"]},{"damage_healed":0.0,"max_hp_gain":0.0,"max_hp_loss":0.0,"gold_gain":0.0,"event_name":"Mushrooms","player_choice":"Fought Mushrooms","floor":8.0,"gold_loss":0.0,"damage_taken":0.0},{"damage_healed":0.0,"max_hp_gain":0.0,"max_hp_loss":0.0,"gold_gain":0.0,"event_name":"Shining Light","player_choice":"Entered Light","floor":13.0,"gold_loss":0.0,"damage_taken":27.0,"cards_upgraded":["Strike_R","Strike_R"]}],"is_beta":false,"boss_relics":[],"items_purged_floors":[12],"is_endless":false,"potions_floor_spawned":[1,11],"killed_by":"3 Louse","ascension_level":20}