{"gold_per_floor":[109,127,142,158,168,168,198,175,201,201,166,166,195,211,211,211],"floor_reached":16,"playtime":707,"items_purged":[],"score":129,"play_id":"cfbaf447-6a6f-45c6-8ee4-9dcf7d2032a2","local_time":"20190109231500","is_ascension_mode":true,"campfire_choices":[{"data":"Entrench","floor":6,"key":"SMITH"},{"data":"Uppercut","floor":12,"key":"SMITH"},{"data":"Bash","floor":15,"key":"SMITH"}],"neow_cost":"NONE","seed_source_timestamp":96677603487449,"circlet_count":0,"master_deck":["Strike_R","Strike_R","Strike_R","Strike_R","Strike_R","Defend_R","Defend_R","Defend_R","Defend_R","Bash+1","Shrug It Off","Clash","Entrench+1","Uppercut+1","Parasite","Twin Strike"],"relics":["Burning Blood","Bottled Lightning","Happy Flower","Lantern"],"potions_floor_usage":[5,7],"damage_taken":[{"damage":13,"enemies":"2 Louse","floor":1,"turns":3},{"damage":7,"enemies":"Small Slimes","floor":2,"turns":3},{"damage":15,"enemies":"Jaw Worm","floor":3,"turns":5},{"damage":45,"enemies":"Exordium Thugs","floor":4,"turns":7},{"damage":6,"enemies":"2 Fungi Beasts","floor":5,"turns":3},{"damage":22,"enemies":"3 Sentries","floor":7,"turns":6},{"damage":35,"enemies":"Lagavulin","floor":13,"turns":7},{"damage":0,"enemies":"Looter","floor":14,"turns":3},{"damage":39,"enemies":"The Guardian","floor":16,"turns":10}],"seed_played":"2840511435508117901","potions_obtained":[{"floor":4,"key":"SteroidPotion"},{"floor":5,"key":"AttackPotion"}],"is_trial":false,"path_per_floor":["M","M","M","M","M","R","E","?","T","?","?","R","E","M","R","B"],"character_chosen":"IRONCLAD","items_purchased":[],"campfire_rested":0,"item_purchase_floors":[],"current_hp_per_floor":[81,80,71,32,32,32,16,16,16,38,60,60,31,37,37,0],"gold":211,"neow_bonus":"TEN_PERCENT_HP_BONUS","is_prod":false,"is_daily":false,"chose_seed":false,"campfire_upgraded":3,"win_rate":0,"timestamp":1547104500,"path_taken":["M","M","M","M","M","R","E","?","T","?","?","R","E","M","R","BOSS"],"build_version":"2019-01-03v4","purchased_purges":0,"victory":false,"max_hp_per_floor":[88,88,88,88,88,88,88,88,88,88,88,88,88,88,88,88],"card_choices":[{"not_picked":["Thunderclap","Headbutt"],"picked":"Shrug It Off","floor":1},{"not_picked":["Perfected Strike","Heavy Blade","Havoc"],"picked":"SKIP","floor":2},{"not_picked":["Shrug It Off","Thunderclap","Flame Barrier"],"picked":"SKIP","floor":3},{"not_picked":["Shrug It Off","Havoc"],"picked":"Clash","floor":4},{"not_picked":["Wild Strike","Anger"],"picked":"Entrench","floor":5},{"not_picked":["Sever Soul","Sword Boomerang"],"picked":"Uppercut","floor":7},{"not_picked":["Evolve","Sword Boomerang"],"picked":"Twin Strike","floor":13},{"not_picked":["Feel No Pain","Uppercut","Brutality"],"picked":"SKIP","floor":14}],"player_experience":132575,"relics_obtained":[{"floor":7,"key":"Bottled Lightning"},{"floor":9,"key":"Happy Flower"},{"floor":13,"key":"Lantern"}],"event_choices":[{"damage_healed":0,"gold_gain":0,"player_choice":"Left Gold","damage_taken":0,"max_hp_gain":0,"max_hp_loss":0,"event_name":"World of Goop","floor":8,"gold_loss":23},{"damage_healed":22,"gold_gain":0,"player_choice":"Healed and dodged fight","damage_taken":0,"max_hp_gain":0,"max_hp_loss":0,"event_name":"Mushrooms","floor":10,"gold_loss":0,"cards_obtained":["Parasite"]},{"damage_healed":22,"gold_gain":0,"player_choice":"Healed","damage_taken":0,"max_hp_gain":0,"max_hp_loss":0,"event_name":"The Cleric","floor":11,"gold_loss":35}],"is_beta":false,"boss_relics":[],"items_purged_floors":[],"is_endless":false,"potions_floor_spawned":[4,5],"killed_by":"The Guardian","ascension_level":3}