{"gold_per_floor":[19,36,55,72,72,106,106,106,129,164,64,74,90,120,120,218,218,236,316,332,64,75,89,102,102],"floor_reached":25,"playtime":1747,"items_purged":["Strike_R"],"score":329,"play_id":"dc7e9bc6-0378-4d1e-8732-204543e721de","local_time":"20181003215349","is_ascension_mode":true,"campfire_choices":[{"data":"Inflame","floor":7.0,"key":"SMITH"},{"floor":15.0,"key":"REST"}],"neow_cost":"NO_GOLD","seed_source_timestamp":0,"circlet_count":0,"master_deck":["Strike_R","Strike_R","Strike_R","Strike_R","Defend_R","Defend_R","Defend_R","Defend_R+1","Bash","Inflame","Inflame+1","Disarm","True Grit+1","Battle Trance","Carnage","Inflame","Body Slam","Spot Weakness","Pommel Strike","Demon Form+1","Battle Trance+1","Perfected Strike","Pommel Strike","Seeing Red","Armaments"],"special_seed":0,"relics":["Burning Blood","War Paint","Omamori","MawBank","Oddly Smooth Stone","Frozen Egg 2","Fusion Hammer","Bottled Tornado","Sling"],"potions_floor_usage":[],"damage_taken":[{"damage":6.0,"enemies":"Cultist","floor":1.0,"turns":4.0},{"damage":2.0,"enemies":"2 Louse","floor":2.0,"turns":3.0},{"damage":7.0,"enemies":"Small Slimes","floor":3.0,"turns":3.0},{"damage":15.0,"enemies":"Blue Slaver","floor":4.0,"turns":4.0},{"damage":33.0,"enemies":"3 Sentries","floor":6.0,"turns":10.0},{"damage":16.0,"enemies":"Looter","floor":12.0,"turns":4.0},{"damage":1.0,"enemies":"Large Slime","floor":13.0,"turns":5.0},{"damage":16.0,"enemies":"Lagavulin","floor":14.0,"turns":6.0},{"damage":36.0,"enemies":"Slime Boss","floor":16.0,"turns":10.0},{"damage":14.0,"enemies":"Chosen","floor":18.0,"turns":4.0},{"damage":8.0,"enemies":"Shell Parasite","floor":20.0,"turns":4.0},{"damage":33,"enemies":"Shelled Parasite and Fungi","floor":22,"turns":7},{"damage":0,"enemies":"Snecko","floor":23,"turns":3},{"damage":45,"enemies":"Cultist and Chosen","floor":24,"turns":5},{"damage":14,"enemies":"Snake Plant","floor":25,"turns":2}],"seed_played":"-202708689806029722","potions_obtained":[{"floor":3.0,"key":"GamblersBrew"},{"floor":4.0,"key":"Fire Potion"},{"floor":6.0,"key":"PowerPotion"},{"floor":13.0,"key":"Poison Potion"},{"floor":20.0,"key":"LiquidBronze"}],"is_trial":false,"path_per_floor":["M","M","M","M","?","E","R","T","T","T","$","M","M","E","R","B",null,"M","T","M","$","M","M","M"],"character_chosen":"IRONCLAD","items_purchased":["Carnage","Inflame","Sling"],"campfire_rested":1,"item_purchase_floors":[11,11,21],"current_hp_per_floor":[88,92,91,82,73,46,46,46,46,46,46,36,41,31,59,29,79,71,71,69,69,42,48,9,0],"gold":102,"neow_bonus":"TWENTY_PERCENT_HP_BONUS","is_prod":false,"is_daily":false,"chose_seed":false,"campfire_upgraded":1,"win_rate":0,"timestamp":1538618029,"path_taken":["M","?","?","M","?","E","R","?","T","?","?","M","M","E","R","BOSS","M","?","M","$","M","M","M","M"],"build_version":"2018-09-27","purchased_purges":1,"victory":false,"max_hp_per_floor":[96,96,96,96,96,96,96,96,96,96,96,96,96,96,96,96,96,96,96,96,96,96,96,96,96],"card_choices":[{"not_picked":["True Grit","Body Slam"],"picked":"Inflame","floor":1.0},{"not_picked":["Anger","Armaments"],"picked":"Inflame","floor":2.0},{"not_picked":["Feel No Pain","Anger"],"picked":"Disarm","floor":3.0},{"not_picked":["Rage","Headbutt"],"picked":"True Grit","floor":4.0},{"not_picked":["Wild Strike","Flex"],"picked":"Battle Trance","floor":6.0},{"not_picked":["Hemokinesis","Cleave"],"picked":"Body Slam","floor":12.0},{"not_picked":["Armaments","Pommel Strike"],"picked":"Spot Weakness","floor":13.0},{"not_picked":["Double Tap","Infernal Blade"],"picked":"Pommel Strike","floor":14.0},{"not_picked":["Barricade+1","Immolate"],"picked":"Demon Form+1","floor":16.0},{"not_picked":["Blood for Blood+1","Carnage"],"picked":"Battle Trance+1","floor":18.0},{"not_picked":["Iron Wave","Cleave"],"picked":"Perfected Strike","floor":20.0},{"not_picked":["Headbutt+1","Havoc"],"picked":"Pommel Strike","floor":22},{"not_picked":["Twin Strike","Havoc"],"picked":"Seeing Red","floor":23},{"not_picked":["Spot Weakness+1","Flex"],"picked":"Armaments","floor":24}],"player_experience":550982,"relics_obtained":[{"floor":6.0,"key":"War Paint"},{"floor":8.0,"key":"Omamori"},{"floor":9.0,"key":"MawBank"},{"floor":10.0,"key":"Oddly Smooth Stone"},{"floor":14.0,"key":"Frozen Egg 2"},{"floor":19.0,"key":"Bottled Tornado"}],"event_choices":[{"event_name":"Wheel of Change","player_choice":"Damage","floor":5.0,"damage_taken":0.0}],"is_beta":false,"boss_relics":[{"not_picked":["Calling Bell","Runic Cube"],"picked":"Fusion Hammer"}],"items_purged_floors":[21],"is_endless":false,"potions_floor_spawned":[3,4,6,13,20],"killed_by":"Snake Plant","ascension_level":8}