{"gold_per_floor":[115,125,141,141,141,167,52,52,52,2,2,2,27,47,47,142,142,160,85,103,103,119,119,135,135,159,169,189,189,203,216,216,315,315,332,332,332,36,56,56,21,47,71,88,88,88,104,119,119,119],"floor_reached":50,"playtime":18371,"items_purged":["Writhe"],"score":509,"play_id":"09e4f943-1db5-4e0d-a67c-5dfe62c15c0d","local_time":"20180710013459","is_ascension_mode":false,"campfire_choices":[{"floor":8.0,"key":"REST"},{"data":"Leg Sweep","floor":12.0,"key":"SMITH"},{"floor":15.0,"key":"REST"},{"floor":23,"key":"REST"},{"floor":29,"key":"REST"},{"floor":32,"key":"REST"},{"floor":40,"key":"REST"},{"data":"Unload","floor":46,"key":"SMITH"},{"floor":49,"key":"REST"}],"neow_cost":"NONE","seed_source_timestamp":0,"circlet_count":0,"master_deck":["Defend_G","Defend_G+1","Defend_G","Defend_G","Defend_G","Strike_G","Strike_G","Strike_G","Survivor+1","Neutralize+1","Heel Hook","Calculated Gamble","Quick Slash+1","Tools of the Trade","Endless Agony","Leg Sweep+1","Infinite Blades","Outmaneuver","Venomology","Eviscerate","Malaise","Masterful Stab","Dash","Footwork","Outmaneuver","Sucker Punch","Backflip+1","Burst","Slice+1","Unload+1","Eviscerate+1","Reflex","Choke+1","Finisher","Backstab","Dagger Throw","After Image","Dodge and Roll+1","Footwork","Secret Technique","Noxious Fumes+1","Finisher+1","Leg Sweep","Noxious Fumes+1","All Out Attack","Skewer+1","Footwork","Deflect+1"],"special_seed":0,"relics":["Ring of the Snake","Gremlin Horn","Boot","Bronze Scales","Orrery","Dream Catcher","Lizard Tail","Oddly Smooth Stone","Bag of Preparation"],"potions_floor_usage":[24,28,30,31,33,33,35,35,39,42,42,44,50,50],"damage_taken":[{"damage":0.0,"enemies":"Jaw Worm","floor":1.0,"turns":5.0},{"damage":0.0,"enemies":"Small Slimes","floor":2.0,"turns":3.0},{"damage":0.0,"enemies":"2 Louse","floor":3.0,"turns":3.0},{"damage":17.0,"enemies":"3 Sentries","floor":6.0,"turns":13.0},{"damage":11.0,"enemies":"Gremlin Nob","floor":13.0,"turns":6.0},{"damage":2.0,"enemies":"Lots of Slimes","floor":14.0,"turns":2.0},{"damage":16.0,"enemies":"Hexaghost","floor":16.0,"turns":10.0},{"damage":4.0,"enemies":"Chosen","floor":18.0,"turns":6.0},{"damage":16.0,"enemies":"2 Thieves","floor":19.0,"turns":5.0},{"damage":3.0,"enemies":"Snake Plant","floor":20.0,"turns":6.0},{"damage":34,"enemies":"3 Cultists","floor":22,"turns":7},{"damage":26,"enemies":"Sentry and Sphere","floor":24,"turns":11},{"damage":4,"enemies":"Snecko","floor":27,"turns":7},{"damage":3,"enemies":"Snake Plant","floor":28,"turns":5},{"damage":22,"enemies":"Slaver and Parasite","floor":30,"turns":8},{"damage":2,"enemies":"3 Cultists","floor":31,"turns":7},{"damage":37,"enemies":"Collector","floor":33,"turns":12},{"damage":33,"enemies":"3 Darklings","floor":35,"turns":8},{"damage":22,"enemies":"Orb Walker","floor":39,"turns":7},{"damage":21,"enemies":"Nemesis","floor":42,"turns":9},{"damage":65,"enemies":"4 Shapes","floor":44,"turns":5},{"damage":32,"enemies":"3 Darklings","floor":47,"turns":7},{"damage":10,"enemies":"Sphere and 2 Shapes","floor":48,"turns":3},{"damage":45,"enemies":"Awakened One","floor":50,"turns":9}],"seed_played":"-2093302522056095899","potions_obtained":[{"floor":1.0,"key":"Fruit Juice"},{"floor":6.0,"key":"SkillPotion"},{"floor":13.0,"key":"Weak Potion"},{"floor":18.0,"key":"SkillPotion"},{"floor":21,"key":"FairyPotion"},{"floor":21,"key":"EntropicBrew"},{"floor":31,"key":"AttackPotion"}],"is_trial":false,"path_per_floor":["M","M","M","?","?","E","$","R","T","?","$","R","E","M","R","B",null,"M","M","M","?","M","R","M","?","T","M","M","R","M","M","R","B",null,"M","?","?","$","M","R","$","E","T","M","?","R","M","M","R"],"character_chosen":"THE_SILENT","items_purchased":["Endless Agony","Leg Sweep","Footwork","Secret Technique","Leg Sweep"],"campfire_rested":7,"item_purchase_floors":[7,7,38,38,41],"current_hp_per_floor":[70,70,70,56,56,39,39,60,60,60,60,60,49,47,68,52,70,66,55,52,52,18,40,14,14,14,10,7,29,7,5,27,7,75,42,61,61,61,39,61,61,52,52,37,66,66,34,24,43,0],"gold":119,"neow_bonus":"UPGRADE_CARD","is_prod":false,"is_daily":false,"chose_seed":false,"campfire_upgraded":2,"win_rate":0.0,"timestamp":1531200899,"path_taken":["M","M","M","?","?","E","?","R","T","?","?","R","E","M","R","BOSS","M","M","M","?","M","R","M","?","T","?","M","R","M","M","R","BOSS","M","?","?","$","M","R","?","E","T","M","?","R","?","M","R","BOSS"],"build_version":"2018-07-05","purchased_purges":1,"victory":false,"max_hp_per_floor":[70,70,70,70,70,70,70,70,70,70,70,70,70,70,70,70,70,70,75,75,75,75,75,75,75,75,75,75,75,75,75,75,75,75,75,75,75,75,75,75,75,75,75,75,66,66,66,66,66,66],"card_choices":[{"not_picked":["All Out Attack","Prepared"],"picked":"Heel Hook","floor":1.0},{"not_picked":["Backstab","Blur"],"picked":"Calculated Gamble","floor":2.0},{"not_picked":["Calculated Gamble","Skewer"],"picked":"Quick Slash","floor":3.0},{"not_picked":["Flying Knee","Deadly Poison"],"picked":"Tools of the Trade","floor":6.0},{"not_picked":["Acrobatics","Slice"],"picked":"Infinite Blades","floor":13.0},{"not_picked":["Terror","Skewer"],"picked":"Outmaneuver","floor":14.0},{"not_picked":["Tools of the Trade","Tactician"],"picked":"Venomology","floor":16.0},{"not_picked":["Sucker Punch","Quick Slash"],"picked":"Eviscerate","floor":17.0},{"not_picked":["Dagger Throw","Well Laid Plans"],"picked":"Malaise","floor":17.0},{"not_picked":["Dodge and Roll","Dagger Spray"],"picked":"Masterful Stab","floor":17.0},{"not_picked":["Backflip","Poisoned Stab"],"picked":"Dash","floor":17.0},{"not_picked":["Crippling Poison","Outmaneuver"],"picked":"Footwork","floor":17.0},{"not_picked":["Choke","Sucker Punch"],"picked":"Outmaneuver","floor":18.0},{"not_picked":["Reflex","Deadly Poison"],"picked":"Sucker Punch","floor":19.0},{"not_picked":["Dagger Spray","Terror"],"picked":"Backflip+1","floor":20},{"not_picked":["Skewer+1","Prepared"],"picked":"Burst","floor":22},{"not_picked":["PiercingWail+1","Sucker Punch+1"],"picked":"Slice+1","floor":24},{"not_picked":["Outmaneuver","Terror"],"picked":"Eviscerate+1","floor":27},{"not_picked":["Infinite Blades+1","Dash"],"picked":"Reflex","floor":28},{"not_picked":["Well Laid Plans","Acrobatics+1"],"picked":"Choke+1","floor":29},{"not_picked":["Deflect","Backstab"],"picked":"Finisher","floor":30},{"not_picked":["Dagger Spray","Slice"],"picked":"Backstab","floor":31},{"not_picked":["Eviscerate+1","Outmaneuver"],"picked":"Dagger Throw","floor":32},{"not_picked":["Unload","Phantasmal Killer"],"picked":"After Image","floor":33},{"not_picked":["Blur","Acrobatics+1"],"picked":"Dodge and Roll+1","floor":35},{"not_picked":["Crippling Poison","Distraction"],"picked":"Noxious Fumes+1","floor":39},{"not_picked":["Acrobatics+1","Sucker Punch+1"],"picked":"Finisher+1","floor":40},{"not_picked":["Footwork","Acrobatics"],"picked":"Noxious Fumes+1","floor":42},{"not_picked":["Footwork","Quick Slash+1"],"picked":"All Out Attack","floor":44},{"not_picked":["PiercingWail","Flechettes+1"],"picked":"Skewer+1","floor":47},{"not_picked":["Calculated Gamble+1","Flying Knee"],"picked":"Footwork","floor":48},{"not_picked":["Dagger Spray+1","Doppelganger"],"picked":"Deflect+1","floor":49}],"player_experience":40858,"relics_obtained":[{"floor":6.0,"key":"Gremlin Horn"},{"floor":9.0,"key":"Boot"},{"floor":13.0,"key":"Bronze Scales"},{"floor":26,"key":"Dream Catcher"},{"floor":42,"key":"Oddly Smooth Stone"},{"floor":43,"key":"Bag of Preparation"}],"event_choices":[{"event_name":"Shining Light","player_choice":"Entered Light","floor":4.0,"damage_taken":0.0},{"event_name":"Accursed Blacksmith","player_choice":"Forge","floor":5.0,"damage_taken":0.0},{"event_name":"The Cleric","player_choice":"Card Removal","floor":10.0,"damage_taken":0.0},{"event_name":"The Lab","player_choice":"Got Potions","floor":21,"damage_taken":0},{"event_name":"Transmorgrifier","player_choice":"Transform","floor":25,"damage_taken":0},{"event_name":"Winding Halls","player_choice":"Writhe","floor":36,"damage_taken":0},{"event_name":"Tomb of Lord Red Mask","player_choice":"Ignored","floor":37,"damage_taken":0},{"event_name":"The Moai Head","player_choice":"Heal","floor":45,"damage_taken":0}],"boss_relics":[{"not_picked":["Snecko Eye","Cursed Key"],"picked":"Orrery"},{"not_picked":["Empty Cage","Sozu"],"picked":"Lizard Tail"}],"items_purged_floors":[38],"is_endless":false,"potions_floor_spawned":[1,6,13,18,20,22,30,31,39],"killed_by":"Awakened One","ascension_level":0}