{"gold_per_floor":[115,127,138,157,157,157,192,192,217,217,242,256,275,306,306,306],"floor_reached":16,"playtime":864,"items_purged":[],"score":189,"play_id":"704d72a3-8f38-4fd3-b9bb-e15b4d836980","local_time":"20190211161007","is_ascension_mode":true,"campfire_choices":[{"data":"Entrench","floor":6,"key":"SMITH"},{"data":"Bash","floor":8,"key":"SMITH"},{"data":"Body Slam","floor":10,"key":"SMITH"},{"floor":15,"key":"REST"}],"neow_cost":"NONE","seed_source_timestamp":224281865886848,"circlet_count":0,"master_deck":["Strike_R","Strike_R","Strike_R","Strike_R","Defend_R","Defend_R","Defend_R","Defend_R","Bash+1","Dual Wield","Body Slam+1","Cleave","Entrench+1","Evolve","Sword Boomerang","Twin Strike","Wild Strike","Sword Boomerang"],"relics":["Burning Blood","Red Skull","Regal Pillow","Potion Belt","Boot"],"potions_floor_usage":[7,11,14,16,16],"damage_taken":[{"damage":7,"enemies":"Small Slimes","floor":1,"turns":3},{"damage":6,"enemies":"Cultist","floor":2,"turns":4},{"damage":13,"enemies":"Jaw Worm","floor":3,"turns":4},{"damage":14,"enemies":"3 Louse","floor":4,"turns":4},{"damage":22,"enemies":"3 Sentries","floor":7,"turns":7},{"damage":6,"enemies":"Gremlin Nob","floor":11,"turns":3},{"damage":30,"enemies":"Exordium Thugs","floor":12,"turns":5},{"damage":3,"enemies":"Blue Slaver","floor":13,"turns":3},{"damage":18,"enemies":"3 Sentries","floor":14,"turns":5}],"seed_played":"-134926240157708935","potions_obtained":[{"floor":1,"key":"SteroidPotion"},{"floor":4,"key":"PowerPotion"},{"floor":7,"key":"FearPotion"},{"floor":12,"key":"Regen Potion"},{"floor":13,"key":"GamblersBrew"}],"is_trial":false,"path_per_floor":["M","M","M","M","$","R","E","R","T","R","E","M","M","E","R","B"],"character_chosen":"IRONCLAD","items_purchased":[],"campfire_rested":1,"item_purchase_floors":[],"current_hp_per_floor":[79,79,72,64,64,64,48,48,48,48,48,24,27,29,68,0],"gold":306,"neow_bonus":"TRANSFORM_CARD","is_prod":false,"is_daily":false,"chose_seed":false,"campfire_upgraded":3,"win_rate":0,"timestamp":1549897807,"path_taken":["M","M","M","M","$","R","E","R","T","R","E","M","M","E","R","BOSS"],"build_version":"2019-01-23","purchased_purges":0,"victory":false,"max_hp_per_floor":[80,80,80,80,80,80,80,80,80,80,80,80,80,80,80,80],"card_choices":[{"not_picked":["Pummel","Wild Strike"],"picked":"Body Slam","floor":1},{"not_picked":["Sword Boomerang","Uppercut"],"picked":"Cleave","floor":2},{"not_picked":["Cleave","Iron Wave"],"picked":"Entrench","floor":3},{"not_picked":["Dropkick","Clash"],"picked":"Evolve","floor":4},{"not_picked":["Thunderclap","Dual Wield"],"picked":"Sword Boomerang","floor":7},{"not_picked":["Fire Breathing","Armaments"],"picked":"Twin Strike","floor":11},{"not_picked":["Second Wind","Anger"],"picked":"Wild Strike","floor":12},{"not_picked":["Cleave","Bloodletting"],"picked":"Sword Boomerang","floor":13},{"not_picked":["Body Slam","Entrench","Flex"],"picked":"SKIP","floor":14}],"player_experience":340685,"relics_obtained":[{"floor":7,"key":"Red Skull"},{"floor":9,"key":"Regal Pillow"},{"floor":11,"key":"Potion Belt"},{"floor":14,"key":"Boot"}],"event_choices":[],"is_beta":false,"boss_relics":[],"items_purged_floors":[],"is_endless":false,"potions_floor_spawned":[1,4,7,12,13],"killed_by":"The Guardian","ascension_level":2}