{"gold_per_floor":[112,112,112,112,112,144,158,184,184,198,198,198,214,232,232,331,381,401,419,20,20,40,70,81,81,105,105,20,46,65,80,80,80],"floor_reached":33,"playtime":960,"items_purged":[],"score":372,"play_id":"063905eb-f66c-4292-9db4-1a753760ef31","local_time":"20190110121453","is_ascension_mode":false,"campfire_choices":[{"data":"1","floor":11.0,"key":"LIFT"},{"data":"Havoc","floor":15.0,"key":"SMITH"},{"data":"2","floor":25.0,"key":"LIFT"},{"data":"3","floor":27.0,"key":"LIFT"},{"floor":32.0,"key":"REST"}],"neow_cost":"NONE","seed_source_timestamp":42213285268508,"circlet_count":0,"master_deck":["Strike_R","Strike_R","Strike_R","Strike_R","Strike_R","Defend_R","Defend_R+1","Defend_R","Defend_R","Bash","Havoc+1","Flex","Headbutt","Anger","Wild Strike","Clash","Anger","Twin Strike","Twin Strike+1","Perfected Strike+1","Armaments","Perfected Strike","Heavy Blade","Cleave+1","Iron Wave"],"special_seed":0,"relics":["Burning Blood","NeowsBlessing","Matryoshka","Blood Vial","Bottled Lightning","WingedGreaves","Mummified Hand","Pear","Girya","Tiny House","Lee\u0027s Waffle","Pen Nib","Peace Pipe","Singing Bowl","PreservedInsect","Boot","Strawberry"],"potions_floor_usage":[33],"damage_taken":[{"damage":0.0,"enemies":"Small Slimes","floor":1.0,"turns":1.0},{"damage":0.0,"enemies":"Lagavulin","floor":6.0,"turns":1.0},{"damage":0.0,"enemies":"Jaw Worm","floor":7.0,"turns":1.0},{"damage":48.0,"enemies":"Gremlin Nob","floor":8.0,"turns":5.0},{"damage":2.0,"enemies":"2 Louse","floor":10.0,"turns":2.0},{"damage":7.0,"enemies":"Blue Slaver","floor":13.0,"turns":3.0},{"damage":8.0,"enemies":"Large Slime","floor":14.0,"turns":5.0},{"damage":35.0,"enemies":"Slime Boss","floor":16.0,"turns":9.0},{"damage":27.0,"enemies":"Spheric Guardian","floor":18.0,"turns":4.0},{"damage":15.0,"enemies":"Chosen","floor":19.0,"turns":4.0},{"damage":0.0,"enemies":"Snecko","floor":22.0,"turns":3.0},{"damage":19.0,"enemies":"Gremlin Leader","floor":23.0,"turns":5.0},{"damage":21.0,"enemies":"Snake Plant","floor":24.0,"turns":3.0},{"damage":9.0,"enemies":"Slavers","floor":29.0,"turns":3.0},{"damage":28.0,"enemies":"Shelled Parasite and Fungi","floor":30.0,"turns":3.0},{"damage":32.0,"enemies":"Cultist and Chosen","floor":31.0,"turns":5.0},{"damage":83,"enemies":"Champ","floor":33,"turns":6}],"seed_played":"8357715712327113756","potions_obtained":[{"floor":1.0,"key":"Poison Potion"},{"floor":7.0,"key":"Swift Potion"},{"floor":13.0,"key":"LiquidBronze"},{"floor":17.0,"key":"Block Potion"},{"floor":22.0,"key":"Ancient Potion"}],"is_trial":false,"path_per_floor":["M","?","?","T","?","E","M","E","T","M","R","?","M","M","R","B",null,"M","M","$","?","M","E","M","R","T","R","?","E","M","M","R","B"],"character_chosen":"IRONCLAD","items_purchased":["Lee\u0027s Waffle","Pen Nib","Armaments"],"campfire_rested":1,"item_purchase_floors":[20,20,20],"current_hp_per_floor":[80,80,68,68,68,76,80,38,48,54,54,54,55,55,55,28,95,74,67,102,102,102,89,78,78,78,78,78,86,66,42,75,0],"gold":80,"neow_bonus":"THREE_ENEMY_KILL","is_prod":false,"is_daily":false,"chose_seed":false,"campfire_upgraded":1,"win_rate":0,"timestamp":1547140493,"path_taken":["M","?","?","?","?","E","?","E","T","M","R","?","M","M","R","BOSS","M","M","$","?","?","E","M","R","T","R","?","E","M","M","R","BOSS"],"build_version":"2019-01-09","purchased_purges":0,"victory":false,"max_hp_per_floor":[80,80,80,80,80,80,80,80,90,90,90,90,90,90,90,90,95,95,95,102,102,102,102,104,104,104,104,104,113,113,113,113,113],"card_choices":[{"not_picked":["Rupture","Searing Blow"],"picked":"Havoc","floor":1.0},{"not_picked":["Demon Form","Inflame"],"picked":"Flex","floor":6.0},{"not_picked":["Sever Soul","Reckless Charge"],"picked":"Headbutt","floor":7.0},{"not_picked":["Offering","Carnage"],"picked":"Anger","floor":8.0},{"not_picked":["Fire Breathing","Headbutt"],"picked":"Wild Strike","floor":10.0},{"not_picked":["Body Slam","Entrench"],"picked":"Clash","floor":13.0},{"not_picked":["Feed","Wild Strike"],"picked":"Anger","floor":14.0},{"not_picked":["Whirlwind","Rupture"],"picked":"Twin Strike","floor":17.0},{"not_picked":["Pommel Strike","Body Slam+1"],"picked":"Twin Strike+1","floor":18.0},{"not_picked":["Iron Wave","Cleave"],"picked":"Perfected Strike+1","floor":19.0},{"not_picked":["Headbutt","Bloodletting"],"picked":"Perfected Strike","floor":22.0},{"not_picked":["Bludgeon","Warcry+1"],"picked":"Heavy Blade","floor":23.0},{"not_picked":["Blood for Blood","Heavy Blade","Armaments"],"picked":"Singing Bowl","floor":24.0},{"not_picked":["Power Through+1","Demon Form","Headbutt"],"picked":"Singing Bowl","floor":29.0},{"not_picked":["Headbutt+1","True Grit"],"picked":"Cleave+1","floor":30.0},{"not_picked":["Armaments","Anger"],"picked":"Iron Wave","floor":31.0}],"player_experience":526576,"relics_obtained":[{"floor":4.0,"key":"Blood Vial"},{"floor":4.0,"key":"Bottled Lightning"},{"floor":6.0,"key":"WingedGreaves"},{"floor":8.0,"key":"Mummified Hand"},{"floor":9.0,"key":"Pear"},{"floor":9.0,"key":"Girya"},{"floor":23.0,"key":"Singing Bowl"},{"floor":26.0,"key":"PreservedInsect"},{"floor":29.0,"key":"Strawberry"}],"event_choices":[{"damage_healed":0.0,"max_hp_gain":0.0,"max_hp_loss":0.0,"gold_gain":0.0,"event_name":"The Cleric","player_choice":"Leave","floor":2.0,"gold_loss":0.0,"damage_taken":0.0},{"damage_healed":0.0,"max_hp_gain":0.0,"max_hp_loss":0.0,"gold_gain":0.0,"event_name":"Scrap Ooze","player_choice":"Success","floor":3.0,"gold_loss":0.0,"damage_taken":12.0,"relics_obtained":["Matryoshka"]},{"damage_healed":0.0,"max_hp_gain":0.0,"max_hp_loss":0.0,"gold_gain":0.0,"event_name":"Liars Game","player_choice":"Ignored","floor":5.0,"gold_loss":0.0,"damage_taken":0.0},{"damage_healed":0.0,"max_hp_gain":0.0,"max_hp_loss":0.0,"gold_gain":0.0,"event_name":"Golden Idol","player_choice":"Ignored","floor":12.0,"gold_loss":0.0,"damage_taken":0.0},{"damage_healed":0.0,"max_hp_gain":0.0,"max_hp_loss":0.0,"gold_gain":0.0,"event_name":"WeMeetAgain","player_choice":"Gave Potion","floor":21.0,"gold_loss":0.0,"damage_taken":0.0,"relics_obtained":["Peace Pipe"]},{"damage_healed":0.0,"max_hp_gain":0.0,"max_hp_loss":0.0,"gold_gain":0.0,"event_name":"Addict","player_choice":"Obtained Relic","floor":28.0,"gold_loss":85.0,"damage_taken":0.0,"relics_obtained":["Boot"]}],"is_beta":true,"boss_relics":[{"not_picked":["Pandora\u0027s Box","Runic Dome"],"picked":"Tiny House"}],"items_purged_floors":[],"is_endless":false,"potions_floor_spawned":[1,7,13,18,22],"killed_by":"Champ","ascension_level":0}