{"gold_per_floor":[115,65,240,240,515,515,531,531,579,263,274,28,39,69,69,69],"floor_reached":16,"playtime":734,"items_purged":["Regret","Doubt"],"score":147,"play_id":"c83242c8-4a4d-4242-a7a5-54faf4b64649","local_time":"20181022164333","is_ascension_mode":true,"campfire_choices":[{"data":"Dash","floor":6,"key":"SMITH"},{"data":"Survivor","floor":8,"key":"SMITH"},{"floor":15,"key":"REST"}],"neow_cost":"NONE","seed_source_timestamp":955171628057566,"circlet_count":0,"master_deck":["Defend_G","Defend_G","Defend_G","Defend_G","Defend_G","Strike_G+1","Strike_G","Strike_G","Survivor+1","Neutralize+1","AscendersBane","Dash+1","PiercingWail","Deflect","Tools of the Trade","Acrobatics","Calculated Gamble"],"relics":["Ring of the Snake","Whetstone","Ninja Scroll","Happy Flower","Bottled Flame"],"potions_floor_usage":[4,14,16,16],"damage_taken":[{"damage":0,"enemies":"2 Louse","floor":1,"turns":3},{"damage":11,"enemies":"Small Slimes","floor":7,"turns":6},{"damage":7,"enemies":"Jaw Worm","floor":11,"turns":5},{"damage":0,"enemies":"Looter","floor":13,"turns":3},{"damage":13,"enemies":"Lagavulin","floor":14,"turns":6},{"damage":61,"enemies":"Slime Boss","floor":16,"turns":16}],"seed_played":"1564392179572400603","potions_obtained":[{"floor":1,"key":"Block Potion"},{"floor":4,"key":"Fruit Juice"},{"floor":4,"key":"EssenceOfSteel"},{"floor":4,"key":"Strength Potion"},{"floor":7,"key":"Strength Potion"}],"is_trial":false,"path_per_floor":["M","?","?","?","?","R","M","R","T","$","M","$","M","E","R"],"character_chosen":"THE_SILENT","items_purchased":["Ninja Scroll","Happy Flower"],"campfire_rested":1,"item_purchase_floors":[10,12],"current_hp_per_floor":[63,63,63,68,68,68,57,57,57,57,50,50,50,37,59,0],"gold":69,"neow_bonus":"TRANSFORM_CARD","is_prod":false,"is_daily":false,"chose_seed":false,"campfire_upgraded":2,"win_rate":0,"timestamp":1540241013,"path_taken":["M","?","?","?","?","R","M","R","T","$","M","$","M","E","R","BOSS"],"build_version":"2018-10-18","purchased_purges":2,"victory":false,"max_hp_per_floor":[70,70,70,75,75,75,75,75,75,75,75,75,75,75,75,75],"card_choices":[{"not_picked":["Accuracy","Underhanded Strike"],"picked":"PiercingWail","floor":1},{"not_picked":["Poisoned Stab","Flying Knee"],"picked":"Deflect","floor":7},{"not_picked":["Bane","Deflect"],"picked":"Tools of the Trade","floor":11},{"not_picked":["Blade Dance","Slice"],"picked":"Acrobatics","floor":13},{"not_picked":["Bouncing Flask","Sucker Punch"],"picked":"Calculated Gamble","floor":14}],"player_experience":641568,"relics_obtained":[{"floor":9,"key":"Whetstone"},{"floor":14,"key":"Bottled Flame"}],"event_choices":[{"cards_removed":["Strike_G"],"damage_healed":0,"gold_gain":0,"player_choice":"Card Removal","damage_taken":0,"max_hp_gain":0,"max_hp_loss":0,"event_name":"The Cleric","floor":2,"gold_loss":50},{"damage_healed":0,"gold_gain":175,"player_choice":"AGREE","damage_taken":0,"max_hp_gain":0,"max_hp_loss":0,"event_name":"Liars Game","floor":3,"gold_loss":0,"cards_obtained":["Doubt"]},{"damage_healed":0,"gold_gain":0,"player_choice":"Got Potions","damage_taken":0,"max_hp_gain":0,"max_hp_loss":0,"event_name":"The Lab","floor":4,"gold_loss":0},{"damage_healed":0,"gold_gain":275,"player_choice":"Desecrate","damage_taken":0,"max_hp_gain":0,"max_hp_loss":0,"event_name":"Golden Shrine","floor":5,"gold_loss":0,"cards_obtained":["Regret"]}],"is_beta":false,"boss_relics":[],"items_purged_floors":[10,12],"is_endless":false,"potions_floor_spawned":[1,7],"killed_by":"Slime Boss","ascension_level":10}