{"gold_per_floor":[219,219,294,135,135,135,148,148,148,177,177,17,33,50,50,50],"floor_reached":16,"playtime":339,"items_purged":["Strike_R"],"score":296,"play_id":"05fb7927-da77-428e-bf46-677fa82e0024","local_time":"20190213041835","is_ascension_mode":true,"campfire_choices":[{"data":"Twin Strike","floor":6,"key":"SMITH"},{"data":"Spot Weakness","floor":11,"key":"SMITH"},{"data":"Twin Strike","floor":15,"key":"SMITH"}],"neow_cost":"NONE","seed_source_timestamp":40901505165500,"circlet_count":0,"master_deck":["AscendersBane","Strike_R","Strike_R","Strike_R","Strike_R","Defend_R","Defend_R","Defend_R","Defend_R","Bash+1","Twin Strike+1","Pummel","Twin Strike+1","Spot Weakness+1","Battle Trance"],"relics":["Burning Blood","Blue Candle","Thread and Needle","Peace Pipe","Omamori"],"potions_floor_usage":[],"damage_taken":[{"damage":9,"enemies":"Small Slimes","floor":1,"turns":4},{"damage":8,"enemies":"2 Louse","floor":7,"turns":2},{"damage":25,"enemies":"Gremlin Nob","floor":10,"turns":4},{"damage":0,"enemies":"Jaw Worm","floor":13,"turns":3},{"damage":9,"enemies":"Large Slime","floor":14,"turns":4}],"seed_played":"-4820380662332813882","potions_obtained":[],"is_trial":false,"path_per_floor":["M","?","?","$","?","R","M","T","T","E","R","$","M","M","R","B"],"character_chosen":"IRONCLAD","items_purchased":["Pummel","Omamori"],"campfire_rested":0,"item_purchase_floors":[4,12],"current_hp_per_floor":[65,70,59,59,59,59,57,57,57,38,38,38,44,41,41,0],"gold":50,"neow_bonus":"HUNDRED_GOLD","is_prod":false,"is_daily":false,"chose_seed":false,"campfire_upgraded":3,"win_rate":0,"timestamp":1550024315,"path_taken":["M","?","?","?","?","R","?","?","T","E","R","$","M","M","R","BOSS"],"build_version":"2019-01-23","purchased_purges":1,"victory":false,"max_hp_per_floor":[75,80,80,80,80,80,80,80,80,80,80,80,80,80,80,80],"card_choices":[{"not_picked":["Sword Boomerang","Heavy Blade"],"picked":"Twin Strike","floor":1},{"not_picked":["Wild Strike","Warcry"],"picked":"Twin Strike","floor":7},{"not_picked":["Clothesline","Blood for Blood"],"picked":"Spot Weakness","floor":10},{"not_picked":["Rampage","Havoc","Spot Weakness"],"picked":"SKIP","floor":13},{"not_picked":["Cleave","Dual Wield"],"picked":"Battle Trance","floor":14}],"player_experience":737362,"relics_obtained":[{"floor":8,"key":"Blue Candle"},{"floor":9,"key":"Thread and Needle"},{"floor":10,"key":"Peace Pipe"}],"event_choices":[{"damage_healed":0,"gold_gain":0,"player_choice":"Donut","damage_taken":0,"max_hp_gain":5,"max_hp_loss":0,"event_name":"Big Fish","floor":2,"gold_loss":0},{"damage_healed":0,"gold_gain":75,"player_choice":"Gather Gold","damage_taken":11,"max_hp_gain":0,"max_hp_loss":0,"event_name":"World of Goop","floor":3,"gold_loss":0},{"damage_healed":0,"gold_gain":0,"player_choice":"Grow","damage_taken":0,"max_hp_gain":0,"max_hp_loss":0,"event_name":"Living Wall","floor":5,"gold_loss":0,"cards_upgraded":["Bash"]}],"is_beta":false,"boss_relics":[],"items_purged_floors":[4],"is_endless":false,"potions_floor_spawned":[],"killed_by":"The Guardian","ascension_level":20}