{"path_per_floor":["M","?","M","M","M","R","M","M","T","M","M","$","?","M","R","B",null,"M","$","?","?","M","R","M","R","T","M","M","R","?"],"character_chosen":"THE_SILENT","items_purchased":["Accuracy","Leg Sweep","Infinite Blades"],"gold_per_floor":[118,118,132,145,158,158,182,195,195,214,229,1,1,25,25,154,154,172,96,96,96,114,114,133,133,182,206,222,222,222,222],"floor_reached":31,"campfire_rested":1,"playtime":2738,"current_hp_per_floor":[70,53,53,53,27,27,21,21,21,21,14,14,14,14,35,15,70,57,57,57,57,57,57,47,47,47,27,17,17,17,0],"items_purged":["Strike_G"],"gold":222,"score":233,"play_id":"b28594ac-8fda-4178-802c-5c19e4aea9f9","local_time":"20180429125809","is_prod":false,"is_daily":false,"chose_seed":false,"is_ascension_mode":false,"campfire_upgraded":4,"timestamp":1524999489,"path_taken":["M","?","M","M","M","R","M","?","T","M","M","$","?","M","R","BOSS","M","$","?","?","M","R","M","R","T","M","M","R","?","M"],"build_version":"2018-04-27v3","seed_source_timestamp":242336094397197,"purchased_purges":1,"victory":false,"master_deck":["Defend_G","Defend_G","Defend_G","Defend_G","Defend_G","Survivor","Neutralize+1","Cloak And Dagger","Setup+1","Blade Dance","Dagger Spray","Cloak And Dagger","Escape Plan","Accuracy+1","Leg Sweep+1","Cloak And Dagger","Envenom+1","A Thousand Cuts+1","Concentrate+1","Catalyst+1","Infinite Blades","Footwork+1","Backflip+1"],"max_hp_per_floor":[70,70,70,70,70,70,70,70,70,70,70,70,70,70,70,70,70,70,70,70,70,70,70,70,70,70,70,70,70,70,70],"relics":["Ring of the Snake","Golden Idol","Ornamental Fan","Astrolabe","Bag of Preparation"],"card_choices":[{"not_picked":["Skewer","Dagger Spray"],"picked":"Cloak And Dagger","floor":3},{"not_picked":["All Out Attack","Deflect"],"picked":"Setup","floor":4},{"not_picked":["Wraith Form v2","Quick Slash"],"picked":"Blade Dance","floor":5},{"not_picked":["Dodge and Roll","Underhanded Strike"],"picked":"Dagger Spray","floor":7},{"not_picked":["Dodge and Roll","Slice"],"picked":"Cloak And Dagger","floor":8},{"not_picked":["Bane","Flechettes"],"picked":"Escape Plan","floor":10},{"not_picked":["Outmaneuver","Bane"],"picked":"Cloak And Dagger","floor":14},{"not_picked":["Night Terror","Bullet Time"],"picked":"Envenom","floor":16},{"not_picked":["Endless Agony","Bane"],"picked":"Backflip","floor":24}],"player_experience":92975,"potions_floor_usage":[16,16,18,28],"damage_taken":[{"damage":0,"enemies":"2 Louse","floor":1,"turns":3},{"damage":0,"enemies":"Small Slimes","floor":3,"turns":3},{"damage":0,"enemies":"Jaw Worm","floor":4,"turns":4},{"damage":26,"enemies":"Exordium Thugs","floor":5,"turns":8},{"damage":6,"enemies":"3 Louse","floor":7,"turns":4},{"damage":0,"enemies":"Large Slime","floor":8,"turns":6},{"damage":0,"enemies":"2 Fungi Beasts","floor":10,"turns":2},{"damage":7,"enemies":"Exordium Wildlife","floor":11,"turns":4},{"damage":0,"enemies":"Looter","floor":14,"turns":4},{"damage":20,"enemies":"Hexaghost","floor":16,"turns":17},{"damage":13,"enemies":"2 Thieves","floor":18,"turns":4},{"damage":0,"enemies":"Shell Parasite","floor":22,"turns":8},{"damage":10,"enemies":"Snake Plant","floor":24,"turns":8},{"damage":20,"enemies":"Centurion and Healer","floor":27,"turns":8},{"damage":10,"enemies":"Snecko","floor":28,"turns":5},{"damage":23,"enemies":"Chosen and Byrds","floor":31,"turns":5}],"event_choices":[{"event_name":"Golden Idol","player_choice":"Take Damage","floor":2,"damage_taken":0},{"event_name":"Golden Wing","player_choice":"Ignored","floor":13,"damage_taken":0},{"event_name":"The Library","player_choice":"Read","floor":20,"damage_taken":0},{"event_name":"Upgrade Shrine","player_choice":"Upgraded","floor":21,"damage_taken":0},{"event_name":"Back to Basics","player_choice":"Elegance","floor":30,"damage_taken":0}],"boss_relics":[{"not_picked":["Tiny House","Calling Bell"],"picked":"Astrolabe"}],"potions_floor_spawned":[5,8,10,16,18],"seed_played":"-504170789078447506","killed_by":"Chosen and Byrds","ascension_level":0,"is_trial":false}