{"gold_per_floor":[115,115,115,132,33,33,50,50,101,132,132,148,148,148,148,243,293,311,311,49,61,77,77,94,94],"floor_reached":25,"playtime":1311,"items_purged":["Strike_B"],"score":231,"play_id":"a8295126-7635-40fc-b486-736535e55fdf","local_time":"20190111153454","is_ascension_mode":true,"campfire_choices":[{"data":"Zap","floor":6.0,"key":"SMITH"},{"data":"Sweeping Beam","floor":8.0,"key":"SMITH"},{"data":"Streamline","floor":11.0,"key":"SMITH"},{"data":"Redo","floor":13.0,"key":"SMITH"},{"data":"Dualcast","floor":15.0,"key":"SMITH"},{"floor":23,"key":"REST"}],"neow_cost":"NONE","seed_source_timestamp":0,"circlet_count":0,"master_deck":["Strike_B","Defend_B","Defend_B","Defend_B","Defend_B","Zap+1","Dualcast+1","Sweeping Beam+1","Gash","Streamline+1","Redo+1","Seek+1","Beam Cell+1","Hologram","Hologram+1","Self Repair"],"special_seed":0,"relics":["Cracked Core","Blood Vial","Regal Pillow","Centennial Puzzle","Tiny House","Letter Opener"],"potions_floor_usage":[],"damage_taken":[{"damage":4.0,"enemies":"Jaw Worm","floor":1.0,"turns":4.0},{"damage":8.0,"enemies":"2 Louse","floor":4.0,"turns":4.0},{"damage":4.0,"enemies":"Small Slimes","floor":7.0,"turns":3.0},{"damage":15.0,"enemies":"3 Sentries","floor":10.0,"turns":4.0},{"damage":6.0,"enemies":"Looter","floor":12.0,"turns":2.0},{"damage":40.0,"enemies":"The Guardian","floor":16.0,"turns":8.0},{"damage":8,"enemies":"3 Byrds","floor":18,"turns":3},{"damage":22,"enemies":"Colosseum Slavers","floor":19,"turns":3},{"damage":13,"enemies":"Shell Parasite","floor":21,"turns":4},{"damage":18,"enemies":"Snake Plant","floor":22,"turns":3},{"damage":4,"enemies":"3 Cultists","floor":24,"turns":3},{"damage":70,"enemies":"Slavers","floor":25,"turns":3}],"seed_played":"4681751988416058288","potions_obtained":[{"floor":1.0,"key":"Strength Potion"},{"floor":7.0,"key":"Swift Potion"},{"floor":17,"key":"Strength Potion"},{"floor":18,"key":"Explosive Potion"}],"is_trial":false,"path_per_floor":["M","?","?","M","$","R","M","R","T","E","R","M","R","?","R","B",null,"M","?","$","M","M","R","M","E"],"character_chosen":"DEFECT","items_purchased":["Gash","Letter Opener"],"campfire_rested":1,"item_purchase_floors":[5,20],"current_hp_per_floor":[71,71,64,58,58,58,56,56,56,43,43,39,39,39,39,1,80,72,52,52,41,25,64,62,0],"gold":94,"neow_bonus":"RANDOM_COMMON_RELIC","is_prod":false,"is_daily":false,"chose_seed":false,"campfire_upgraded":5,"win_rate":0,"timestamp":1547217294,"path_taken":["M","?","?","M","$","R","M","R","T","E","R","M","R","?","R","BOSS","M","?","$","M","M","R","M","E"],"build_version":"2019-01-10","purchased_purges":1,"victory":false,"max_hp_per_floor":[75,75,75,75,75,75,75,75,75,75,75,75,75,75,75,75,80,80,80,80,80,80,80,80,80],"card_choices":[{"not_picked":["Redo","Reprogram","Steam Power"],"picked":"SKIP","floor":1.0},{"not_picked":["Force Field","Double Energy"],"picked":"Sweeping Beam","floor":4.0},{"not_picked":["Leap","Auto Shields","Redo"],"picked":"SKIP","floor":7.0},{"not_picked":["Capacitor","Genetic Algorithm"],"picked":"Streamline","floor":10.0},{"not_picked":["Beam Cell","Coolheaded"],"picked":"Redo","floor":12.0},{"not_picked":["Biased Cognition","Rainbow"],"picked":"Seek","floor":16.0},{"not_picked":["Compile Driver+1","Blizzard"],"picked":"Beam Cell+1","floor":18},{"not_picked":["Tempest","Recycle"],"picked":"Hologram","floor":21},{"not_picked":["Stack","Barrage"],"picked":"Hologram+1","floor":22},{"not_picked":["White Noise","Stack"],"picked":"Self Repair","floor":24}],"player_experience":245464,"relics_obtained":[{"floor":9.0,"key":"Regal Pillow"},{"floor":10.0,"key":"Centennial Puzzle"}],"event_choices":[{"cards_removed":["Strike_B"],"damage_healed":0.0,"max_hp_gain":0.0,"max_hp_loss":0.0,"gold_gain":0.0,"event_name":"Living Wall","player_choice":"Forget","floor":2.0,"gold_loss":0.0,"damage_taken":0.0},{"cards_removed":["Strike_B"],"damage_healed":0.0,"max_hp_gain":0.0,"max_hp_loss":0.0,"gold_gain":0.0,"event_name":"Golden Wing","player_choice":"Card Removal","floor":3.0,"gold_loss":0.0,"damage_taken":7.0},{"damage_healed":0.0,"max_hp_gain":0.0,"max_hp_loss":0.0,"gold_gain":0.0,"event_name":"Liars Game","player_choice":"Ignored","floor":14.0,"gold_loss":0.0,"damage_taken":0.0},{"damage_healed":0,"gold_gain":0,"player_choice":"Fight","damage_taken":0,"max_hp_gain":0,"max_hp_loss":0,"event_name":"Colosseum","floor":19,"gold_loss":0},{"damage_healed":0,"gold_gain":0,"player_choice":"Fled From Nobs","damage_taken":0,"max_hp_gain":0,"max_hp_loss":0,"event_name":"Colosseum","floor":19,"gold_loss":0}],"is_beta":false,"boss_relics":[{"not_picked":["Calling Bell","Cursed Key"],"picked":"Tiny House"}],"items_purged_floors":[5],"is_endless":false,"potions_floor_spawned":[1,7,18,24],"killed_by":"Slavers","ascension_level":3}