{"gold_per_floor":[114,129,142,67,67,102,102,131,131,131,131],"floor_reached":11,"playtime":846,"items_purged":["Strike_G"],"score":71,"play_id":"7c5c0d5d-55a2-413c-9311-8f82c3e03c42","local_time":"20190105001314","is_ascension_mode":false,"campfire_choices":[{"data":"Neutralize","floor":7,"key":"SMITH"},{"data":"Survivor","floor":10,"key":"SMITH"}],"neow_cost":"NONE","seed_source_timestamp":340632615936565,"circlet_count":0,"master_deck":["Defend_G","Defend_G","Defend_G","Defend_G","Defend_G","Strike_G","Strike_G","Strike_G","Strike_G","Survivor+1","Neutralize+1","Deadly Poison"],"relics":["Ring of the Snake","Letter Opener","Odd Mushroom","Molten Egg 2"],"potions_floor_usage":[],"damage_taken":[{"damage":0,"enemies":"Cultist","floor":1,"turns":5},{"damage":0,"enemies":"2 Louse","floor":2,"turns":4},{"damage":5,"enemies":"Jaw Worm","floor":3,"turns":8},{"damage":36,"enemies":"3 Sentries","floor":6,"turns":14},{"damage":16,"enemies":"The Mushroom Lair","floor":8,"turns":6},{"damage":30,"enemies":"Lagavulin","floor":11,"turns":8}],"seed_played":"-1096044347219663634","potions_obtained":[{"floor":3,"key":"LiquidBronze"}],"is_trial":false,"path_per_floor":["M","M","M","$","?","E","R","?","T","R","E"],"character_chosen":"THE_SILENT","items_purchased":[],"campfire_rested":0,"item_purchase_floors":[],"current_hp_per_floor":[77,77,72,72,77,41,41,25,25,25,0],"gold":131,"neow_bonus":"TEN_PERCENT_HP_BONUS","is_prod":false,"is_daily":false,"chose_seed":false,"campfire_upgraded":2,"win_rate":0,"timestamp":1546643594,"path_taken":["M","M","M","$","?","E","R","?","T","R","E"],"build_version":"2019-01-03v4","purchased_purges":1,"victory":false,"max_hp_per_floor":[77,77,77,77,82,82,82,82,82,82,82],"card_choices":[{"not_picked":["Cloak And Dagger","Predator","Bane"],"picked":"SKIP","floor":1},{"not_picked":["Distraction","PiercingWail","Poisoned Stab"],"picked":"SKIP","floor":2},{"not_picked":["Cloak And Dagger","Bane"],"picked":"Deadly Poison","floor":3},{"not_picked":["Underhanded Strike","Quick Slash","Distraction"],"picked":"SKIP","floor":6}],"player_experience":146320,"relics_obtained":[{"floor":6,"key":"Letter Opener"},{"floor":8,"key":"Odd Mushroom"},{"floor":9,"key":"Molten Egg 2"}],"event_choices":[{"damage_healed":0,"gold_gain":0,"player_choice":"Donut","damage_taken":0,"max_hp_gain":5,"max_hp_loss":0,"event_name":"Big Fish","floor":5,"gold_loss":0},{"damage_healed":0,"gold_gain":0,"player_choice":"Fought Mushrooms","damage_taken":0,"max_hp_gain":0,"max_hp_loss":0,"event_name":"Mushrooms","floor":8,"gold_loss":0}],"is_beta":false,"boss_relics":[],"items_purged_floors":[4],"is_endless":false,"potions_floor_spawned":[3],"killed_by":"Lagavulin","ascension_level":0}