{"gold_per_floor":[111,65,85,98,117,117,449,449,527,128,139,165,178,193,193,296,296,308,208,225,242,259,259,186,186,212,237,252,252,285,285,285,285],"floor_reached":33,"playtime":2679,"items_purged":["Strike_R","Strike_R"],"score":340,"play_id":"fdf9e58c-f1b5-4e49-bf0a-3be5fa1b48a4","local_time":"20190114225845","is_ascension_mode":true,"campfire_choices":[{"data":"Barricade","floor":6.0,"key":"SMITH"},{"floor":15.0,"key":"REST"},{"data":"Body Slam","floor":23,"key":"SMITH"},{"data":"Bash","floor":25,"key":"SMITH"},{"data":"Uppercut","floor":29,"key":"SMITH"},{"floor":32,"key":"REST"}],"neow_cost":"NONE","seed_source_timestamp":0,"circlet_count":0,"master_deck":["Strike_R","Defend_R","Defend_R","Defend_R","Defend_R","Bash+1","Barricade+1","Body Slam+1","True Grit+1","Corruption","Flame Barrier","Spot Weakness","Immolate","Shrug It Off","Body Slam","Twin Strike","Shrug It Off","Berserk","Sword Boomerang","Corruption","Uppercut+1"],"special_seed":0,"relics":["Burning Blood","Old Coin","Mummified Hand","Charon\u0027s Ashes","Omamori","Empty Cage","Happy Flower","FossilizedHelix","Red Skull","CultistMask"],"potions_floor_usage":[27],"damage_taken":[{"damage":5.0,"enemies":"Cultist","floor":1.0,"turns":4.0},{"damage":0.0,"enemies":"Small Slimes","floor":3.0,"turns":4.0},{"damage":5.0,"enemies":"Jaw Worm","floor":4.0,"turns":4.0},{"damage":12.0,"enemies":"Large Slime","floor":5.0,"turns":7.0},{"damage":0.0,"enemies":"Lagavulin","floor":7.0,"turns":11.0},{"damage":34.0,"enemies":"Exordium Wildlife","floor":11.0,"turns":5.0},{"damage":41.0,"enemies":"Gremlin Nob","floor":12.0,"turns":5.0},{"damage":0.0,"enemies":"3 Louse","floor":13.0,"turns":1.0},{"damage":0.0,"enemies":"Exordium Thugs","floor":14.0,"turns":4.0},{"damage":18.0,"enemies":"Hexaghost","floor":16.0,"turns":10.0},{"damage":3.0,"enemies":"3 Byrds","floor":18.0,"turns":3.0},{"damage":5.0,"enemies":"Spheric Guardian","floor":20.0,"turns":4.0},{"damage":0.0,"enemies":"3 Cultists","floor":21.0,"turns":4.0},{"damage":36,"enemies":"Chosen and Byrds","floor":22,"turns":6},{"damage":27,"enemies":"Gremlin Leader","floor":27,"turns":7},{"damage":0,"enemies":"Centurion and Healer","floor":28,"turns":9},{"damage":29,"enemies":"Book of Stabbing","floor":30,"turns":7},{"damage":61,"enemies":"Automaton","floor":33,"turns":6}],"seed_played":"6620819208736801004","potions_obtained":[{"floor":5.0,"key":"Strength Potion"},{"floor":11.0,"key":"SpeedPotion"},{"floor":13.0,"key":"PowerPotion"},{"floor":14.0,"key":"Poison Potion"},{"floor":16.0,"key":"Energy Potion"},{"floor":20.0,"key":"FearPotion"},{"floor":28,"key":"LiquidBronze"}],"is_trial":false,"path_per_floor":["M","$","M","M","M","R","E","?","T","$","M","E","M","M","R","B",null,"M","$","M","M","M","R","$","R","T","E","M","R","E","?","R","B"],"character_chosen":"IRONCLAD","items_purchased":["True Grit","Shrug It Off","Charon\u0027s Ashes","Uppercut"],"campfire_rested":2,"item_purchase_floors":[2,10,10,24],"current_hp_per_floor":[80,80,80,80,74,74,80,80,80,80,52,17,23,29,53,41,80,80,80,80,80,50,50,50,50,50,29,35,35,12,12,36,0],"gold":285,"neow_bonus":"ONE_RANDOM_RARE_CARD","is_prod":false,"is_daily":false,"chose_seed":false,"campfire_upgraded":4,"win_rate":0,"timestamp":1547503125,"path_taken":["M","$","M","?","M","R","E","?","T","$","M","E","M","?","R","BOSS","M","$","M","M","M","R","$","R","T","E","M","R","E","?","R","BOSS"],"build_version":"2019-01-10","purchased_purges":2,"victory":false,"max_hp_per_floor":[80,80,80,80,80,80,80,80,80,80,80,80,80,80,80,80,80,80,80,80,80,80,80,80,80,80,80,80,80,80,80,80,80],"card_choices":[{"not_picked":["Rupture","True Grit"],"picked":"Body Slam","floor":1.0},{"not_picked":["Inflame","Clothesline"],"picked":"Corruption","floor":3.0},{"not_picked":["Metallicize","Wild Strike"],"picked":"Flame Barrier","floor":4.0},{"not_picked":["Body Slam","Inflame"],"picked":"Spot Weakness","floor":5.0},{"not_picked":["Metallicize","Headbutt"],"picked":"Immolate","floor":7.0},{"not_picked":["Warcry","Demon Form"],"picked":"Body Slam","floor":11.0},{"not_picked":["Warcry","Sentinel"],"picked":"Twin Strike","floor":12.0},{"not_picked":["Twin Strike","Burning Pact"],"picked":"Shrug It Off","floor":13.0},{"not_picked":["Power Through","Corruption","Intimidate"],"picked":"SKIP","floor":14.0},{"not_picked":["Exhume","Demon Form"],"picked":"Berserk","floor":16.0},{"not_picked":["Body Slam","Shrug It Off"],"picked":"Sword Boomerang","floor":18.0},{"not_picked":["Thunderclap+1","Cleave"],"picked":"Corruption","floor":20.0},{"not_picked":["Clothesline","Carnage+1","Searing Blow+1"],"picked":"SKIP","floor":21},{"not_picked":["Armaments+1","Combust","Headbutt+1"],"picked":"SKIP","floor":22},{"not_picked":["Berserk","Anger","Exhume"],"picked":"SKIP","floor":27},{"not_picked":["Intimidate+1","Combust","Spot Weakness"],"picked":"SKIP","floor":28},{"not_picked":["Whirlwind","Clothesline","Iron Wave"],"picked":"SKIP","floor":30}],"player_experience":276999,"relics_obtained":[{"floor":7.0,"key":"Old Coin"},{"floor":9.0,"key":"Mummified Hand"},{"floor":12.0,"key":"Omamori"},{"floor":26,"key":"Happy Flower"},{"floor":27,"key":"FossilizedHelix"},{"floor":30,"key":"Red Skull"}],"event_choices":[{"damage_healed":0.0,"max_hp_gain":0.0,"max_hp_loss":0.0,"gold_gain":0.0,"event_name":"Upgrade Shrine","player_choice":"Upgraded","floor":8.0,"gold_loss":0.0,"damage_taken":0.0,"cards_upgraded":["True Grit"]},{"damage_healed":0,"gold_gain":0,"player_choice":"Trade","damage_taken":0,"relics_obtained":["CultistMask"],"max_hp_gain":0,"max_hp_loss":0,"event_name":"FaceTrader","floor":31,"gold_loss":0}],"is_beta":false,"boss_relics":[{"not_picked":["Cursed Key","Lizard Tail"],"picked":"Empty Cage"}],"items_purged_floors":[10,19],"is_endless":false,"potions_floor_spawned":[5,11,13,14,16,20,21,28,30],"killed_by":"Automaton","ascension_level":1}