{"gold_per_floor":[117,117,63,73,73,73,117,132,183,108,124,163,163,184,184,310,310,330,351,351,351,369,413,413,437,437,286,286,161,161],"floor_reached":30,"playtime":2039,"items_purged":["Strike_R","Bash","Defend_R"],"score":258,"play_id":"e508efd1-9383-4ff0-85ed-27ea09db508b","local_time":"20190106034647","is_ascension_mode":false,"campfire_choices":[{"data":"Shrug It Off","floor":6,"key":"SMITH"},{"data":"Demon Form","floor":13,"key":"SMITH"},{"data":"Shrug It Off","floor":15,"key":"SMITH"},{"data":"RitualDagger","floor":24,"key":"SMITH"},{"floor":28,"key":"REST"}],"neow_cost":"NONE","seed_source_timestamp":438657286250287,"circlet_count":0,"master_deck":["Strike_R+1","Strike_R+1","Defend_R","Defend_R","Defend_R","Impervious","Pommel Strike+1","Shrug It Off+1","Iron Wave","Shrug It Off+1","Body Slam","Demon Form+1","Inflame","Double Tap","Heavy Blade+1","RitualDagger+1","Warcry","Shrug It Off"],"relics":["Burning Blood","Golden Idol","Bronze Scales","Whetstone","Ancient Tea Set","Empty Cage","Potion Belt","Self Forming Clay"],"potions_floor_usage":[],"damage_taken":[{"damage":10,"enemies":"Small Slimes","floor":1,"turns":4},{"damage":1,"enemies":"Cultist","floor":4,"turns":3},{"damage":39,"enemies":"Lagavulin","floor":7,"turns":10},{"damage":1,"enemies":"Jaw Worm","floor":8,"turns":3},{"damage":0,"enemies":"Blue Slaver","floor":11,"turns":4},{"damage":14,"enemies":"3 Sentries","floor":12,"turns":8},{"damage":0,"enemies":"Exordium Wildlife","floor":14,"turns":4},{"damage":35,"enemies":"The Guardian","floor":16,"turns":10},{"damage":12,"enemies":"Shell Parasite","floor":18,"turns":5},{"damage":0,"enemies":"Chosen","floor":19,"turns":5},{"damage":16,"enemies":"Centurion and Healer","floor":22,"turns":5},{"damage":32,"enemies":"Book of Stabbing","floor":23,"turns":5},{"damage":21,"enemies":"Snake Plant","floor":25,"turns":3},{"damage":38,"enemies":"Slavers","floor":30,"turns":3}],"seed_played":"6023804636895369857","potions_obtained":[{"floor":1,"key":"FearPotion"},{"floor":7,"key":"Weak Potion"},{"floor":12,"key":"Weak Potion"},{"floor":23,"key":"Poison Potion"}],"is_trial":false,"path_per_floor":["M","?","$","M","?","R","E","M","T","$","M","E","R","M","R","B",null,"M","M","?","?","M","E","R","M","T","$","R","$","E"],"character_chosen":"IRONCLAD","items_purchased":["Shrug It Off","Shrug It Off"],"campfire_rested":1,"item_purchase_floors":[3,27],"current_hp_per_floor":[76,76,76,80,60,60,27,32,32,32,38,30,30,36,36,7,80,74,80,64,58,48,22,22,7,7,7,31,31,0],"gold":161,"neow_bonus":"ONE_RANDOM_RARE_CARD","is_prod":false,"is_daily":false,"chose_seed":false,"campfire_upgraded":4,"win_rate":0.0,"timestamp":1546742807,"path_taken":["M","?","?","M","?","R","E","M","T","$","M","E","R","M","R","BOSS","M","M","?","?","M","E","R","M","T","$","R","$","E"],"build_version":"2019-01-03v4","purchased_purges":3,"victory":false,"max_hp_per_floor":[80,80,80,80,80,80,80,80,80,80,80,80,80,80,80,80,80,80,80,80,80,80,80,80,80,80,80,80,80,80],"card_choices":[{"not_picked":["Second Wind","Warcry"],"picked":"Pommel Strike","floor":1},{"not_picked":["Second Wind","Twin Strike"],"picked":"Iron Wave","floor":4},{"not_picked":["Sever Soul","Thunderclap","Hemokinesis"],"picked":"SKIP","floor":7},{"not_picked":["Warcry","Clash"],"picked":"Shrug It Off","floor":8},{"not_picked":["Shrug It Off","Carnage"],"picked":"Body Slam","floor":11},{"not_picked":["Corruption","Cleave"],"picked":"Demon Form","floor":12},{"not_picked":["Twin Strike","Infernal Blade"],"picked":"Inflame","floor":14},{"not_picked":["Demon Form","Impervious"],"picked":"Double Tap","floor":16},{"not_picked":["Thunderclap","Iron Wave"],"picked":"Heavy Blade+1","floor":18},{"not_picked":["Warcry","Clothesline","Twin Strike"],"picked":"SKIP","floor":19},{"not_picked":["Burning Pact+1","Cleave","Hemokinesis"],"picked":"SKIP","floor":22},{"not_picked":["Clothesline","Entrench"],"picked":"Warcry","floor":23},{"not_picked":["Headbutt","Clash","Spot Weakness"],"picked":"SKIP","floor":25}],"player_experience":173718,"relics_obtained":[{"floor":7,"key":"Bronze Scales"},{"floor":9,"key":"Whetstone"},{"floor":12,"key":"Ancient Tea Set"},{"floor":23,"key":"Potion Belt"},{"floor":26,"key":"Self Forming Clay"}],"event_choices":[{"damage_healed":0,"gold_gain":0,"player_choice":"Upgraded","damage_taken":0,"max_hp_gain":0,"max_hp_loss":0,"event_name":"Upgrade Shrine","floor":2,"gold_loss":0,"cards_upgraded":["Pommel Strike"]},{"damage_healed":0,"gold_gain":0,"player_choice":"Take Damage","damage_taken":20,"relics_obtained":["Golden Idol"],"max_hp_gain":0,"max_hp_loss":0,"event_name":"Golden Idol","floor":5,"gold_loss":0},{"damage_healed":0,"gold_gain":0,"player_choice":"Obtained Book","damage_taken":16,"max_hp_gain":0,"max_hp_loss":0,"event_name":"Cursed Tome","floor":20,"gold_loss":0},{"damage_healed":0,"gold_gain":0,"player_choice":"Joined the Cult","damage_taken":6,"max_hp_gain":0,"max_hp_loss":0,"event_name":"Nest","floor":21,"gold_loss":0,"cards_obtained":["RitualDagger"]}],"is_beta":false,"boss_relics":[{"not_picked":["Runic Dome","Cursed Key"],"picked":"Empty Cage"}],"items_purged_floors":[10,27,29],"is_endless":false,"potions_floor_spawned":[1,7,12,14,16,23],"killed_by":"Slavers","ascension_level":0}