{"gold_per_floor":[110,128,140,152,165,165,199,217,288,19,76,124,137,149,149,223,223,241,191,209,220,30,30],"floor_reached":23,"playtime":1359,"items_purged":["Strike_R","Strike_R"],"score":355,"play_id":"3808c11f-a929-4dd6-b99a-e05df0131d72","local_time":"20190124215655","is_ascension_mode":true,"campfire_choices":[{"floor":6.0,"key":"REST"},{"floor":15,"key":"REST"}],"neow_cost":"NONE","seed_source_timestamp":0,"circlet_count":0,"master_deck":["AscendersBane","Strike_R","Strike_R","Strike_R","Defend_R","Defend_R+1","Defend_R","Defend_R","Bash","Spot Weakness+1","Pommel Strike","Shrug It Off","Body Slam","Shrug It Off","Metallicize","Havoc","Power Through","Uppercut","Pommel Strike","Demon Form+1","Sword Boomerang","Intimidate+1","Clothesline","Inflame"],"special_seed":0,"relics":["Burning Blood","War Paint","Blue Candle","Regal Pillow","Juzu Bracelet","Potion Belt","Fusion Hammer"],"potions_floor_usage":[16,23,23],"damage_taken":[{"damage":6.0,"enemies":"Cultist","floor":1.0,"turns":3.0},{"damage":4.0,"enemies":"Jaw Worm","floor":2.0,"turns":4.0},{"damage":10.0,"enemies":"Small Slimes","floor":3.0,"turns":4.0},{"damage":35.0,"enemies":"Exordium Thugs","floor":4.0,"turns":6.0},{"damage":6.0,"enemies":"Exordium Wildlife","floor":5.0,"turns":4.0},{"damage":34.0,"enemies":"Gremlin Nob","floor":7.0,"turns":5.0},{"damage":0.0,"enemies":"2 Fungi Beasts","floor":8.0,"turns":3.0},{"damage":36.0,"enemies":"Gremlin Nob","floor":11.0,"turns":5.0},{"damage":3.0,"enemies":"Looter","floor":13.0,"turns":4.0},{"damage":7.0,"enemies":"Exordium Thugs","floor":14.0,"turns":6.0},{"damage":50,"enemies":"Hexaghost","floor":16,"turns":11},{"damage":11,"enemies":"Shell Parasite","floor":18,"turns":4},{"damage":6,"enemies":"2 Thieves","floor":20,"turns":4},{"damage":17,"enemies":"Snecko","floor":21,"turns":5},{"damage":58,"enemies":"Slavers","floor":23,"turns":4}],"seed_played":"-7764613267115990202","potions_obtained":[{"floor":3.0,"key":"SteroidPotion"},{"floor":4.0,"key":"Block Potion"},{"floor":5.0,"key":"Regen Potion"},{"floor":11.0,"key":"SkillPotion"},{"floor":16,"key":"SneckoOil"},{"floor":21,"key":"Ancient Potion"}],"is_trial":false,"path_per_floor":["M","M","M","M","M","R","E","M","T","$","?","T","M","M","R","B",null,"M","?","M","M","$","E"],"character_chosen":"IRONCLAD","items_purchased":["Regal Pillow","Havoc","Inflame"],"campfire_rested":2,"item_purchase_floors":[10,10,22],"current_hp_per_floor":[75,77,73,44,44,68,40,46,46,46,28,28,31,30,69,25,68,63,63,63,52,52,0],"gold":30,"neow_bonus":"TEN_PERCENT_HP_BONUS","is_prod":false,"is_daily":false,"chose_seed":false,"campfire_upgraded":0,"win_rate":0,"timestamp":1548385015,"path_taken":["M","M","M","M","M","R","E","M","T","$","?","?","M","M","R","BOSS","M","?","M","M","?","E"],"build_version":"2019-01-23","purchased_purges":2,"victory":false,"max_hp_per_floor":[82,82,82,82,82,82,82,82,82,82,82,82,82,82,82,82,82,82,82,82,82,82,82],"card_choices":[{"not_picked":["Twin Strike","Havoc"],"picked":"Spot Weakness","floor":1.0},{"not_picked":["Reckless Charge","Hemokinesis","Wild Strike"],"picked":"SKIP","floor":2.0},{"not_picked":["Heavy Blade","Thunderclap"],"picked":"Pommel Strike","floor":3.0},{"not_picked":["Reckless Charge","Rampage"],"picked":"Shrug It Off","floor":4.0},{"not_picked":["Berserk","Burning Pact"],"picked":"Body Slam","floor":5.0},{"not_picked":["Heavy Blade","Dual Wield"],"picked":"Shrug It Off","floor":7.0},{"not_picked":["Ghostly Armor","Flex"],"picked":"Metallicize","floor":8.0},{"not_picked":["Thunderclap","Flex"],"picked":"Power Through","floor":11.0},{"not_picked":["Reckless Charge","Bloodletting"],"picked":"Uppercut","floor":13.0},{"not_picked":["Rampage","True Grit"],"picked":"Pommel Strike","floor":14.0},{"not_picked":["Bludgeon","Limit Break"],"picked":"Demon Form","floor":16},{"not_picked":["Warcry","Perfected Strike"],"picked":"Sword Boomerang","floor":18},{"not_picked":["True Grit","Dual Wield"],"picked":"Intimidate+1","floor":20},{"not_picked":["Rage","Thunderclap"],"picked":"Clothesline","floor":21}],"player_experience":917039,"relics_obtained":[{"floor":7.0,"key":"War Paint"},{"floor":9.0,"key":"Blue Candle"},{"floor":11.0,"key":"Juzu Bracelet"},{"floor":12.0,"key":"Potion Belt"}],"event_choices":[{"damage_healed":0.0,"max_hp_gain":0.0,"max_hp_loss":0.0,"gold_gain":30.0,"event_name":"Dead Adventurer","player_choice":"Searched \u00273\u0027 times","floor":11.0,"gold_loss":0.0,"damage_taken":0.0},{"damage_healed":0,"gold_gain":0,"player_choice":"Upgrade","damage_taken":0,"max_hp_gain":0,"max_hp_loss":0,"event_name":"Designer","floor":19,"gold_loss":50,"cards_upgraded":["Demon Form"]}],"is_beta":false,"boss_relics":[{"not_picked":["Black Star","White Beast Statue"],"picked":"Fusion Hammer"}],"items_purged_floors":[10,22],"is_endless":false,"potions_floor_spawned":[3,4,5,11,16,21],"killed_by":"Slavers","ascension_level":16}