{"gold_per_floor":[114,129,144,159,139,169,169,184,209,209,239,80,80,110,110,210,210,225,240,240],"floor_reached":20,"playtime":1268,"items_purged":[],"score":244,"play_id":"39265a6a-e1b9-4221-9582-cc0000791b2a","local_time":"20190204001908","daily_mods":["Allstar","Green Cards","Lethality"],"is_ascension_mode":false,"campfire_choices":[{"data":"Genetic Algorithm","floor":7.0,"key":"SMITH"},{"data":"Blade Dance","floor":13.0,"key":"SMITH"},{"data":"Hologram","floor":15,"key":"SMITH"}],"neow_cost":"","seed_source_timestamp":0,"circlet_count":0,"master_deck":["Strike_B","Strike_B","Strike_B","Defend_B","Defend_B","Defend_B","Defend_B","Zap","Dualcast","Metamorphosis","Bandage Up","PanicButton","Deep Breath","Enlightenment","All Out Attack","Footwork","Genetic Algorithm+1","Hologram+1","Bullet Time","Terror","Bouncing Flask","Blade Dance+1","Glacier","Rip and Tear","Dagger Throw","Core Surge","Dodge and Roll","Phantasmal Killer","Loop","Stack","Cold Snap","Blur"],"special_seed":17930,"relics":["Cracked Core","DataDisk","Omamori","Bag of Marbles","Mercury Hourglass","Orrery"],"potions_floor_usage":[14,16,19],"damage_taken":[{"damage":0.0,"enemies":"2 Louse","floor":1.0,"turns":2.0},{"damage":0.0,"enemies":"Cultist","floor":2.0,"turns":3.0},{"damage":0.0,"enemies":"Jaw Worm","floor":3.0,"turns":3.0},{"damage":9.0,"enemies":"Looter","floor":4.0,"turns":3.0},{"damage":0.0,"enemies":"Lagavulin","floor":6.0,"turns":5.0},{"damage":0.0,"enemies":"Gremlin Gang","floor":8.0,"turns":1.0},{"damage":22.0,"enemies":"3 Sentries","floor":11.0,"turns":5.0},{"damage":0,"enemies":"Gremlin Nob","floor":14,"turns":2},{"damage":48,"enemies":"The Guardian","floor":16,"turns":6},{"damage":3,"enemies":"Chosen","floor":18,"turns":3},{"damage":35,"enemies":"3 Byrds","floor":19,"turns":2},{"damage":43,"enemies":"Snake Plant","floor":20,"turns":2}],"seed_played":"8747077811986150983","potions_obtained":[{"floor":1.0,"key":"Poison Potion"},{"floor":4.0,"key":"Explosive Potion"},{"floor":5.0,"key":"EssenceOfSteel"},{"floor":6.0,"key":"FearPotion"},{"floor":14,"key":"Weak Potion"},{"floor":16,"key":"LiquidBronze"},{"floor":18,"key":"SteroidPotion"},{"floor":19,"key":"FearPotion"}],"is_trial":false,"path_per_floor":["M","M","M","M","?","E","R","M","T","?","E","$","R","E","R","B",null,"M","M","M"],"character_chosen":"DEFECT","items_purchased":["Blade Dance","Glacier","Rip and Tear"],"campfire_rested":0,"item_purchase_floors":[12,12,12],"current_hp_per_floor":[75,75,75,66,66,70,70,70,70,70,52,52,52,52,52,8,75,72,37,0],"gold":240,"neow_bonus":"","is_prod":false,"is_daily":true,"chose_seed":false,"campfire_upgraded":3,"win_rate":0,"timestamp":1549235948,"path_taken":["M","M","M","M","?","E","R","?","T","?","E","?","R","E","R","BOSS","M","M","M"],"build_version":"2019-01-23","purchased_purges":0,"victory":false,"max_hp_per_floor":[75,75,75,75,75,75,75,75,75,75,75,75,75,75,75,75,75,75,75,75],"card_choices":[{"not_picked":["Coolheaded","Steam"],"picked":"All Out Attack","floor":1.0},{"not_picked":["Streamline","Slice"],"picked":"Footwork","floor":2.0},{"not_picked":["Cold Snap","Masterful Stab"],"picked":"Genetic Algorithm","floor":3.0},{"not_picked":["Turbo","Sucker Punch"],"picked":"Hologram","floor":4.0},{"not_picked":["Calculated Gamble","Prepared"],"picked":"Bullet Time","floor":6.0},{"not_picked":["Heatsinks","Streamline"],"picked":"Terror","floor":8.0},{"not_picked":["Concentrate","Compile Driver"],"picked":"Bouncing Flask","floor":11.0},{"not_picked":["Genetic Algorithm","Chaos"],"picked":"Dagger Throw","floor":14},{"not_picked":["Electrodynamics","Storm of Steel"],"picked":"Core Surge","floor":16},{"not_picked":["Eviscerate","Slice"],"picked":"Dodge and Roll","floor":17},{"not_picked":["Coolheaded","Slice"],"picked":"Phantasmal Killer","floor":17},{"not_picked":["Cold Snap","Eviscerate"],"picked":"Loop","floor":17},{"not_picked":["Sucker Punch","Reflex"],"picked":"Stack","floor":17},{"not_picked":["Redo","Flying Knee"],"picked":"Cold Snap","floor":17},{"not_picked":["Outmaneuver","Flechettes","Deflect"],"picked":"SKIP","floor":18},{"not_picked":["Stack","Deadly Poison"],"picked":"Blur","floor":19}],"player_experience":313062,"relics_obtained":[{"floor":6.0,"key":"DataDisk"},{"floor":9.0,"key":"Omamori"},{"floor":11.0,"key":"Bag of Marbles"},{"floor":14,"key":"Mercury Hourglass"}],"event_choices":[{"damage_healed":0.0,"max_hp_gain":0.0,"max_hp_loss":0.0,"gold_gain":0.0,"event_name":"The Woman in Blue","player_choice":"Bought 1 Potion","floor":5.0,"gold_loss":0.0,"damage_taken":0.0},{"cards_removed":["Strike_B"],"damage_healed":0.0,"max_hp_gain":0.0,"max_hp_loss":0.0,"gold_gain":0.0,"event_name":"Living Wall","player_choice":"Forget","floor":10.0,"gold_loss":0.0,"damage_taken":0.0}],"is_beta":false,"boss_relics":[{"not_picked":["Pandora\u0027s Box","Calling Bell"],"picked":"Orrery"}],"items_purged_floors":[],"is_endless":false,"potions_floor_spawned":[1,4,6,14,16,18,19],"killed_by":"Snake Plant","ascension_level":0}