{"gold_per_floor":[115,115,138,151,174,174,207,49,130,149,149,149,149,165,165,259,259,277,17,17,30,43,43,43],"floor_reached":24,"playtime":1398,"items_purged":["Strike_B","Strike_B"],"score":396,"play_id":"ee735128-f2cf-4b16-99d9-c54c87f93340","local_time":"20190206202912","is_ascension_mode":true,"campfire_choices":[{"floor":6,"key":"REST"},{"data":"Barrage","floor":11,"key":"SMITH"},{"data":"Self Repair","floor":13,"key":"SMITH"},{"data":"Zap","floor":15,"key":"SMITH"},{"floor":23,"key":"REST"}],"neow_cost":"NONE","seed_source_timestamp":1721842078000044,"circlet_count":0,"master_deck":["AscendersBane","Strike_B","Strike_B","Defend_B","Defend_B","Defend_B","Defend_B","Zap+1","Dualcast","All For One","Cold Snap","Coolheaded","Barrage+1","FTL","Self Repair+1","Sweeping Beam","Conserve Battery+1","Coolheaded","Hologram","Hyperbeam","Sweeping Beam+1","Leap"],"relics":["Cracked Core","Golden Idol","Nunchaku","Black Star","PreservedInsect"],"potions_floor_usage":[4,7,14,16,24],"damage_taken":[{"damage":4,"enemies":"Small Slimes","floor":1,"turns":3},{"damage":3,"enemies":"2 Louse","floor":3,"turns":2},{"damage":7,"enemies":"Jaw Worm","floor":4,"turns":3},{"damage":37,"enemies":"Exordium Wildlife","floor":5,"turns":5},{"damage":22,"enemies":"Gremlin Nob","floor":7,"turns":4},{"damage":6,"enemies":"Looter","floor":10,"turns":4},{"damage":3,"enemies":"Large Slime","floor":14,"turns":6},{"damage":14,"enemies":"Hexaghost","floor":16,"turns":9},{"damage":13,"enemies":"Shell Parasite","floor":18,"turns":7},{"damage":27,"enemies":"2 Thieves","floor":21,"turns":4},{"damage":23,"enemies":"Snake Plant","floor":22,"turns":5},{"damage":35,"enemies":"Gremlin Leader","floor":24,"turns":3}],"seed_played":"-750386799762779685","potions_obtained":[{"floor":1,"key":"Swift Potion"},{"floor":3,"key":"LiquidBronze"},{"floor":5,"key":"Ancient Potion"},{"floor":7,"key":"Dexterity Potion"},{"floor":21,"key":"EssenceOfSteel"}],"is_trial":false,"path_per_floor":["M","?","M","M","M","R","E","$","T","M","R","?","R","M","R","B",null,"M","$","?","M","M","R","E"],"character_chosen":"DEFECT","items_purchased":["Sweeping Beam","Conserve Battery","PreservedInsect"],"campfire_rested":2,"item_purchase_floors":[8,8,19],"current_hp_per_floor":[60,60,57,50,13,32,10,10,10,11,11,11,11,18,18,14,52,49,49,49,32,9,28,0],"gold":43,"neow_bonus":"ONE_RANDOM_RARE_CARD","is_prod":false,"is_daily":false,"chose_seed":false,"campfire_upgraded":3,"win_rate":0,"timestamp":1549513752,"path_taken":["M","?","M","M","M","R","E","$","T","M","R","?","R","M","R","BOSS","M","$","?","M","M","R","E"],"build_version":"2019-01-23","purchased_purges":2,"victory":false,"max_hp_per_floor":[71,64,64,64,64,64,64,64,64,64,64,64,64,64,64,64,64,64,64,64,64,64,64,64],"card_choices":[{"not_picked":["White Noise","Double Energy"],"picked":"Cold Snap","floor":1},{"not_picked":["Rebound","Loop"],"picked":"Coolheaded","floor":3},{"not_picked":["Lockon","Redo"],"picked":"Barrage","floor":4},{"not_picked":["Auto Shields","BootSequence"],"picked":"FTL","floor":5},{"not_picked":["Barrage","Leap"],"picked":"Self Repair","floor":7},{"not_picked":["Machine Learning","Conserve Battery"],"picked":"Coolheaded","floor":10},{"not_picked":["Reprogram","Cold Snap"],"picked":"Hologram","floor":14},{"not_picked":["Machine Learning","Multi-Cast"],"picked":"Hyperbeam","floor":16},{"not_picked":["Steam","Conserve Battery"],"picked":"Sweeping Beam+1","floor":18},{"not_picked":["Compile Driver+1","Redo"],"picked":"Leap","floor":21},{"not_picked":["Ball Lightning+1","Steam Power","Turbo"],"picked":"SKIP","floor":22}],"player_experience":819730,"relics_obtained":[{"floor":7,"key":"Nunchaku"}],"event_choices":[{"damage_healed":0,"gold_gain":0,"player_choice":"Lose Max HP","damage_taken":0,"relics_obtained":["Golden Idol"],"max_hp_gain":0,"max_hp_loss":7,"event_name":"Golden Idol","floor":2,"gold_loss":0},{"damage_healed":0,"gold_gain":0,"player_choice":"Grow","damage_taken":0,"max_hp_gain":0,"max_hp_loss":0,"event_name":"Living Wall","floor":12,"gold_loss":0,"cards_upgraded":["Conserve Battery"]},{"damage_healed":0,"gold_gain":0,"player_choice":"Ignored","damage_taken":0,"max_hp_gain":0,"max_hp_loss":0,"event_name":"Vampires","floor":20,"gold_loss":0}],"is_beta":false,"boss_relics":[{"not_picked":["Lizard Tail","Orrery"],"picked":"Black Star"}],"items_purged_floors":[8,19],"is_endless":false,"potions_floor_spawned":[1,3,5,7,21],"killed_by":"Gremlin Leader","ascension_level":20}