{"gold_per_floor":[113,124,74,74,90,115,115,134,160,171,189,216,216,38,38,133,133,149,159,159,84,102,27,61,73,73,73,73,87,87,87,87,191,191,203,203,258,5,105,105,125,73,73,73,98,118,66,15,15,15,15,15,15,44,44],"floor_reached":55,"playtime":3980,"items_purged":["Strike_R"],"score":693,"play_id":"26e876dd-9cec-4b87-af60-8a2e572fde6d","local_time":"20190212172607","is_ascension_mode":false,"campfire_choices":[{"data":"Feed","floor":7.0,"key":"SMITH"},{"data":"Double Tap","floor":13.0,"key":"SMITH"},{"data":"Anger","floor":15.0,"key":"SMITH"},{"data":"RitualDagger","floor":30.0,"key":"SMITH"},{"data":"Armaments","floor":32.0,"key":"SMITH"},{"floor":40.0,"key":"RECALL"},{"floor":44.0,"key":"REST"},{"data":"Demon Form","floor":49.0,"key":"SMITH"},{"data":"Spot Weakness","floor":52.0,"key":"SMITH"}],"neow_cost":"TEN_PERCENT_HP_LOSS","seed_source_timestamp":0,"circlet_count":0,"master_deck":["Bash","Evolve","Feed+1","Armaments+1","Anger+1","Pommel Strike","Demon Form+1","Pommel Strike","Double Tap+1","Armaments","Spot Weakness+1","Exhume","RitualDagger+1","Clothesline","Flex","Shrug It Off+1","Impervious","Offering","Rampage","Warcry","Twin Strike","Double Tap","Madness","Clash+1"],"special_seed":0,"relics":["Burning Blood","Vajra","Orichalcum","Lantern","Oddly Smooth Stone","Busted Crown","Potion Belt","MutagenicStrength","Pandora\u0027s Box","WingedGreaves","Kunai","Bird Faced Urn","Smiling Mask","Blood Vial","Gremlin Horn"],"potions_floor_usage":[55],"damage_taken":[{"damage":8.0,"enemies":"2 Louse","floor":1.0,"turns":4.0},{"damage":3.0,"enemies":"Small Slimes","floor":2.0,"turns":4.0},{"damage":0.0,"enemies":"Cultist","floor":5.0,"turns":4.0},{"damage":20.0,"enemies":"Gremlin Nob","floor":6.0,"turns":4.0},{"damage":4.0,"enemies":"3 Louse","floor":8.0,"turns":6.0},{"damage":4.0,"enemies":"Looter","floor":10.0,"turns":3.0},{"damage":10.0,"enemies":"Large Slime","floor":11.0,"turns":5.0},{"damage":20.0,"enemies":"3 Sentries","floor":12.0,"turns":6.0},{"damage":15.0,"enemies":"Slime Boss","floor":16.0,"turns":9.0},{"damage":8.0,"enemies":"2 Thieves","floor":18.0,"turns":3.0},{"damage":6.0,"enemies":"Shell Parasite","floor":19.0,"turns":4.0},{"damage":3.0,"enemies":"Snake Plant","floor":22.0,"turns":2.0},{"damage":32.0,"enemies":"Book of Stabbing","floor":24.0,"turns":6.0},{"damage":8.0,"enemies":"Centurion and Healer","floor":25.0,"turns":4.0},{"damage":15.0,"enemies":"3 Cultists","floor":29.0,"turns":5.0},{"damage":60.0,"enemies":"Collector","floor":33.0,"turns":6.0},{"damage":8.0,"enemies":"Orb Walker","floor":35.0,"turns":3.0},{"damage":18.0,"enemies":"2 Orb Walkers","floor":37.0,"turns":3.0},{"damage":12.0,"enemies":"Mind Bloom Boss Battle","floor":39.0,"turns":5.0},{"damage":60.0,"enemies":"3 Shapes","floor":41.0,"turns":4.0},{"damage":6.0,"enemies":"Transient","floor":46.0,"turns":5.0},{"damage":62.0,"enemies":"Time Eater","floor":50.0,"turns":7.0},{"damage":41.0,"enemies":"Shield and Spear","floor":54.0,"turns":5.0},{"damage":113,"enemies":"The Heart","floor":55,"turns":5}],"seed_played":"-2514887274508475292","potions_obtained":[{"floor":2.0,"key":"Weak Potion"},{"floor":8.0,"key":"Energy Potion"},{"floor":11.0,"key":"Swift Potion"},{"floor":12.0,"key":"Energy Potion"},{"floor":16.0,"key":"Poison Potion"},{"floor":19.0,"key":"Strength Potion"},{"floor":22.0,"key":"Ancient Potion"},{"floor":24.0,"key":"Fire Potion"},{"floor":37.0,"key":"SneckoOil"},{"floor":39.0,"key":"Energy Potion"},{"floor":46.0,"key":"Dexterity Potion"}],"is_trial":false,"path_per_floor":["?","?","?","?","M","?","?","?","?","$","T"],"character_chosen":"IRONCLAD","items_purchased":["Oddly Smooth Stone","Spot Weakness","Kunai","Energy Potion","Energy Potion","Strength Potion"],"campfire_rested":1,"item_purchase_floors":[14,14,38,42,47,48],"current_hp_per_floor":[73,78,78,78,81,70,70,76,76,82,82,72,72,72,72,67,104,106,106,100,100,103,103,77,75,75,75,75,70,70,70,70,16,112,110,110,102,102,96,96,48,48,48,84,84,88,88,88,88,38,120,120,120,91,0],"gold":44,"neow_bonus":"TRANSFORM_TWO_CARDS","is_prod":false,"is_daily":false,"chose_seed":false,"campfire_upgraded":7,"win_rate":0,"timestamp":1549952767,"path_taken":["M","M","?","$","M","E","R","M","T","M","M","E","R","$","R","BOSS","M","M","?","$","M","?","E","M","T","$","?","?","R","?","R","BOSS","M","?","?","$","?","R","M","?","T","R","?","M","$","$","R","BOSS","R","$","E","BOSS"],"build_version":"2019-01-23","purchased_purges":1,"victory":false,"max_hp_per_floor":[75,78,78,78,81,84,84,88,88,92,96,100,100,100,100,104,104,108,108,108,108,108,108,108,108,108,108,108,112,112,112,112,112,112,112,112,116,116,116,116,120,120,120,120,120,120,120,120,120,120,120,120,120,124,124],"card_choices":[{"not_picked":["Warcry","Iron Wave"],"picked":"Armaments","floor":1.0},{"not_picked":["Combust","Twin Strike"],"picked":"Anger","floor":2.0},{"not_picked":["Shrug It Off","Havoc"],"picked":"Pommel Strike","floor":5.0},{"not_picked":["Wild Strike","Flame Barrier","Bloodletting"],"picked":"SKIP","floor":6.0},{"not_picked":["Iron Wave","Twin Strike"],"picked":"Demon Form","floor":8.0},{"not_picked":["Wild Strike","Twin Strike"],"picked":"Pommel Strike","floor":10.0},{"not_picked":["Pommel Strike","True Grit"],"picked":"Double Tap","floor":11.0},{"not_picked":["Pommel Strike","Wild Strike"],"picked":"Armaments","floor":12.0},{"not_picked":["Bludgeon","Immolate"],"picked":"Exhume","floor":16.0},{"not_picked":["Dropkick+1"],"picked":"SKIP","floor":18.0},{"not_picked":["Pommel Strike"],"picked":"SKIP","floor":19.0},{"not_picked":[],"picked":"Clothesline","floor":22.0},{"not_picked":[],"picked":"Flex","floor":24.0},{"not_picked":[],"picked":"Shrug It Off+1","floor":25.0},{"not_picked":["Rage"],"picked":"SKIP","floor":29.0},{"not_picked":[],"picked":"Offering","floor":33.0},{"not_picked":["Searing Blow"],"picked":"SKIP","floor":35.0},{"not_picked":[],"picked":"Madness","floor":36.0},{"not_picked":["Reckless Charge+1"],"picked":"SKIP","floor":41.0},{"not_picked":[],"picked":"Clash+1","floor":46.0},{"not_picked":["Fire Breathing"],"picked":"SKIP","floor":54.0}],"player_experience":97056,"relics_obtained":[{"floor":6.0,"key":"Vajra"},{"floor":9.0,"key":"Orichalcum"},{"floor":12.0,"key":"Lantern"},{"floor":24.0,"key":"Potion Belt"},{"floor":37.0,"key":"WingedGreaves"},{"floor":39.0,"key":"Bird Faced Urn"},{"floor":43.0,"key":"Smiling Mask"},{"floor":45.0,"key":"Blood Vial"},{"floor":54.0,"key":"Gremlin Horn"}],"event_choices":[{"cards_removed":["Strike_R"],"damage_healed":0.0,"max_hp_gain":0.0,"max_hp_loss":0.0,"gold_gain":0.0,"event_name":"The Cleric","player_choice":"Card Removal","floor":3.0,"gold_loss":50.0,"damage_taken":0.0},{"damage_healed":0.0,"max_hp_gain":0.0,"max_hp_loss":0.0,"gold_gain":0.0,"event_name":"Nest","player_choice":"Joined the Cult","floor":20.0,"gold_loss":0.0,"damage_taken":6.0,"cards_obtained":["RitualDagger"]},{"cards_removed":["Strike_R"],"damage_healed":0.0,"max_hp_gain":0.0,"max_hp_loss":0.0,"gold_gain":0.0,"event_name":"Beggar","player_choice":"Gave Gold","floor":23.0,"gold_loss":75.0,"damage_taken":0.0},{"damage_healed":0.0,"max_hp_gain":0.0,"max_hp_loss":0.0,"gold_gain":0.0,"event_name":"Match and Keep!","player_choice":"1 cards matched","floor":28.0,"gold_loss":0.0,"damage_taken":0.0,"cards_obtained":["Impervious"]},{"damage_healed":0.0,"max_hp_gain":0.0,"max_hp_loss":0.0,"gold_gain":0.0,"event_name":"Drug Dealer","player_choice":"Inject Mutagens","floor":31.0,"gold_loss":0.0,"damage_taken":0.0,"relics_obtained":["MutagenicStrength"]},{"damage_healed":0.0,"max_hp_gain":0.0,"max_hp_loss":0.0,"gold_gain":0.0,"event_name":"SensoryStone","player_choice":"Memory 1","floor":36.0,"gold_loss":0.0,"damage_taken":0.0},{"damage_healed":0.0,"max_hp_gain":0.0,"max_hp_loss":0.0,"gold_gain":0.0,"event_name":"Mysterious Sphere","player_choice":"Fight","floor":37.0,"gold_loss":0.0,"damage_taken":0.0},{"damage_healed":0.0,"max_hp_gain":0.0,"max_hp_loss":0.0,"gold_gain":0.0,"event_name":"MindBloom","player_choice":"Fight","floor":39.0,"gold_loss":0.0,"damage_taken":0.0}],"is_beta":false,"boss_relics":[{"not_picked":["Cursed Key","Orrery"],"picked":"Busted Crown"},{"not_picked":["Eternal Feather","Tiny House"],"picked":"Pandora\u0027s Box"}],"items_purged_floors":[21],"is_endless":false,"potions_floor_spawned":[2,8,11,12,16,19,22,24,37,39,46],"killed_by":"The Heart","ascension_level":0}