{"gold_per_floor":[117,42,317,137,150,176,176,205,279,310,9,9,72,83,83,188,188,207,225,225,243,263,297,312,323,397,397,411,411,446,464,464,560,560,573,573,588,51,67,97,97,128,128,128,138,154,174,208,208,208],"floor_reached":51,"playtime":5776,"items_purged":["Strike_G","Regret","Strike_G"],"score":1388,"play_id":"1e83d714-e454-43e5-a721-3eaf0206481d","local_time":"20181113214131","is_ascension_mode":true,"campfire_choices":[{"data":"Noxious Fumes","floor":7.0,"key":"SMITH"},{"floor":12.0,"key":"REST"},{"floor":15.0,"key":"REST"},{"floor":27.0,"key":"REST"},{"data":"Footwork","floor":29.0,"key":"SMITH"},{"floor":32.0,"key":"REST"},{"floor":41,"key":"REST"},{"floor":44,"key":"REST"},{"floor":49,"key":"REST"}],"neow_cost":"NONE","seed_source_timestamp":0,"circlet_count":0,"master_deck":["AscendersBane","Defend_G","Defend_G","Defend_G","Defend_G","Defend_G","Strike_G","Strike_G","Strike_G","Survivor","Neutralize","Acrobatics","Noxious Fumes+1","Terror","Backflip","Footwork+1","Well Laid Plans","PiercingWail+1","Dagger Throw","Calculated Gamble+1","Escape Plan+1","Bullet Time+1","Noxious Fumes","Mind Blast","Blade Dance+1","Bane","Crippling Poison+1","Deadly Poison+1","Deflect+1","Skewer","Prepared+1","Cloak And Dagger+1","After Image","Backstab","Cloak And Dagger+1","Noxious Fumes","Infinite Blades","Noxious Fumes","Blur+1","Poisoned Stab+1","Acrobatics+1","Dash+1","Reflex+1","Leg Sweep+1"],"special_seed":0,"relics":["Ring of the Snake","NeowsBlessing","Oddly Smooth Stone","Snake Skull","Toxic Egg 2","Meat on the Bone","Matryoshka","Black Star","Regal Pillow","Vajra","Mummified Hand","The Courier","Orichalcum","Blood Vial","Fusion Hammer","Strange Spoon","Shuriken","Art of War","Centennial Puzzle","Omamori","Lantern","Molten Egg 2","Letter Opener","Ninja Scroll","Pear"],"potions_floor_usage":[50,50],"damage_taken":[{"damage":0.0,"enemies":"Cultist","floor":1.0,"turns":1.0},{"damage":0.0,"enemies":"2 Louse","floor":5.0,"turns":2.0},{"damage":0.0,"enemies":"3 Sentries","floor":6.0,"turns":1.0},{"damage":26.0,"enemies":"Lagavulin","floor":8.0,"turns":7.0},{"damage":13.0,"enemies":"3 Sentries","floor":10.0,"turns":7.0},{"damage":1.0,"enemies":"Lagavulin Event","floor":13.0,"turns":7.0},{"damage":0.0,"enemies":"Small Slimes","floor":14.0,"turns":3.0},{"damage":14.0,"enemies":"Slime Boss","floor":16.0,"turns":11.0},{"damage":10.0,"enemies":"Chosen","floor":18.0,"turns":7.0},{"damage":8.0,"enemies":"2 Thieves","floor":19.0,"turns":5.0},{"damage":0.0,"enemies":"Centurion and Healer","floor":21.0,"turns":7.0},{"damage":15.0,"enemies":"Snake Plant","floor":22.0,"turns":6.0},{"damage":28.0,"enemies":"Book of Stabbing","floor":23.0,"turns":8.0},{"damage":4.0,"enemies":"Cultist and Chosen","floor":24.0,"turns":6.0},{"damage":12.0,"enemies":"3 Cultists","floor":25.0,"turns":4.0},{"damage":12.0,"enemies":"Snake Plant","floor":28.0,"turns":3.0},{"damage":5.0,"enemies":"Slavers","floor":30.0,"turns":5.0},{"damage":13.0,"enemies":"Sentry and Sphere","floor":31.0,"turns":5.0},{"damage":53.0,"enemies":"Champ","floor":33.0,"turns":15.0},{"damage":10,"enemies":"3 Darklings","floor":35,"turns":6},{"damage":3,"enemies":"3 Shapes","floor":37,"turns":6},{"damage":16,"enemies":"Spire Growth","floor":39,"turns":6},{"damage":15,"enemies":"Nemesis","floor":40,"turns":7},{"damage":3,"enemies":"Giant Head","floor":42,"turns":8},{"damage":9,"enemies":"Jaw Worm Horde","floor":45,"turns":4},{"damage":3,"enemies":"4 Shapes","floor":46,"turns":3},{"damage":8,"enemies":"Spire Growth","floor":47,"turns":4},{"damage":39,"enemies":"Nemesis","floor":48,"turns":5},{"damage":32,"enemies":"Donu and Deca","floor":50,"turns":7}],"seed_played":"6169688607510539854","potions_obtained":[{"floor":1.0,"key":"GhostInAJar"},{"floor":8.0,"key":"Energy Potion"},{"floor":10.0,"key":"PowerPotion"},{"floor":23.0,"key":"Energy Potion"},{"floor":35,"key":"EssenceOfSteel"},{"floor":40,"key":"AttackPotion"},{"floor":48,"key":"LiquidBronze"}],"is_trial":false,"path_per_floor":["M","$","?","$","M","E","R","E","T","E","$","R","?","M","R","B",null,"M","M","?","M","M","E","M","M","T","R","M","R","E","M","R","B","B",null,"M","?","M","$","M","E","R","E","T","R","M","M","M","E","R","B",null],"character_chosen":"THE_SILENT","items_purchased":["Noxious Fumes","Well Laid Plans","PiercingWail+1","Dagger Throw","Strange Spoon","Shuriken","Noxious Fumes","Infinite Blades","Noxious Fumes"],"campfire_rested":7,"item_purchase_floors":[4,11,11,11,38,38,38,38,38],"current_hp_per_floor":[63,63,63,63,63,63,63,37,37,24,24,45,44,44,65,51,65,55,47,47,47,44,28,36,36,36,70,58,58,53,42,70,29,60,52,80,77,77,63,50,80,77,77,80,71,70,64,49,90,58],"gold":208,"neow_bonus":"THREE_ENEMY_KILL","is_prod":false,"is_daily":false,"chose_seed":false,"campfire_upgraded":2,"win_rate":0,"timestamp":1542163291,"path_taken":["M","$","?","$","?","E","R","E","T","E","?","R","?","M","R","BOSS","M","M","?","M","?","E","M","M","T","R","M","R","E","M","R","BOSS","BOSS","M","?","?","$","M","E","R","E","T","R","M","M","M","E","R","BOSS"],"build_version":"2018-11-08","purchased_purges":3,"victory":true,"max_hp_per_floor":[70,70,70,70,70,70,70,70,70,70,70,70,70,70,70,70,70,70,70,70,70,70,70,70,70,70,70,70,70,70,70,70,70,70,70,80,80,80,80,80,80,80,80,80,80,80,80,90,90,90],"card_choices":[{"not_picked":["Tactician","Dodge and Roll"],"picked":"Acrobatics","floor":1.0},{"not_picked":["Dagger Spray","Expertise"],"picked":"Terror","floor":5.0},{"not_picked":["Poisoned Stab","Prepared"],"picked":"Backflip","floor":6.0},{"not_picked":["Finisher","Eviscerate","Concentrate"],"picked":"SKIP","floor":8.0},{"not_picked":["Backstab","Die Die Die"],"picked":"Footwork","floor":10.0},{"not_picked":["Dagger Spray","PiercingWail+1"],"picked":"Calculated Gamble+1","floor":13.0},{"not_picked":["Prepared+1","Outmaneuver+1"],"picked":"Escape Plan+1","floor":14.0},{"not_picked":["Tools of the Trade","Malaise+1"],"picked":"Bullet Time+1","floor":16.0},{"not_picked":["Dagger Throw","All Out Attack"],"picked":"Noxious Fumes","floor":18.0},{"not_picked":["Caltrops","Calculated Gamble+1","Infinite Blades"],"picked":"SKIP","floor":19.0},{"not_picked":["Flying Knee","Eviscerate"],"picked":"Blade Dance+1","floor":21.0},{"not_picked":["Quick Slash","Dagger Spray"],"picked":"Bane","floor":22.0},{"not_picked":["Dagger Throw","Outmaneuver+1"],"picked":"Crippling Poison+1","floor":23.0},{"not_picked":["Concentrate+1","Outmaneuver+1"],"picked":"Deadly Poison+1","floor":24.0},{"not_picked":["Acrobatics+1","Underhanded Strike"],"picked":"Deflect+1","floor":25.0},{"not_picked":["Blade Dance+1","Calculated Gamble+1"],"picked":"Skewer","floor":28.0},{"not_picked":["Quick Slash+1","Deflect+1"],"picked":"Prepared+1","floor":30.0},{"not_picked":["Deflect+1","Burst+1"],"picked":"Cloak And Dagger+1","floor":31.0},{"not_picked":["Venomology+1","Malaise+1"],"picked":"After Image","floor":33},{"not_picked":["Slice","Dagger Throw+1"],"picked":"Backstab","floor":35},{"not_picked":["Acrobatics+1","Bane+1"],"picked":"Cloak And Dagger+1","floor":37},{"not_picked":["Deflect+1","Flying Knee+1"],"picked":"Blur+1","floor":39},{"not_picked":["Setup+1","Prepared+1"],"picked":"Poisoned Stab+1","floor":40},{"not_picked":["Setup+1","Poisoned Stab+1"],"picked":"Acrobatics+1","floor":42},{"not_picked":["Infinite Blades","Backflip+1"],"picked":"Dash+1","floor":45},{"not_picked":["Slice+1","Cloak And Dagger+1","Bane+1"],"picked":"SKIP","floor":46},{"not_picked":["Malaise+1","Bane+1"],"picked":"Reflex+1","floor":47},{"not_picked":["Deadly Poison+1","Bane+1"],"picked":"Leg Sweep+1","floor":48}],"player_experience":747787,"relics_obtained":[{"floor":6.0,"key":"Oddly Smooth Stone"},{"floor":8.0,"key":"Snake Skull"},{"floor":9.0,"key":"Toxic Egg 2"},{"floor":10.0,"key":"Meat on the Bone"},{"floor":13.0,"key":"Matryoshka"},{"floor":23.0,"key":"Regal Pillow"},{"floor":23.0,"key":"Vajra"},{"floor":26.0,"key":"Mummified Hand"},{"floor":26.0,"key":"The Courier"},{"floor":30.0,"key":"Orichalcum"},{"floor":30.0,"key":"Blood Vial"},{"floor":40,"key":"Art of War"},{"floor":40,"key":"Centennial Puzzle"},{"floor":42,"key":"Omamori"},{"floor":42,"key":"Lantern"},{"floor":43,"key":"Molten Egg 2"},{"floor":43,"key":"Letter Opener"},{"floor":48,"key":"Ninja Scroll"},{"floor":48,"key":"Pear"}],"event_choices":[{"damage_healed":0.0,"max_hp_gain":0.0,"max_hp_loss":0.0,"gold_gain":275.0,"event_name":"Golden Shrine","player_choice":"Desecrate","floor":3.0,"gold_loss":0.0,"damage_taken":0.0,"cards_obtained":["Regret"]},{"damage_healed":0.0,"max_hp_gain":0.0,"max_hp_loss":0.0,"gold_gain":0.0,"event_name":"Dead Adventurer","player_choice":"Searched \u00272\u0027 times","floor":13.0,"gold_loss":0.0,"damage_taken":0.0},{"damage_healed":0.0,"max_hp_gain":0.0,"max_hp_loss":0.0,"gold_gain":0.0,"event_name":"Match and Keep!","player_choice":"2 cards matched","floor":20.0,"gold_loss":0.0,"damage_taken":0.0,"cards_obtained":["Mind Blast","Night Terror"]},{"cards_removed":["Night Terror"],"damage_healed":18,"gold_gain":0,"player_choice":"Offered Rare","damage_taken":0,"max_hp_gain":10,"max_hp_loss":0,"event_name":"Bonfire Elementals","floor":36,"gold_loss":0}],"is_beta":false,"boss_relics":[{"not_picked":["Calling Bell","Tiny House"],"picked":"Black Star"},{"not_picked":["Runic Pyramid","Velvet Choker"],"picked":"Fusion Hammer"}],"items_purged_floors":[2,4,11],"is_endless":false,"potions_floor_spawned":[1,8,10,14,16,19,21,23,24,28,35,40,42,46,48],"ascension_level":12}