{"gold_per_floor":[15,15,34,34,34,69,69,87,87,87,98,124,124,137,137,211,211,221,232,232,232,250,250,4,4,76,107,107,171,181,281,281,358,358,374,374,474,499,517,549,549,560,583,601,632,632,643,660,660,660,660],"floor_reached":51,"playtime":4194,"items_purged":["Writhe"],"score":1435,"play_id":"a60edfba-a5ca-4fc8-a150-f47c22a7df1f","local_time":"20190212191959","is_ascension_mode":true,"campfire_choices":[{"floor":7.0,"key":"REST"},{"data":"A Thousand Cuts","floor":10.0,"key":"SMITH"},{"data":"Deadly Poison","floor":13.0,"key":"SMITH"},{"data":"Dodge and Roll","floor":15.0,"key":"SMITH"},{"data":"Malaise","floor":23.0,"key":"SMITH"},{"data":"Caltrops","floor":25.0,"key":"SMITH"},{"data":"Wraith Form v2","floor":32.0,"key":"SMITH"},{"floor":41.0,"key":"RECALL"},{"data":"Cloak And Dagger","floor":46.0,"key":"SMITH"},{"data":"Blur","floor":49.0,"key":"SMITH"}],"neow_cost":"NO_GOLD","seed_source_timestamp":2814912611133895,"circlet_count":0,"master_deck":["AscendersBane","Defend_G","Defend_G","Defend_G+1","Defend_G","Defend_G","Survivor","Neutralize","A Thousand Cuts+1","Poisoned Stab+1","Dagger Spray","Dodge and Roll+1","Deadly Poison+1","PiercingWail","Blur+1","Cloak And Dagger+1","Malaise+1","Dash+1","Bite+1","Bite+1","Bite+1","Bite+1","Caltrops+1","Concentrate","Wraith Form v2+1","After Image","Leg Sweep+1","Backflip+1","Parasite","Infinite Blades+1","Sucker Punch+1","Leg Sweep"],"special_seed":0,"relics":["Ring of the Snake","Pocketwatch","Molten Egg 2","Bottled Flame","Eternal Feather","Juzu Bracelet","Bottled Tornado","Ice Cream","Tiny Chest","Turnip","Sundial","Velvet Choker","StoneCalendar","Strawberry","Shuriken","Gremlin Horn"],"potions_floor_usage":[51],"damage_taken":[{"damage":3.0,"enemies":"Cultist","floor":1.0,"turns":4.0},{"damage":2.0,"enemies":"Jaw Worm","floor":3.0,"turns":5.0},{"damage":32.0,"enemies":"Lagavulin","floor":6.0,"turns":8.0},{"damage":0.0,"enemies":"Small Slimes","floor":8.0,"turns":3.0},{"damage":0.0,"enemies":"Looter","floor":11.0,"turns":3.0},{"damage":13.0,"enemies":"3 Sentries","floor":12.0,"turns":5.0},{"damage":4.0,"enemies":"Large Slime","floor":14.0,"turns":5.0},{"damage":3.0,"enemies":"Hexaghost","floor":16.0,"turns":9.0},{"damage":10.0,"enemies":"Shell Parasite","floor":18.0,"turns":8.0},{"damage":0.0,"enemies":"Spheric Guardian","floor":19.0,"turns":4.0},{"damage":35.0,"enemies":"Shelled Parasite and Fungi","floor":22.0,"turns":13.0},{"damage":18.0,"enemies":"Book of Stabbing","floor":27.0,"turns":6.0},{"damage":26.0,"enemies":"Gremlin Leader","floor":29.0,"turns":9.0},{"damage":9.0,"enemies":"Snake Plant","floor":30.0,"turns":7.0},{"damage":33.0,"enemies":"Colosseum Slavers","floor":31.0,"turns":9.0},{"damage":21.0,"enemies":"Colosseum Nobs","floor":31.0,"turns":6.0},{"damage":66.0,"enemies":"Collector","floor":33.0,"turns":18.0},{"damage":25.0,"enemies":"3 Shapes","floor":35.0,"turns":6.0},{"damage":4.0,"enemies":"Mind Bloom Boss Battle","floor":37.0,"turns":12.0},{"damage":11.0,"enemies":"3 Darklings","floor":39.0,"turns":6.0},{"damage":18.0,"enemies":"Nemesis","floor":40.0,"turns":9.0},{"damage":5.0,"enemies":"Writhing Mass","floor":42.0,"turns":10.0},{"damage":4.0,"enemies":"Sphere and 2 Shapes","floor":44.0,"turns":5.0},{"damage":53.0,"enemies":"Reptomancer","floor":45.0,"turns":7.0},{"damage":11.0,"enemies":"Spire Growth","floor":47.0,"turns":7.0},{"damage":24.0,"enemies":"Maw","floor":48.0,"turns":9.0},{"damage":65.0,"enemies":"Awakened One","floor":50.0,"turns":26.0},{"damage":78,"enemies":"Donu and Deca","floor":51,"turns":10}],"seed_played":"555981392958520538","potions_obtained":[{"floor":1.0,"key":"Regen Potion"},{"floor":11.0,"key":"SneckoOil"},{"floor":14.0,"key":"PowerPotion"},{"floor":16.0,"key":"Fire Potion"},{"floor":18.0,"key":"AttackPotion"},{"floor":29.0,"key":"SteroidPotion"},{"floor":33.0,"key":"GhostInAJar"},{"floor":40.0,"key":"Block Potion"},{"floor":44.0,"key":"EntropicBrew"},{"floor":45.0,"key":"Strength Potion"}],"is_trial":false,"path_per_floor":["M","?","M","?","?","E","R","M","T","R","M","E","R","M","R","B",null,"M","M","?","?","M","R","$","R","T","E","?","E","M","?","R","B",null,"M","?","?","T","M","E","R","M","T","M","E","R","M","M","R","B","B"],"character_chosen":"THE_SILENT","items_purchased":["Caltrops","Malaise"],"campfire_rested":1,"item_purchase_floors":[24,24],"current_hp_per_floor":[56,56,54,54,34,17,36,36,36,36,36,23,23,19,19,16,54,44,44,44,44,39,46,46,46,46,37,56,45,54,38,53,31,50,37,37,56,63,61,57,63,63,63,60,25,43,44,41,59,63,0],"gold":660,"neow_bonus":"THREE_RARE_CARDS","is_prod":false,"is_daily":false,"chose_seed":false,"campfire_upgraded":8,"win_rate":0,"timestamp":1549995599,"path_taken":["M","?","M","?","?","E","R","M","T","R","M","E","R","M","R","BOSS","M","M","?","?","M","R","$","R","T","E","?","E","M","?","R","BOSS","M","?","?","?","M","E","R","M","T","M","E","R","M","M","R","BOSS","BOSS"],"build_version":"2019-02-06","purchased_purges":1,"victory":false,"max_hp_per_floor":[66,66,66,66,66,66,66,66,66,66,66,66,66,66,66,66,66,66,66,46,46,46,46,46,46,46,46,56,56,56,56,56,56,56,56,56,56,63,63,63,63,63,63,63,63,63,63,63,63,63,63],"card_choices":[{"not_picked":["Grand Finale","Venomology"],"picked":"A Thousand Cuts","floor":0.0},{"not_picked":["PiercingWail","Bane"],"picked":"Poisoned Stab","floor":1.0},{"not_picked":["Underhanded Strike","Finisher"],"picked":"Dagger Spray","floor":3.0},{"not_picked":["Sucker Punch","Storm of Steel"],"picked":"Dodge and Roll","floor":6.0},{"not_picked":["Heel Hook","Deflect"],"picked":"Deadly Poison","floor":8.0},{"not_picked":["Choke+1","Prepared"],"picked":"PiercingWail","floor":11.0},{"not_picked":["Cloak And Dagger","Deadly Poison"],"picked":"Blur","floor":12.0},{"not_picked":["Underhanded Strike+1","Infinite Blades"],"picked":"Cloak And Dagger","floor":14.0},{"not_picked":["Storm of Steel","A Thousand Cuts"],"picked":"Malaise","floor":16.0},{"not_picked":["Tactician+1","Flying Knee+1"],"picked":"Dash+1","floor":18.0},{"not_picked":["Flechettes+1","Deadly Poison","Prepared"],"picked":"SKIP","floor":19.0},{"not_picked":["Blur","All Out Attack+1","Eviscerate+1"],"picked":"SKIP","floor":22.0},{"not_picked":["Cloak And Dagger","Dagger Spray+1"],"picked":"Concentrate","floor":27.0},{"not_picked":["Underhanded Strike+1","Endless Agony+1"],"picked":"Wraith Form v2","floor":29.0},{"not_picked":["Catalyst","Deadly Poison","Sucker Punch+1"],"picked":"SKIP","floor":30.0},{"not_picked":["Tools of the Trade","Glass Knife+1"],"picked":"After Image","floor":33.0},{"not_picked":["Sucker Punch+1","Backflip"],"picked":"Leg Sweep+1","floor":35.0},{"not_picked":["Dodge and Roll","Deflect","Underhanded Strike+1"],"picked":"SKIP","floor":39.0},{"not_picked":["Storm of Steel","Underhanded Strike+1"],"picked":"Backflip+1","floor":40.0},{"not_picked":["PiercingWail","Accuracy"],"picked":"Infinite Blades+1","floor":42.0},{"not_picked":["Terror","Slice+1","Prepared"],"picked":"SKIP","floor":44.0},{"not_picked":["Poisoned Stab+1","Caltrops+1"],"picked":"Sucker Punch+1","floor":45.0},{"not_picked":["Dash+1","Expertise","Tactician"],"picked":"SKIP","floor":47.0},{"not_picked":["Choke+1","Flying Knee+1"],"picked":"Leg Sweep","floor":48.0}],"player_experience":2976386,"relics_obtained":[{"floor":6.0,"key":"Pocketwatch"},{"floor":9.0,"key":"Molten Egg 2"},{"floor":12.0,"key":"Bottled Flame"},{"floor":26.0,"key":"Bottled Tornado"},{"floor":27.0,"key":"Ice Cream"},{"floor":29.0,"key":"Tiny Chest"},{"floor":31.0,"key":"Turnip"},{"floor":31.0,"key":"Sundial"},{"floor":37.0,"key":"StoneCalendar"},{"floor":38.0,"key":"Strawberry"},{"floor":40.0,"key":"Shuriken"},{"floor":45.0,"key":"Gremlin Horn"}],"event_choices":[{"damage_healed":0.0,"max_hp_gain":0.0,"max_hp_loss":0.0,"gold_gain":0.0,"event_name":"The Cleric","player_choice":"Leave","floor":2.0,"gold_loss":0.0,"damage_taken":0.0},{"damage_healed":0.0,"max_hp_gain":0.0,"max_hp_loss":0.0,"gold_gain":0.0,"event_name":"Liars Game","player_choice":"Ignored","floor":4.0,"gold_loss":0.0,"damage_taken":0.0},{"damage_healed":0.0,"max_hp_gain":0.0,"max_hp_loss":0.0,"gold_gain":0.0,"event_name":"Shining Light","player_choice":"Entered Light","floor":5.0,"gold_loss":0.0,"damage_taken":20.0,"cards_upgraded":["Defend_G","Poisoned Stab"]},{"damage_healed":0.0,"max_hp_gain":0.0,"max_hp_loss":20.0,"gold_gain":0.0,"event_name":"Vampires","player_choice":"Became a vampire","floor":20.0,"gold_loss":0.0,"damage_taken":0.0,"cards_obtained":["Bite","Bite","Bite","Bite","Bite"]},{"damage_healed":0.0,"max_hp_gain":0.0,"max_hp_loss":0.0,"gold_gain":0.0,"event_name":"The Mausoleum","player_choice":"Opened","floor":21.0,"gold_loss":0.0,"damage_taken":0.0,"relics_obtained":["Juzu Bracelet"],"cards_obtained":["Writhe"]},{"cards_removed":["Malaise"],"damage_healed":9.0,"max_hp_gain":10.0,"max_hp_loss":0.0,"gold_gain":0.0,"event_name":"Bonfire Elementals","player_choice":"Offered Rare","floor":28.0,"gold_loss":0.0,"damage_taken":0.0},{"damage_healed":0.0,"max_hp_gain":0.0,"max_hp_loss":0.0,"gold_gain":0.0,"event_name":"Colosseum","player_choice":"Fight","floor":31.0,"gold_loss":0.0,"damage_taken":0.0},{"damage_healed":0.0,"max_hp_gain":0.0,"max_hp_loss":0.0,"gold_gain":0.0,"event_name":"Colosseum","player_choice":"Fought Nobs","floor":31.0,"gold_loss":0.0,"damage_taken":0.0},{"cards_removed":["Bite"],"damage_healed":0.0,"max_hp_gain":0.0,"max_hp_loss":0.0,"gold_gain":0.0,"event_name":"Falling","player_choice":"Removed Attack","floor":36.0,"gold_loss":0.0,"damage_taken":0.0},{"damage_healed":0.0,"max_hp_gain":0.0,"max_hp_loss":0.0,"gold_gain":0.0,"event_name":"MindBloom","player_choice":"Fight","floor":37.0,"gold_loss":0.0,"damage_taken":0.0}],"is_beta":true,"boss_relics":[{"not_picked":["Empty Cage","Lizard Tail"],"picked":"Eternal Feather"},{"not_picked":["Astrolabe","Orrery"],"picked":"Velvet Choker"}],"items_purged_floors":[24],"is_endless":false,"potions_floor_spawned":[1,11,14,16,18,29,30,33,40,44,45,48],"killed_by":"Donu and Deca","ascension_level":20}