{"gold_per_floor":[111,89,106,122,139,167,185,215,215,215,215,230,230,230,230,328,328,339,352,372,372,372],"floor_reached":22,"playtime":994,"items_purged":[],"score":228,"play_id":"6788b2a4-8c76-4b28-85d9-3f4cdfc7f97a","local_time":"20190111220115","is_ascension_mode":true,"campfire_choices":[{"data":"Double Tap","floor":10,"key":"SMITH"},{"data":"Cleave","floor":13,"key":"SMITH"},{"data":"Bash","floor":15,"key":"SMITH"}],"neow_cost":"NONE","seed_source_timestamp":264779070749113,"circlet_count":0,"master_deck":["Strike_R","Strike_R","Strike_R","Strike_R","Strike_R","Defend_R","Defend_R","Defend_R","Defend_R","Bash+1","Cleave+1","Shrug It Off","Inflame","Pommel Strike","Double Tap+1","Warcry","Headbutt","Disarm"],"relics":["Burning Blood","Centennial Puzzle","Bag of Marbles","Magic Flower","Question Card","Eternal Feather"],"potions_floor_usage":[5,5,20,22],"damage_taken":[{"damage":2,"enemies":"2 Louse","floor":1,"turns":3},{"damage":7,"enemies":"Jaw Worm","floor":3,"turns":4},{"damage":6,"enemies":"Cultist","floor":4,"turns":3},{"damage":10,"enemies":"Exordium Wildlife","floor":5,"turns":4},{"damage":42,"enemies":"Gremlin Nob","floor":6,"turns":5},{"damage":2,"enemies":"Lots of Slimes","floor":7,"turns":2},{"damage":22,"enemies":"3 Sentries","floor":8,"turns":5},{"damage":8,"enemies":"Blue Slaver","floor":12,"turns":2},{"damage":28,"enemies":"Slime Boss","floor":16,"turns":10},{"damage":35,"enemies":"3 Byrds","floor":18,"turns":5},{"damage":28,"enemies":"2 Thieves","floor":19,"turns":4},{"damage":15,"enemies":"Snake Plant","floor":20,"turns":3},{"damage":55,"enemies":"Shelled Parasite and Fungi","floor":22,"turns":4}],"seed_played":"3695943628809966831","potions_obtained":[{"floor":1,"key":"Fire Potion"},{"floor":4,"key":"Fruit Juice"},{"floor":8,"key":"Weak Potion"},{"floor":16,"key":"Fire Potion"},{"floor":18,"key":"Poison Potion"}],"is_trial":false,"path_per_floor":["M","$","M","M","M","E","M","E","T","R","?","M","R","?","R","B",null,"M","M","M","?","M"],"character_chosen":"IRONCLAD","items_purchased":["Shrug It Off"],"campfire_rested":0,"item_purchase_floors":[2],"current_hp_per_floor":[80,80,79,79,80,44,48,32,32,32,32,33,33,61,61,42,85,59,40,34,34,0],"gold":372,"neow_bonus":"RANDOM_COMMON_RELIC","is_prod":false,"is_daily":false,"chose_seed":false,"campfire_upgraded":3,"win_rate":0,"timestamp":1547272875,"path_taken":["M","$","M","M","M","E","M","E","T","R","?","M","R","?","R","BOSS","M","M","M","?","?"],"build_version":"2019-01-10","purchased_purges":0,"victory":false,"max_hp_per_floor":[80,80,80,80,85,85,85,85,85,85,85,85,85,85,85,85,85,85,85,85,85,85],"card_choices":[{"not_picked":["Metallicize","Carnage"],"picked":"Cleave","floor":1},{"not_picked":["Thunderclap","Havoc"],"picked":"Inflame","floor":3},{"not_picked":["Sword Boomerang","Dropkick","Thunderclap"],"picked":"SKIP","floor":4},{"not_picked":["Iron Wave","Infernal Blade"],"picked":"Pommel Strike","floor":5},{"not_picked":["Entrench","Twin Strike"],"picked":"Double Tap","floor":6},{"not_picked":["Heavy Blade","Twin Strike"],"picked":"Warcry","floor":7},{"not_picked":["Power Through","Twin Strike"],"picked":"Headbutt","floor":8},{"not_picked":["Cleave","Shrug It Off","Blood for Blood","Power Through"],"picked":"SKIP","floor":12},{"not_picked":["Searing Blow","Pommel Strike","Clash","Sword Boomerang+1"],"picked":"SKIP","floor":18},{"not_picked":["Body Slam+1","Reckless Charge","Whirlwind","Pommel Strike"],"picked":"SKIP","floor":19},{"not_picked":["Armaments","Whirlwind+1","Heavy Blade+1"],"picked":"Disarm","floor":20}],"player_experience":142129,"relics_obtained":[{"floor":6,"key":"Bag of Marbles"},{"floor":8,"key":"Magic Flower"},{"floor":9,"key":"Question Card"}],"event_choices":[{"damage_healed":0,"gold_gain":0,"player_choice":"Ignored","damage_taken":0,"max_hp_gain":0,"max_hp_loss":0,"event_name":"Liars Game","floor":11,"gold_loss":0},{"damage_healed":28,"gold_gain":0,"player_choice":"Banana","damage_taken":0,"max_hp_gain":0,"max_hp_loss":0,"event_name":"Big Fish","floor":14,"gold_loss":0},{"damage_healed":0,"gold_gain":0,"player_choice":"0 cards matched","damage_taken":0,"max_hp_gain":0,"max_hp_loss":0,"event_name":"Match and Keep!","floor":21,"gold_loss":0,"cards_obtained":[]}],"is_beta":false,"boss_relics":[{"not_picked":["Runic Cube","Black Blood"],"picked":"Eternal Feather"}],"items_purged_floors":[],"is_endless":false,"potions_floor_spawned":[1,4,8,16,18],"killed_by":"Shelled Parasite and Fungi","ascension_level":3}