{"gold_per_floor":[14,33,33,133,153,153,179,179,179,190,204,220,220,251,251,352,352,367,378,478,478,498,533,533,558,607,617,707,550,576,593,593,593],"floor_reached":33,"playtime":2022,"items_purged":["Strike_R"],"score":520,"play_id":"6aa19bd4-346e-4f60-ab0c-3b887b6165bb","local_time":"20190130205401","is_ascension_mode":true,"campfire_choices":[{"data":"Bash","floor":6,"key":"SMITH"},{"data":"Feed","floor":8,"key":"SMITH"},{"data":"Spot Weakness","floor":13,"key":"SMITH"},{"data":"Shockwave","floor":15,"key":"SMITH"},{"data":"Ghostly","floor":24,"key":"SMITH"},{"data":"Limit Break","floor":32,"key":"SMITH"}],"neow_cost":"NO_GOLD","seed_source_timestamp":1128454571297739,"circlet_count":0,"master_deck":["Strike_R","Strike_R","Strike_R","Strike_R","Defend_R","Defend_R","Defend_R","Defend_R","Bash+1","Feed+1","Clash","Thunderclap","Shockwave+1","Spot Weakness+1","Immolate","Sword Boomerang","Ghostly+1","Ghostly","Ghostly","Ghostly","Ghostly","Whirlwind+1","Flame Barrier","Limit Break+1"],"relics":["Burning Blood","Orichalcum","Blue Candle","Gambling Chip","Philosopher\u0027s Stone","Thread and Needle","Mummified Hand","Letter Opener","PreservedInsect","Pen Nib","Question Card"],"potions_floor_usage":[12,18,18,33,33],"damage_taken":[{"damage":0,"enemies":"2 Louse","floor":1,"turns":2},{"damage":2,"enemies":"Jaw Worm","floor":2,"turns":3},{"damage":0,"enemies":"Cultist","floor":5,"turns":2},{"damage":25,"enemies":"Lagavulin","floor":7,"turns":5},{"damage":5,"enemies":"2 Fungi Beasts","floor":10,"turns":3},{"damage":12,"enemies":"Blue Slaver","floor":11,"turns":3},{"damage":8,"enemies":"Exordium Thugs","floor":12,"turns":2},{"damage":16,"enemies":"3 Sentries","floor":14,"turns":6},{"damage":30,"enemies":"Hexaghost","floor":16,"turns":8},{"damage":3,"enemies":"2 Thieves","floor":18,"turns":4},{"damage":19,"enemies":"3 Byrds","floor":19,"turns":3},{"damage":24,"enemies":"Colosseum Slavers","floor":20,"turns":4},{"damage":1,"enemies":"Colosseum Nobs","floor":20,"turns":3},{"damage":5,"enemies":"Snecko","floor":22,"turns":6},{"damage":0,"enemies":"Slavers","floor":23,"turns":5},{"damage":0,"enemies":"Gremlin Leader","floor":25,"turns":6},{"damage":0,"enemies":"Snake Plant","floor":27,"turns":5},{"damage":6,"enemies":"Book of Stabbing","floor":30,"turns":2},{"damage":0,"enemies":"Shelled Parasite and Fungi","floor":31,"turns":3},{"damage":59,"enemies":"Automaton","floor":33,"turns":8}],"seed_played":"2444365435704387065","potions_obtained":[{"floor":5,"key":"Strength Potion"},{"floor":11,"key":"Poison Potion"},{"floor":14,"key":"SkillPotion"},{"floor":22,"key":"Energy Potion"},{"floor":25,"key":"FearPotion"},{"floor":27,"key":"SteroidPotion"}],"is_trial":false,"path_per_floor":["M","M","?","?","M","R","E","R","T","M","M","M","R","E","R","B",null,"M","M","?","?","M","E","R","E","T","M","?","$","E","M","R","B"],"character_chosen":"IRONCLAD","items_purchased":["Flame Barrier"],"campfire_rested":0,"item_purchase_floors":[29],"current_hp_per_floor":[81,86,86,86,89,89,73,73,73,78,72,74,74,68,68,44,89,92,83,74,56,60,64,64,64,64,64,52,52,52,58,58,0],"gold":593,"neow_bonus":"THREE_RARE_CARDS","is_prod":false,"is_daily":false,"chose_seed":false,"campfire_upgraded":6,"win_rate":0,"timestamp":1548910441,"path_taken":["M","M","?","?","M","R","E","R","T","M","?","M","R","E","R","BOSS","M","M","?","?","?","E","R","E","T","M","?","$","E","M","R","BOSS"],"build_version":"2019-01-23","purchased_purges":1,"victory":false,"max_hp_per_floor":[83,86,86,86,89,89,92,92,92,96,96,100,100,104,104,104,104,104,108,112,56,60,64,64,64,64,64,64,64,64,64,64,64],"card_choices":[{"not_picked":["Impervious","Barricade"],"picked":"Feed","floor":0},{"not_picked":["Perfected Strike","Wild Strike"],"picked":"Clash","floor":1},{"not_picked":["Iron Wave","Seeing Red"],"picked":"Thunderclap","floor":2},{"not_picked":["Havoc","Heavy Blade","Warcry"],"picked":"SKIP","floor":5},{"not_picked":["Fire Breathing","Dual Wield","Power Through"],"picked":"SKIP","floor":7},{"not_picked":["Armaments","Body Slam"],"picked":"Shockwave","floor":10},{"not_picked":["Second Wind","Pommel Strike"],"picked":"Spot Weakness","floor":11},{"not_picked":["Heavy Blade","Wild Strike"],"picked":"Immolate","floor":12},{"not_picked":["Seeing Red","Searing Blow","Havoc"],"picked":"SKIP","floor":14},{"not_picked":["Rupture","Thunderclap","Seeing Red"],"picked":"SKIP","floor":18},{"not_picked":["Armaments","Cleave","Sentinel"],"picked":"SKIP","floor":19},{"not_picked":["Dual Wield","Clash+1"],"picked":"Sword Boomerang","floor":20},{"not_picked":["Headbutt+1","Infernal Blade+1","Second Wind"],"picked":"SKIP","floor":22},{"not_picked":["Power Through","Pommel Strike","Corruption"],"picked":"SKIP","floor":23},{"not_picked":["Thunderclap","Cleave"],"picked":"Whirlwind+1","floor":25},{"not_picked":["Body Slam","Sever Soul","Pommel Strike+1"],"picked":"SKIP","floor":27},{"not_picked":["Sever Soul","Cleave"],"picked":"Limit Break","floor":30},{"not_picked":["Fire Breathing","Pummel","Carnage","Warcry+1"],"picked":"SKIP","floor":31}],"player_experience":285859,"relics_obtained":[{"floor":7,"key":"Orichalcum"},{"floor":9,"key":"Blue Candle"},{"floor":14,"key":"Gambling Chip"},{"floor":20,"key":"Thread and Needle"},{"floor":20,"key":"Mummified Hand"},{"floor":23,"key":"Letter Opener"},{"floor":25,"key":"PreservedInsect"},{"floor":26,"key":"Pen Nib"},{"floor":30,"key":"Question Card"}],"event_choices":[{"damage_healed":0,"gold_gain":0,"player_choice":"Ignored","damage_taken":0,"max_hp_gain":0,"max_hp_loss":0,"event_name":"Liars Game","floor":3,"gold_loss":0},{"damage_healed":0,"gold_gain":100,"player_choice":"Pray","damage_taken":0,"max_hp_gain":0,"max_hp_loss":0,"event_name":"Golden Shrine","floor":4,"gold_loss":0},{"damage_healed":0,"gold_gain":0,"player_choice":"Fight","damage_taken":0,"max_hp_gain":0,"max_hp_loss":0,"event_name":"Colosseum","floor":20,"gold_loss":0},{"damage_healed":0,"gold_gain":0,"player_choice":"Fought Nobs","damage_taken":0,"max_hp_gain":0,"max_hp_loss":0,"event_name":"Colosseum","floor":20,"gold_loss":0},{"damage_healed":0,"gold_gain":0,"player_choice":"Became a Ghost","damage_taken":0,"max_hp_gain":0,"max_hp_loss":56,"event_name":"Ghosts","floor":21,"gold_loss":0,"cards_obtained":["Ghostly","Ghostly","Ghostly","Ghostly","Ghostly"]},{"damage_healed":0,"gold_gain":90,"player_choice":"GOLD ","damage_taken":12,"max_hp_gain":0,"max_hp_loss":0,"event_name":"Knowing Skull","floor":28,"potions_obtained":[],"gold_loss":0,"cards_obtained":[]}],"is_beta":false,"boss_relics":[{"not_picked":["Mark of Pain","Fusion Hammer"],"picked":"Philosopher\u0027s Stone"}],"items_purged_floors":[29],"is_endless":false,"potions_floor_spawned":[5,11,14,20,22,25,27],"killed_by":"Automaton","ascension_level":7}