{"gold_per_floor":[113,113,128,144,144,144,159,179,247,265,279,289,125,125],"floor_reached":14,"playtime":1256,"items_purged":["Night Terror"],"score":151,"play_id":"111d2938-bbe5-4c4b-ba3c-9900618c1199","local_time":"20190109225606","is_ascension_mode":true,"campfire_choices":[{"floor":6,"key":"REST"}],"neow_cost":"PERCENT_DAMAGE","seed_source_timestamp":20167989080142,"circlet_count":0,"master_deck":["AscendersBane","Defend_G","Defend_G","Defend_G","Defend_G","Defend_G","Strike_G","Strike_G","Strike_G","Survivor","Neutralize","Heel Hook","Blur","Acrobatics","Infinite Blades","Storm of Steel","Backflip","Endless Agony","Skewer","Dagger Throw","Backstab","Backflip"],"special_seed":0,"relics":["Ring of the Snake","Kunai"],"potions_floor_usage":[12],"damage_taken":[{"damage":4.0,"enemies":"Jaw Worm","floor":1.0,"turns":7.0},{"damage":15.0,"enemies":"Cultist","floor":3.0,"turns":7.0},{"damage":4.0,"enemies":"Small Slimes","floor":4.0,"turns":5.0},{"damage":0,"enemies":"Looter","floor":7,"turns":4},{"damage":10,"enemies":"Large Slime","floor":8,"turns":12},{"damage":9,"enemies":"3 Louse","floor":10,"turns":5},{"damage":5,"enemies":"Gremlin Gang","floor":11,"turns":7},{"damage":12,"enemies":"Large Slime","floor":12,"turns":9},{"damage":19,"enemies":"Lagavulin","floor":14,"turns":4}],"seed_played":"-5958474815707289377","potions_obtained":[{"floor":1.0,"key":"Ancient Potion"},{"floor":10,"key":"Block Potion"}],"is_trial":false,"path_per_floor":["M","?","M","M","?","R","M","M","T","M","M","M","$","E"],"character_chosen":"THE_SILENT","items_purchased":["Backstab","Backflip"],"campfire_rested":1,"item_purchase_floors":[13,13],"current_hp_per_floor":[40,45,30,26,26,47,47,37,37,28,23,11,11,0],"gold":125,"neow_bonus":"TRANSFORM_TWO_CARDS","is_prod":false,"is_daily":false,"chose_seed":false,"campfire_upgraded":0,"win_rate":0,"timestamp":1547092566,"path_taken":["M","?","M","M","?","R","M","M","T","M","?","M","$","E"],"build_version":"2019-01-03v4","purchased_purges":1,"victory":false,"max_hp_per_floor":[66,71,71,71,71,71,71,71,71,71,71,71,71,71],"card_choices":[{"not_picked":["Masterful Stab","Flying Knee"],"picked":"Blur","floor":1.0},{"not_picked":["Underhanded Strike","Blade Dance"],"picked":"Acrobatics","floor":3.0},{"not_picked":["Prepared","Slice"],"picked":"Infinite Blades","floor":4.0},{"not_picked":["PiercingWail","Dodge and Roll"],"picked":"Backflip","floor":7},{"not_picked":["Choke","Underhanded Strike","Finisher"],"picked":"SKIP","floor":8},{"not_picked":["Finisher","Dagger Spray"],"picked":"Endless Agony","floor":10},{"not_picked":["Terror","Dagger Throw"],"picked":"Skewer","floor":11},{"not_picked":["Blade Dance","Night Terror"],"picked":"Dagger Throw","floor":12}],"player_experience":841851,"relics_obtained":[{"floor":9,"key":"Kunai"}],"event_choices":[{"damage_healed":0.0,"max_hp_gain":5.0,"max_hp_loss":0.0,"gold_gain":0.0,"event_name":"Big Fish","player_choice":"Donut","floor":2.0,"gold_loss":0.0,"damage_taken":0.0},{"damage_healed":0,"gold_gain":0,"player_choice":"1 cards matched","damage_taken":0,"max_hp_gain":0,"max_hp_loss":0,"event_name":"Match and Keep!","floor":5,"gold_loss":0,"cards_obtained":["Storm of Steel"]}],"is_beta":false,"boss_relics":[],"items_purged_floors":[13],"is_endless":false,"potions_floor_spawned":[1,10],"killed_by":"Lagavulin","ascension_level":15}