{"gold_per_floor":[112,112,37,37,50,50,68,86,158,191,211,211,236,254,254,353,353,366,381,398,227,243,255,255,268,319,337,337,82,82],"floor_reached":30,"playtime":3017,"items_purged":["Strike_R","Strike_R","Strike_R"],"score":236,"play_id":"67fbf4b0-bb42-495e-8aab-0078bac25ee8","local_time":"20190106163624","is_ascension_mode":false,"campfire_choices":[{"data":"Bash","floor":6.0,"key":"SMITH"},{"data":"Barricade","floor":12.0,"key":"SMITH"},{"data":"Shrug It Off","floor":15.0,"key":"SMITH"},{"data":"Pommel Strike","floor":24.0,"key":"SMITH"}],"neow_cost":"NONE","seed_source_timestamp":0,"circlet_count":0,"master_deck":["Strike_R","Defend_R+1","Defend_R+1","Defend_R","Defend_R","Bash+1","Clash","Panacea","Cleave","Shrug It Off+1","Shrug It Off","Barricade+1","Reaper","Pommel Strike+1","Metallicize"],"special_seed":0,"relics":["Burning Blood","War Paint","Kunai","Oddly Smooth Stone","Odd Mushroom","Black Star","PreservedInsect","Membership Card"],"potions_floor_usage":[],"damage_taken":[{"damage":2.0,"enemies":"2 Louse","floor":1.0,"turns":3.0},{"damage":11.0,"enemies":"Jaw Worm","floor":5.0,"turns":2.0},{"damage":0.0,"enemies":"Cultist","floor":7.0,"turns":2.0},{"damage":12.0,"enemies":"2 Fungi Beasts","floor":8.0,"turns":4.0},{"damage":24.0,"enemies":"Lagavulin","floor":10.0,"turns":8.0},{"damage":5.0,"enemies":"Exordium Wildlife","floor":11.0,"turns":7.0},{"damage":9.0,"enemies":"The Mushroom Lair","floor":13.0,"turns":5.0},{"damage":5.0,"enemies":"3 Louse","floor":14.0,"turns":5.0},{"damage":15.0,"enemies":"The Guardian","floor":16.0,"turns":14.0},{"damage":0.0,"enemies":"Chosen","floor":18.0,"turns":10.0},{"damage":15.0,"enemies":"3 Byrds","floor":19.0,"turns":11.0},{"damage":26.0,"enemies":"Centurion and Healer","floor":20.0,"turns":16.0},{"damage":49.0,"enemies":"Chosen and Byrds","floor":22.0,"turns":14.0},{"damage":4.0,"enemies":"Cultist and Chosen","floor":23.0,"turns":13.0},{"damage":32.0,"enemies":"Centurion and Healer","floor":25.0,"turns":17.0},{"damage":3,"enemies":"Snake Plant","floor":27,"turns":8},{"damage":54,"enemies":"Masked Bandits","floor":30,"turns":3}],"seed_played":"-1005668118611325777","potions_obtained":[{"floor":5.0,"key":"AttackPotion"},{"floor":8.0,"key":"Fire Potion"},{"floor":10.0,"key":"Swift Potion"},{"floor":16.0,"key":"Poison Potion"},{"floor":22.0,"key":"Fire Potion"},{"floor":23.0,"key":"Block Potion"},{"floor":25.0,"key":"Strength Potion"}],"is_trial":false,"path_per_floor":["M","?","$","?","M","R","M","M","T","E","M","R","?","M","R","B",null,"M","M","M","$","M","M","R","M","T","M","?","$","?"],"character_chosen":"IRONCLAD","items_purchased":["Metallicize","Membership Card"],"campfire_rested":0,"item_purchase_floors":[21,29],"current_hp_per_floor":[80,77,77,77,72,72,78,72,72,54,55,55,52,53,53,44,80,80,77,65,65,30,40,40,24,24,27,27,27,0],"gold":82,"neow_bonus":"TRANSFORM_CARD","is_prod":false,"is_daily":false,"chose_seed":false,"campfire_upgraded":4,"win_rate":0.0,"timestamp":1546788984,"path_taken":["M","?","$","?","?","R","M","M","T","E","M","R","?","M","R","BOSS","M","M","M","$","M","M","R","M","T","M","?","$","?"],"build_version":"2019-01-03v4","purchased_purges":3,"victory":false,"max_hp_per_floor":[80,80,80,80,80,80,80,80,80,80,80,80,80,80,80,80,80,80,80,80,80,80,80,80,80,80,80,80,80,80],"card_choices":[{"not_picked":["Clash","Clothesline","Wild Strike"],"picked":"SKIP","floor":1.0},{"not_picked":["Wild Strike","Sword Boomerang"],"picked":"Cleave","floor":5.0},{"not_picked":["Hemokinesis","Ghostly Armor"],"picked":"Shrug It Off","floor":7.0},{"not_picked":["Ghostly Armor","Intimidate"],"picked":"Shrug It Off","floor":8.0},{"not_picked":["Heavy Blade","Feel No Pain"],"picked":"Barricade","floor":10.0},{"not_picked":["Corruption","Searing Blow","Burning Pact"],"picked":"SKIP","floor":11.0},{"not_picked":["Wild Strike","Perfected Strike","Pommel Strike"],"picked":"SKIP","floor":14.0},{"not_picked":["Dark Embrace","Berserk"],"picked":"Reaper","floor":16.0},{"not_picked":["Perfected Strike","Armaments"],"picked":"Pommel Strike","floor":18.0},{"not_picked":["Pummel","Headbutt","Armaments"],"picked":"SKIP","floor":19.0},{"not_picked":["Seeing Red","Thunderclap","Anger"],"picked":"SKIP","floor":20.0},{"not_picked":["Brutality","Flex","Heavy Blade"],"picked":"SKIP","floor":22.0},{"not_picked":["Burning Pact+1","Pummel","Clash"],"picked":"SKIP","floor":23.0},{"not_picked":["Flame Barrier+1","Heavy Blade","Bloodletting"],"picked":"SKIP","floor":25.0},{"not_picked":["Wild Strike","Seeing Red+1","Twin Strike+1"],"picked":"SKIP","floor":27}],"player_experience":196627,"relics_obtained":[{"floor":9.0,"key":"Kunai"},{"floor":10.0,"key":"Oddly Smooth Stone"},{"floor":13.0,"key":"Odd Mushroom"},{"floor":26.0,"key":"PreservedInsect"}],"event_choices":[{"damage_healed":0.0,"max_hp_gain":0.0,"max_hp_loss":0.0,"gold_gain":0.0,"event_name":"Scrap Ooze","player_choice":"Success","floor":2.0,"gold_loss":0.0,"damage_taken":3.0,"relics_obtained":["War Paint"]},{"damage_healed":0.0,"max_hp_gain":0.0,"max_hp_loss":0.0,"gold_gain":0.0,"event_name":"Match and Keep!","player_choice":"1 cards matched","floor":4.0,"gold_loss":0.0,"damage_taken":0.0,"cards_obtained":["Panacea"]},{"damage_healed":0.0,"max_hp_gain":0.0,"max_hp_loss":0.0,"gold_gain":0.0,"event_name":"Mushrooms","player_choice":"Fought Mushrooms","floor":13.0,"gold_loss":0.0,"damage_taken":0.0},{"damage_healed":0,"gold_gain":0,"player_choice":"Ignored","damage_taken":0,"max_hp_gain":0,"max_hp_loss":0,"event_name":"Vampires","floor":28,"gold_loss":0},{"damage_healed":0,"gold_gain":0,"player_choice":"Fought Bandits","damage_taken":0,"max_hp_gain":0,"max_hp_loss":0,"event_name":"Masked Bandits","floor":30,"gold_loss":0}],"is_beta":false,"boss_relics":[{"not_picked":["Ectoplasm","White Beast Statue"],"picked":"Black Star"}],"items_purged_floors":[3,21,29],"is_endless":false,"potions_floor_spawned":[5,8,10,14,16,20,22,23,25],"killed_by":"Masked Bandits","ascension_level":0}