{"gold_per_floor":[113,125,144,56,73,73,108,108,160,174,193,228,228,245,245,324,324,334,44,62,12,24,24,24,24],"floor_reached":25,"playtime":1636,"items_purged":["Strike_B"],"score":517,"play_id":"8c943e2e-714d-4b25-8775-8631fae2eb68","local_time":"20190211141743","is_ascension_mode":true,"campfire_choices":[{"data":"Fission","floor":6,"key":"SMITH"},{"data":"Zap","floor":8,"key":"SMITH"},{"floor":13,"key":"REST"},{"data":"Redo","floor":15,"key":"SMITH"},{"floor":23,"key":"REST"}],"neow_cost":"NONE","seed_source_timestamp":249139467350800,"circlet_count":0,"master_deck":["AscendersBane","Strike_B","Strike_B","Strike_B","Defend_B","Defend_B","Defend_B","Defend_B","Zap+1","Dualcast","Buffer","Go for the Eyes+1","Cold Snap+1","Scrape","Fission+1","Gash","Leap","Sweeping Beam+1","Blizzard+1","Redo+1","Glacier","All For One+1","Steam+1","Beam Cell+1","Gash+1","All For One+1"],"relics":["Cracked Core","Molten Egg 2","Art of War","Whetstone","Inserter","Oddly Smooth Stone"],"potions_floor_usage":[12,16,20],"damage_taken":[{"damage":0,"enemies":"Jaw Worm","floor":1,"turns":4},{"damage":0,"enemies":"Cultist","floor":2,"turns":4},{"damage":0,"enemies":"Small Slimes","floor":3,"turns":2},{"damage":9,"enemies":"3 Louse","floor":5,"turns":5},{"damage":8,"enemies":"Lagavulin","floor":7,"turns":7},{"damage":0,"enemies":"Large Slime","floor":10,"turns":4},{"damage":3,"enemies":"Blue Slaver","floor":11,"turns":3},{"damage":16,"enemies":"3 Sentries","floor":12,"turns":10},{"damage":0,"enemies":"2 Fungi Beasts","floor":14,"turns":2},{"damage":0,"enemies":"The Guardian","floor":16,"turns":14},{"damage":22,"enemies":"Chosen","floor":18,"turns":4},{"damage":24,"enemies":"2 Thieves","floor":20,"turns":3},{"damage":9,"enemies":"Centurion and Healer","floor":22,"turns":4},{"damage":36,"enemies":"Snecko","floor":25,"turns":5}],"seed_played":"-8748764679749557163","potions_obtained":[{"floor":5,"key":"Energy Potion"},{"floor":10,"key":"Block Potion"},{"floor":14,"key":"SkillPotion"},{"floor":18,"key":"AttackPotion"}],"is_trial":false,"path_per_floor":["M","M","M","$","M","R","E","R","T","M","M","E","R","M","R","B",null,"M","$","M","?","M","R","$","M"],"character_chosen":"DEFECT","items_purchased":["Fission","Oddly Smooth Stone","Beam Cell+1"],"campfire_rested":2,"item_purchase_floors":[4,19,19],"current_hp_per_floor":[64,64,64,64,55,55,47,47,47,47,44,28,49,49,49,49,66,44,44,20,20,11,32,32,0],"gold":24,"neow_bonus":"ONE_RANDOM_RARE_CARD","is_prod":false,"is_daily":false,"chose_seed":false,"campfire_upgraded":3,"win_rate":0,"timestamp":1549912663,"path_taken":["M","M","M","$","M","R","E","R","T","M","M","E","R","M","R","BOSS","M","$","M","?","?","R","$","M"],"build_version":"2019-01-23","purchased_purges":1,"victory":false,"max_hp_per_floor":[71,71,71,71,71,71,71,71,71,71,71,71,71,71,71,71,71,71,71,71,71,71,71,71,71],"card_choices":[{"not_picked":["Redo","Rebound"],"picked":"Go for the Eyes","floor":1},{"not_picked":["Leap","Lockon"],"picked":"Cold Snap","floor":2},{"not_picked":["Redo","Hologram"],"picked":"Scrape","floor":3},{"not_picked":["Hyperbeam","Sunder"],"picked":"Gash","floor":5},{"not_picked":["Redo","Stack"],"picked":"Leap","floor":7},{"not_picked":["Compile Driver+1","White Noise"],"picked":"Sweeping Beam+1","floor":10},{"not_picked":["Redo","Steam Power"],"picked":"Blizzard+1","floor":11},{"not_picked":["Go for the Eyes+1","Fusion"],"picked":"Redo","floor":12},{"not_picked":["Rebound+1","Redo"],"picked":"Glacier","floor":14},{"not_picked":["Thunder Strike+1","Fission"],"picked":"All For One+1","floor":16},{"not_picked":["Streamline+1","Lockon+1"],"picked":"Steam+1","floor":18},{"not_picked":["Coolheaded","Hologram"],"picked":"Gash+1","floor":20},{"not_picked":["Leap","Steam"],"picked":"All For One+1","floor":22}],"player_experience":1201484,"relics_obtained":[{"floor":7,"key":"Molten Egg 2"},{"floor":9,"key":"Art of War"},{"floor":12,"key":"Whetstone"}],"event_choices":[{"damage_healed":0,"gold_gain":0,"player_choice":"Bet on Murderer","damage_taken":0,"max_hp_gain":0,"max_hp_loss":0,"event_name":"The Joust","floor":21,"gold_loss":50}],"is_beta":false,"boss_relics":[{"not_picked":["Cursed Key","Fusion Hammer"],"picked":"Inserter"}],"items_purged_floors":[19],"is_endless":false,"potions_floor_spawned":[5,10,11,14,18],"killed_by":"Snecko","ascension_level":19}