{"gold_per_floor":[118,118,17,17,17,47,61,61,61,61,87,63,63,73,73,175,175,190,190,190,0,10,10,38,38,65,83,83,94,94,119,119,219,219,234,246,16,33,45,45,75,95,95,106,106,133,164,203,215,227],"floor_reached":51,"playtime":4579,"items_purged":["Pain"],"score":1171,"play_id":"b1274b08-51f0-478e-a860-8b65c4988ee4","local_time":"20181012223740","is_ascension_mode":true,"campfire_choices":[{"data":"1","floor":8,"key":"LIFT"},{"data":"2","floor":10,"key":"LIFT"},{"data":"3","floor":13,"key":"LIFT"},{"floor":15,"key":"REST"},{"data":"Buffer","floor":23,"key":"SMITH"},{"data":"Redo","floor":25,"key":"SMITH"},{"data":"Blizzard","floor":28,"key":"SMITH"},{"data":"Coolheaded","floor":30,"key":"SMITH"},{"floor":32,"key":"REST"},{"data":"Echo Form","floor":40,"key":"SMITH"},{"data":"Thunder Strike","floor":49,"key":"SMITH"}],"neow_cost":"CURSE","seed_source_timestamp":108562793101536,"circlet_count":0,"master_deck":["Ball Lightning+1","Go for the Eyes","Reinforced Body","Leap","Thunder Strike+1","Ball Lightning","White Noise","Buffer+1","Beam Cell","Cold Snap","Reinforced Body","Blizzard+1","Sweeping Beam","Genetic Algorithm","Beam Cell","Redo+1","Glacier","Coolheaded+1","FTL","Chill","Glacier","Electrodynamics","Doom and Gloom","White Noise+1","Echo Form+1","Flash of Steel","Conserve Battery","Conserve Battery+1","Leap+1","Chill+1","Go for the Eyes+1","Dark Shackles","Violence","Jack Of All Trades","Sunder+1","Coolheaded+1","All For One"],"relics":["Cracked Core","Girya","Ornamental Fan","Strawberry","Pandora\u0027s Box","Lee\u0027s Waffle","Anchor","Blood Vial","Meat on the Bone","Coffee Dripper","FossilizedHelix","PreservedInsect","MawBank","Ancient Tea Set"],"potions_floor_usage":[33,41,41,50,50],"damage_taken":[{"damage":10,"enemies":"Jaw Worm","floor":1,"turns":3},{"damage":24,"enemies":"Gremlin Nob","floor":6,"turns":4},{"damage":0,"enemies":"Small Slimes","floor":7,"turns":3},{"damage":8,"enemies":"3 Sentries","floor":11,"turns":7},{"damage":0,"enemies":"Cultist","floor":14,"turns":2},{"damage":12,"enemies":"Slime Boss","floor":16,"turns":5},{"damage":8,"enemies":"Shell Parasite","floor":18,"turns":4},{"damage":14,"enemies":"Colosseum Slavers","floor":19,"turns":5},{"damage":14,"enemies":"3 Byrds","floor":22,"turns":4},{"damage":21,"enemies":"Book of Stabbing","floor":24,"turns":7},{"damage":0,"enemies":"3 Cultists","floor":27,"turns":4},{"damage":0,"enemies":"Chosen and Byrds","floor":29,"turns":5},{"damage":19,"enemies":"Slavers","floor":31,"turns":8},{"damage":21,"enemies":"Collector","floor":33,"turns":10},{"damage":0,"enemies":"Orb Walker","floor":35,"turns":3},{"damage":0,"enemies":"3 Darklings","floor":36,"turns":4},{"damage":0,"enemies":"Spire Growth","floor":38,"turns":5},{"damage":0,"enemies":"Maw","floor":39,"turns":7},{"damage":2,"enemies":"Giant Head","floor":41,"turns":6},{"damage":0,"enemies":"Transient","floor":42,"turns":5},{"damage":0,"enemies":"4 Shapes","floor":44,"turns":5},{"damage":0,"enemies":"2 Orb Walkers","floor":46,"turns":4},{"damage":0,"enemies":"Spire Growth","floor":47,"turns":5},{"damage":0,"enemies":"Giant Head","floor":48,"turns":9},{"damage":41,"enemies":"Time Eater","floor":50,"turns":8}],"seed_played":"6863361676073503151","potions_obtained":[{"floor":7,"key":"Energy Potion"},{"floor":16,"key":"Poison Potion"},{"floor":22,"key":"FairyPotion"},{"floor":24,"key":"LiquidBronze"},{"floor":29,"key":"Weak Potion"},{"floor":36,"key":"Fire Potion"},{"floor":42,"key":"Dexterity Potion"},{"floor":47,"key":"Swift Potion"}],"is_trial":false,"path_per_floor":["M","?","$","?","?","E","M","R","T","R","E","$","R","M","R","B",null,"M","?","?","$","M","R","E","R","T","M","R","M","R","E","R","B",null,"M","M","$","M","M","R","E","M","T","M","?","E","M","E","R","B"],"character_chosen":"DEFECT","items_purchased":["Go for the Eyes","Ball Lightning","Lee\u0027s Waffle","Echo Form","Flash of Steel"],"campfire_rested":2,"item_purchase_floors":[3,12,21,37,37],"current_hp_per_floor":[72,72,72,65,70,46,46,46,46,46,45,45,45,45,75,63,92,84,70,70,108,94,94,73,73,73,75,75,77,77,60,92,73,99,101,103,103,105,107,107,106,108,108,108,98,100,102,104,104,65],"gold":239,"neow_bonus":"TWENTY_PERCENT_HP_BONUS","is_prod":false,"is_daily":false,"chose_seed":false,"campfire_upgraded":6,"win_rate":0,"timestamp":1539398260,"path_taken":["M","?","$","?","?","E","M","R","T","R","E","$","R","M","R","BOSS","M","?","?","?","M","R","E","R","T","?","R","M","R","E","R","BOSS","M","M","$","M","M","R","E","?","T","M","?","E","M","E","R","BOSS"],"build_version":"2018-10-11","purchased_purges":1,"victory":true,"max_hp_per_floor":[89,89,89,89,94,94,94,94,94,94,101,101,101,101,101,101,101,101,101,101,108,108,108,108,108,108,108,108,108,108,108,108,108,108,108,108,108,108,108,108,108,108,108,108,108,108,108,108,108,108],"card_choices":[{"not_picked":["Beam Cell","Cold Snap"],"picked":"Ball Lightning","floor":1},{"not_picked":["Streamline","Stack"],"picked":"Reinforced Body","floor":6},{"not_picked":["Redo","Lockon"],"picked":"Leap","floor":7},{"not_picked":["Redo","Turbo"],"picked":"Thunder Strike","floor":11},{"not_picked":["Hologram","Steam"],"picked":"White Noise","floor":14},{"not_picked":["All For One","Core Surge"],"picked":"Buffer","floor":16},{"not_picked":["Turbo","Double Energy+1"],"picked":"Glacier","floor":18},{"not_picked":["Chaos","Leap"],"picked":"Coolheaded","floor":22},{"not_picked":["Core Surge","Scrape"],"picked":"FTL","floor":24},{"not_picked":["Melter","Static Discharge"],"picked":"Chill","floor":27},{"not_picked":["Force Field","Beam Cell"],"picked":"Glacier","floor":29},{"not_picked":["Cold Snap","Rebound","Barrage"],"picked":"SKIP","floor":31},{"not_picked":["Core Surge","Fission"],"picked":"Electrodynamics","floor":33},{"not_picked":["Genetic Algorithm","Compile Driver"],"picked":"Doom and Gloom","floor":35},{"not_picked":["Gash+1","Streamline"],"picked":"White Noise+1","floor":36},{"not_picked":["Steam","BootSequence"],"picked":"Conserve Battery","floor":38},{"not_picked":["Ball Lightning+1","Redo+1"],"picked":"Conserve Battery+1","floor":39},{"not_picked":["Static Discharge+1","Compile Driver"],"picked":"Leap+1","floor":41},{"not_picked":["Conserve Battery+1","Streamline"],"picked":"Chill+1","floor":42},{"not_picked":["Turbo+1","BootSequence"],"picked":"Go for the Eyes+1","floor":44},{"not_picked":["Chrysalis","Bandage Up"],"picked":"Dark Shackles","floor":45},{"not_picked":["Deep Breath","Trip"],"picked":"Violence","floor":45},{"not_picked":["Forethought","Magnetism"],"picked":"Jack Of All Trades","floor":45},{"not_picked":["FTL","Compile Driver+1"],"picked":"Sunder+1","floor":46},{"not_picked":["Recycle+1","Steam"],"picked":"Coolheaded+1","floor":47},{"not_picked":["Steam+1","Reinforced Body+1"],"picked":"All For One","floor":48}],"player_experience":594643,"relics_obtained":[{"floor":6,"key":"Girya"},{"floor":9,"key":"Ornamental Fan"},{"floor":11,"key":"Strawberry"},{"floor":24,"key":"Anchor"},{"floor":26,"key":"Blood Vial"},{"floor":31,"key":"Meat on the Bone"},{"floor":41,"key":"FossilizedHelix"},{"floor":43,"key":"PreservedInsect"},{"floor":46,"key":"MawBank"},{"floor":48,"key":"Ancient Tea Set"}],"event_choices":[{"event_name":"Living Wall","player_choice":"Grow","floor":2,"damage_taken":0},{"event_name":"Golden Wing","player_choice":"Card Removal","floor":4,"damage_taken":0},{"event_name":"Big Fish","player_choice":"Donut","floor":5,"damage_taken":0},{"event_name":"Colosseum","player_choice":"Fight","floor":19,"damage_taken":0},{"event_name":"Colosseum","player_choice":"Fled From Nobs","floor":19,"damage_taken":0},{"event_name":"Back to Basics","player_choice":"Elegance","floor":20,"damage_taken":0},{"event_name":"SensoryStone","player_choice":"Memory 3","floor":45,"damage_taken":0}],"is_beta":false,"boss_relics":[{"not_picked":["Busted Crown","Calling Bell"],"picked":"Pandora\u0027s Box"},{"not_picked":["Astrolabe","Tiny House"],"picked":"Coffee Dripper"}],"items_purged_floors":[3],"is_endless":false,"potions_floor_spawned":[7,16,22,24,29,36,39,42,47],"ascension_level":8}