{"gold_per_floor":[19,32,32,47,66,66,101,111,165,196,196,223,223,238,238,339,339,352,362,29,45,45,73,87,87,87,122,139,159,172,204,204,300,300,314,326,19,34,50,83,83,95,118,27,57,77,96,115,115,115],"floor_reached":51,"playtime":5115,"items_purged":["Strike_R","Strike_R"],"score":1245,"play_id":"4309e6d2-32fa-4836-8b34-37e99393995c","local_time":"20181101222952","is_ascension_mode":true,"campfire_choices":[{"data":"Inflame","floor":6.0,"key":"SMITH"},{"floor":11.0,"key":"REST"},{"floor":13.0,"key":"REST"},{"data":"Limit Break","floor":15.0,"key":"SMITH"},{"floor":25.0,"key":"REST"},{"floor":32,"key":"REST"},{"floor":41,"key":"REST"},{"floor":49,"key":"REST"}],"neow_cost":"NO_GOLD","seed_source_timestamp":0,"circlet_count":0,"master_deck":["Strike_R","Strike_R","Strike_R","Defend_R","Defend_R","Defend_R","Defend_R","Bash","AscendersBane","Shockwave","Armaments","Shrug It Off","Inflame+1","Battle Trance","Spot Weakness","Flame Barrier","Limit Break+1","Impervious","Pommel Strike","Headbutt+1","Sword Boomerang","Heavy Blade+1","Headbutt+1","Ghostly Armor","True Grit+1","Perfected Strike","Headbutt+1","Offering","Thunderclap+1","Warcry+1","Metallicize","Dropkick+1","Rampage+1","Perfected Strike+1","Pommel Strike+1"],"special_seed":0,"relics":["Burning Blood","Turnip","Matryoshka","Bag of Marbles","Bottled Flame","Happy Flower","Odd Mushroom","Fusion Hammer","Membership Card","Torii","Incense Burner","Boot","Gremlin Horn","Champion Belt","Molten Egg 2","Busted Crown","OrangePellets","Kunai","Magic Flower","Strawberry","Red Skull"],"potions_floor_usage":[50,50],"damage_taken":[{"damage":0.0,"enemies":"Small Slimes","floor":1.0,"turns":4.0},{"damage":6.0,"enemies":"2 Louse","floor":2.0,"turns":4.0},{"damage":2.0,"enemies":"Jaw Worm","floor":4.0,"turns":4.0},{"damage":27.0,"enemies":"Gremlin Gang","floor":5.0,"turns":8.0},{"damage":15.0,"enemies":"Lagavulin","floor":7.0,"turns":6.0},{"damage":6.0,"enemies":"2 Fungi Beasts","floor":8.0,"turns":4.0},{"damage":32.0,"enemies":"3 Sentries","floor":10.0,"turns":10.0},{"damage":19.0,"enemies":"The Mushroom Lair","floor":12.0,"turns":5.0},{"damage":6.0,"enemies":"Large Slime","floor":14.0,"turns":8.0},{"damage":18.0,"enemies":"The Guardian","floor":16.0,"turns":9.0},{"damage":6.0,"enemies":"3 Byrds","floor":18.0,"turns":3.0},{"damage":16.0,"enemies":"Spheric Guardian","floor":19.0,"turns":4.0},{"damage":0.0,"enemies":"Centurion and Healer","floor":21.0,"turns":5.0},{"damage":49.0,"enemies":"Book of Stabbing","floor":23.0,"turns":6.0},{"damage":2.0,"enemies":"Shelled Parasite and Fungi","floor":24.0,"turns":5.0},{"damage":10.0,"enemies":"Slavers","floor":27.0,"turns":3.0},{"damage":0.0,"enemies":"3 Cultists","floor":28.0,"turns":3.0},{"damage":0.0,"enemies":"Cultist and Chosen","floor":29.0,"turns":4.0},{"damage":1.0,"enemies":"Snecko","floor":30.0,"turns":3.0},{"damage":21.0,"enemies":"Gremlin Leader","floor":31.0,"turns":6.0},{"damage":29,"enemies":"Collector","floor":33,"turns":6},{"damage":6,"enemies":"3 Shapes","floor":35,"turns":1},{"damage":6,"enemies":"Orb Walker","floor":36,"turns":2},{"damage":0,"enemies":"Jaw Worm Horde","floor":38,"turns":3},{"damage":1,"enemies":"4 Shapes","floor":39,"turns":7},{"damage":1,"enemies":"Nemesis","floor":40,"turns":5},{"damage":1,"enemies":"Spire Growth","floor":42,"turns":7},{"damage":6,"enemies":"Giant Head","floor":45,"turns":6},{"damage":0,"enemies":"Transient","floor":46,"turns":5},{"damage":6,"enemies":"Jaw Worm Horde","floor":47,"turns":3},{"damage":0,"enemies":"3 Darklings","floor":48,"turns":5},{"damage":36,"enemies":"Time Eater","floor":50,"turns":6}],"seed_played":"-8105644573412264745","potions_obtained":[{"floor":1.0,"key":"GamblersBrew"},{"floor":5.0,"key":"SteroidPotion"},{"floor":8.0,"key":"Weak Potion"},{"floor":21.0,"key":"Strength Potion"},{"floor":35,"key":"Regen Potion"}],"is_trial":false,"path_per_floor":["M","M","?","M","M","R","E","M","T","E","R","?","R","M","R","B",null,"M","M","$","M","?","E","M","R","T","E","M","M","M","E","R","B",null,"M","M","$","M","M","E","R","M","T","$","E","M","M","M","R","B",null],"character_chosen":"IRONCLAD","items_purchased":["Membership Card","Torii","OrangePellets","Kunai","Metallicize","Rampage+1"],"campfire_rested":6,"item_purchase_floors":[20,20,37,37,37,44],"current_hp_per_floor":[78,78,78,80,59,59,50,50,50,24,48,35,59,59,59,47,72,72,62,62,68,53,10,14,39,39,35,41,47,52,37,62,39,74,74,74,74,80,85,85,85,85,92,92,92,92,92,92,92,65],"gold":115,"neow_bonus":"ONE_RARE_RELIC","is_prod":false,"is_daily":false,"chose_seed":false,"campfire_upgraded":2,"win_rate":0,"timestamp":1541125792,"path_taken":["M","M","?","M","M","R","E","M","T","E","R","?","R","M","R","BOSS","M","M","$","M","?","E","M","R","T","E","M","?","M","E","R","BOSS","M","M","$","M","?","E","R","M","T","$","E","M","M","M","R","BOSS"],"build_version":"2018-11-01","purchased_purges":2,"victory":true,"max_hp_per_floor":[80,80,80,80,80,80,80,80,80,80,80,80,80,80,80,80,80,80,80,80,80,85,85,85,85,85,85,85,85,85,85,85,85,85,85,85,85,85,85,85,85,85,92,92,92,92,92,92,92,92],"card_choices":[{"not_picked":["Carnage","Sever Soul"],"picked":"Shockwave","floor":1.0},{"not_picked":["Second Wind","Clash"],"picked":"Armaments","floor":2.0},{"not_picked":["Headbutt","Body Slam"],"picked":"Shrug It Off","floor":4.0},{"not_picked":["Perfected Strike","Dual Wield"],"picked":"Inflame","floor":5.0},{"not_picked":["Sentinel","Rupture","Wild Strike"],"picked":"SKIP","floor":7.0},{"not_picked":["Pummel","Thunderclap"],"picked":"Battle Trance","floor":8.0},{"not_picked":["Wild Strike","Heavy Blade"],"picked":"Spot Weakness","floor":10.0},{"not_picked":["Metallicize","Heavy Blade"],"picked":"Flame Barrier","floor":12.0},{"not_picked":["Infernal Blade","Perfected Strike"],"picked":"Limit Break","floor":14.0},{"not_picked":["Juggernaut","Double Tap"],"picked":"Impervious","floor":16.0},{"not_picked":["Flex","Burning Pact"],"picked":"Pommel Strike","floor":18.0},{"not_picked":["Rampage","Twin Strike"],"picked":"Headbutt+1","floor":19.0},{"not_picked":["Body Slam","Carnage"],"picked":"Sword Boomerang","floor":21.0},{"not_picked":["Sentinel","Thunderclap"],"picked":"Heavy Blade+1","floor":23.0},{"not_picked":["Warcry","Hemokinesis"],"picked":"Headbutt+1","floor":24.0},{"not_picked":["Havoc","Wild Strike+1"],"picked":"Ghostly Armor","floor":27.0},{"not_picked":["Wild Strike","Body Slam","Evolve+1"],"picked":"SKIP","floor":28.0},{"not_picked":["Wild Strike","Armaments"],"picked":"True Grit+1","floor":29.0},{"not_picked":["Dual Wield","Shrug It Off"],"picked":"Perfected Strike","floor":30.0},{"not_picked":["Shockwave+1","Fiend Fire"],"picked":"Headbutt+1","floor":31.0},{"not_picked":["Impervious","Exhume"],"picked":"Offering","floor":33},{"not_picked":[],"picked":"Thunderclap+1","floor":35},{"not_picked":[],"picked":"Warcry+1","floor":36},{"not_picked":["Fire Breathing"],"picked":"SKIP","floor":38},{"not_picked":[],"picked":"Dropkick+1","floor":39},{"not_picked":["Clash+1"],"picked":"SKIP","floor":40},{"not_picked":["Clash+1"],"picked":"SKIP","floor":40},{"not_picked":["Shrug It Off"],"picked":"SKIP","floor":42},{"not_picked":["Clash+1"],"picked":"SKIP","floor":45},{"not_picked":[],"picked":"Perfected Strike+1","floor":46},{"not_picked":["Anger+1"],"picked":"SKIP","floor":47},{"not_picked":[],"picked":"Pommel Strike+1","floor":48}],"player_experience":678172,"relics_obtained":[{"floor":7.0,"key":"Matryoshka"},{"floor":9.0,"key":"Bag of Marbles"},{"floor":9.0,"key":"Bottled Flame"},{"floor":10.0,"key":"Happy Flower"},{"floor":12.0,"key":"Odd Mushroom"},{"floor":23.0,"key":"Incense Burner"},{"floor":26.0,"key":"Boot"},{"floor":26.0,"key":"Gremlin Horn"},{"floor":27.0,"key":"Champion Belt"},{"floor":31.0,"key":"Molten Egg 2"},{"floor":40,"key":"Magic Flower"},{"floor":43,"key":"Strawberry"},{"floor":45,"key":"Red Skull"}],"event_choices":[{"damage_healed":0.0,"max_hp_gain":0.0,"max_hp_loss":0.0,"gold_gain":0.0,"event_name":"The Cleric","player_choice":"Leave","floor":3.0,"gold_loss":0.0,"damage_taken":0.0},{"damage_healed":0.0,"max_hp_gain":0.0,"max_hp_loss":0.0,"gold_gain":0.0,"event_name":"Mushrooms","player_choice":"Fought Mushrooms","floor":12.0,"gold_loss":0.0,"damage_taken":0.0},{"damage_healed":0.0,"max_hp_gain":5.0,"max_hp_loss":0.0,"gold_gain":0.0,"event_name":"Forgotten Altar","player_choice":"Shed Blood","floor":22.0,"gold_loss":0.0,"damage_taken":20.0}],"is_beta":false,"boss_relics":[{"not_picked":["Calling Bell","Orrery"],"picked":"Fusion Hammer"},{"not_picked":["Runic Dome","Empty Cage"],"picked":"Busted Crown"}],"items_purged_floors":[37,44],"is_endless":false,"potions_floor_spawned":[1,5,8,21,24,29,30,33,35,38,45,46,48],"ascension_level":11}