{"gold_per_floor":[109,123,48,48,66,94,94,94,172,172,172,172,186,201,201,276,276,290,18,32,32,32,57,57,57,57,67,67,67,67,98,98,177,177,190,209,221,270,42,76,99,99,99,128,128,128,143,174,174,174],"floor_reached":51,"playtime":9491,"items_purged":["Strike_G","Strike_G"],"score":1415,"play_id":"ed0b53eb-2d62-4a85-b6ab-328f40b5c21a","local_time":"20190114231134","is_ascension_mode":true,"campfire_choices":[{"floor":7.0,"key":"REST"},{"floor":10.0,"key":"REST"},{"floor":12.0,"key":"REST"},{"data":"Bouncing Flask","floor":15.0,"key":"SMITH"},{"data":"Footwork","floor":24.0,"key":"SMITH"},{"floor":28.0,"key":"REST"},{"data":"Footwork","floor":32.0,"key":"SMITH"},{"data":"Footwork","floor":42,"key":"SMITH"},{"data":"Bullet Time","floor":46,"key":"SMITH"},{"floor":49,"key":"REST"}],"neow_cost":"PERCENT_DAMAGE","seed_source_timestamp":0,"circlet_count":0,"master_deck":["AscendersBane","Defend_G","Defend_G","Defend_G","Strike_G","Strike_G","Survivor","Neutralize","Well Laid Plans","Backflip","Crippling Poison","Bouncing Flask+1","Flechettes","Cloak And Dagger","Cloak And Dagger","Adrenaline","Blur","Footwork+1","Dagger Throw","Footwork+1","Backflip","Cloak And Dagger","Envenom","Footwork+1","Bullet Time+1","Deflect+1","Expertise+1","Concentrate","Accuracy","Blade Dance","Acrobatics+1"],"special_seed":0,"relics":["Ring of the Snake","NlothsMask","PreservedInsect","Omamori","Snecko Eye","OrangePellets","Potion Belt","Strawberry","Nilry\u0027s Codex","Peace Pipe","Shuriken","Busted Crown","Ice Cream","Ninja Scroll","Centennial Puzzle","Ornamental Fan","Dodecahedron","Mercury Hourglass"],"potions_floor_usage":[50,50],"damage_taken":[{"damage":0.0,"enemies":"Small Slimes","floor":1.0,"turns":4.0},{"damage":1.0,"enemies":"Cultist","floor":2.0,"turns":5.0},{"damage":0.0,"enemies":"Jaw Worm","floor":5.0,"turns":6.0},{"damage":31.0,"enemies":"3 Sentries","floor":6.0,"turns":18.0},{"damage":8.0,"enemies":"2 Fungi Beasts","floor":13.0,"turns":4.0},{"damage":4.0,"enemies":"Red Slaver","floor":14.0,"turns":4.0},{"damage":15.0,"enemies":"The Guardian","floor":16.0,"turns":11.0},{"damage":16.0,"enemies":"2 Thieves","floor":18.0,"turns":4.0},{"damage":8.0,"enemies":"3 Byrds","floor":20.0,"turns":5.0},{"damage":0.0,"enemies":"Book of Stabbing","floor":23.0,"turns":4.0},{"damage":16.0,"enemies":"Cultist and Chosen","floor":27.0,"turns":8.0},{"damage":25.0,"enemies":"Slavers","floor":31.0,"turns":5.0},{"damage":11.0,"enemies":"Automaton","floor":33.0,"turns":14.0},{"damage":0.0,"enemies":"3 Shapes","floor":35.0,"turns":4.0},{"damage":0.0,"enemies":"Orb Walker","floor":36.0,"turns":4.0},{"damage":1.0,"enemies":"3 Darklings","floor":37.0,"turns":6.0},{"damage":10.0,"enemies":"2 Orb Walkers","floor":38.0,"turns":6.0},{"damage":0,"enemies":"Giant Head","floor":40,"turns":6},{"damage":0,"enemies":"Nemesis","floor":44,"turns":5},{"damage":27,"enemies":"Jaw Worm Horde","floor":47,"turns":4},{"damage":13,"enemies":"Reptomancer","floor":48,"turns":6},{"damage":26,"enemies":"Time Eater","floor":50,"turns":10}],"seed_played":"681248209372049983","potions_obtained":[{"floor":1.0,"key":"Energy Potion"},{"floor":6.0,"key":"Regen Potion"},{"floor":27.0,"key":"LiquidBronze"},{"floor":33.0,"key":"SmokeBomb"},{"floor":38,"key":"SmokeBomb"},{"floor":40,"key":"Energy Potion"}],"is_trial":false,"path_per_floor":["M","M","$","?","M","E","R","?","T","R","?","R","M","M","R","B",null,"M","$","M","?","?","E","R","?","T","M","R","?","?","E","R","B",null,"M","M","M","?","$","E","T","R","T","E","?","R","M","E","R","B",null],"character_chosen":"THE_SILENT","items_purchased":["OrangePellets","Footwork","Accuracy","Blade Dance"],"campfire_rested":5,"item_purchase_floors":[19,19,39,39],"current_hp_per_floor":[56,55,55,55,55,24,47,12,12,35,35,58,50,46,46,31,66,50,50,42,42,42,49,49,28,28,27,52,52,85,60,60,49,76,76,76,75,65,65,65,65,65,65,65,65,65,38,25,50,24],"gold":174,"neow_bonus":"TWENTY_PERCENT_HP_BONUS","is_prod":false,"is_daily":false,"chose_seed":false,"campfire_upgraded":5,"win_rate":0,"timestamp":1547525494,"path_taken":["M","M","$","?","?","E","R","?","T","R","?","R","?","M","R","BOSS","M","$","M","?","?","E","R","?","T","M","R","?","?","E","R","BOSS","M","M","M","?","$","E","?","R","T","E","?","R","M","E","R","BOSS"],"build_version":"2019-01-10","purchased_purges":2,"victory":true,"max_hp_per_floor":[78,78,78,78,78,78,78,78,78,78,78,78,78,78,78,78,78,78,78,78,78,78,85,85,85,85,85,85,85,85,85,85,85,85,85,85,85,85,85,85,85,85,85,85,85,85,85,85,85,85],"card_choices":[{"not_picked":["Poisoned Stab","Deflect"],"picked":"Well Laid Plans","floor":1.0},{"not_picked":["Slice","Sucker Punch"],"picked":"Backflip","floor":2.0},{"not_picked":["Flechettes","Dodge and Roll"],"picked":"Crippling Poison","floor":5.0},{"not_picked":["Venomology","Blade Dance"],"picked":"Bouncing Flask","floor":6.0},{"not_picked":["Eviscerate","Slice"],"picked":"Cloak And Dagger","floor":13.0},{"not_picked":["Setup","Quick Slash"],"picked":"Cloak And Dagger","floor":14.0},{"not_picked":["Phantasmal Killer","Doppelganger"],"picked":"Adrenaline","floor":16.0},{"not_picked":["Poisoned Stab","Bane"],"picked":"Blur","floor":18.0},{"not_picked":["PiercingWail","Prepared+1"],"picked":"Dagger Throw","floor":20.0},{"not_picked":["Distraction","Envenom"],"picked":"Backflip","floor":23.0},{"not_picked":["Dodge and Roll","Backflip"],"picked":"Cloak And Dagger","floor":27.0},{"not_picked":["Deflect","Bane"],"picked":"Footwork","floor":31.0},{"not_picked":["Wraith Form v2","Malaise"],"picked":"Bullet Time","floor":33.0},{"not_picked":["Outmaneuver"],"picked":"SKIP","floor":35.0},{"not_picked":[],"picked":"Deflect+1","floor":36.0},{"not_picked":[],"picked":"Expertise+1","floor":37.0},{"not_picked":[],"picked":"Concentrate","floor":38},{"not_picked":["Expertise+1"],"picked":"SKIP","floor":40},{"not_picked":["Caltrops"],"picked":"SKIP","floor":44},{"not_picked":[],"picked":"Acrobatics+1","floor":47},{"not_picked":["Flechettes"],"picked":"SKIP","floor":48}],"player_experience":857970,"relics_obtained":[{"floor":6.0,"key":"PreservedInsect"},{"floor":23.0,"key":"Strawberry"},{"floor":25.0,"key":"Nilry\u0027s Codex"},{"floor":26.0,"key":"Peace Pipe"},{"floor":31.0,"key":"Shuriken"},{"floor":38,"key":"Ice Cream"},{"floor":40,"key":"Ninja Scroll"},{"floor":41,"key":"Centennial Puzzle"},{"floor":43,"key":"Ornamental Fan"},{"floor":44,"key":"Dodecahedron"},{"floor":48,"key":"Mercury Hourglass"}],"event_choices":[{"damage_healed":0.0,"max_hp_gain":0.0,"max_hp_loss":0.0,"gold_gain":0.0,"event_name":"FaceTrader","player_choice":"Trade","floor":4.0,"gold_loss":0.0,"damage_taken":0.0,"relics_obtained":["NlothsMask"]},{"damage_healed":0.0,"max_hp_gain":0.0,"max_hp_loss":0.0,"gold_gain":0.0,"event_name":"Scrap Ooze","player_choice":"Success","floor":8.0,"gold_loss":0.0,"damage_taken":35.0,"relics_obtained":["Omamori"]},{"damage_healed":0.0,"max_hp_gain":0.0,"max_hp_loss":0.0,"gold_gain":0.0,"cards_transformed":["Strike_G"],"event_name":"Transmorgrifier","player_choice":"Transformed","floor":11.0,"gold_loss":0.0,"damage_taken":0.0,"cards_obtained":["Flechettes"]},{"damage_healed":0.0,"max_hp_gain":0.0,"max_hp_loss":0.0,"gold_gain":0.0,"event_name":"The Mausoleum","player_choice":"Opened","floor":21.0,"gold_loss":0.0,"damage_taken":0.0,"relics_obtained":["Potion Belt"],"cards_obtained":["Writhe"]},{"damage_healed":0.0,"max_hp_gain":0.0,"max_hp_loss":0.0,"gold_gain":0.0,"event_name":"The Library","player_choice":"Read","floor":22.0,"gold_loss":0.0,"damage_taken":0.0,"cards_obtained":["Footwork"]},{"damage_healed":0.0,"max_hp_gain":0.0,"max_hp_loss":0.0,"gold_gain":0.0,"event_name":"Cursed Tome","player_choice":"Obtained Book","floor":25.0,"gold_loss":0.0,"damage_taken":21.0},{"damage_healed":0.0,"max_hp_gain":0.0,"max_hp_loss":0.0,"gold_gain":0.0,"cards_transformed":["Defend_G","Defend_G"],"event_name":"Drug Dealer","player_choice":"Became Test Subject","floor":29.0,"gold_loss":0.0,"damage_taken":0.0,"cards_obtained":["Slice","Envenom"]},{"damage_healed":33.0,"max_hp_gain":0.0,"max_hp_loss":0.0,"gold_gain":0.0,"event_name":"Wheel of Change","player_choice":"Full Heal","floor":30.0,"gold_loss":0.0,"damage_taken":0.0},{"damage_healed":0.0,"max_hp_gain":0.0,"max_hp_loss":0.0,"gold_gain":0.0,"event_name":"Mysterious Sphere","player_choice":"Fight","floor":38.0,"gold_loss":0.0,"damage_taken":0.0},{"cards_removed":["Slice"],"damage_healed":0,"gold_gain":0,"player_choice":"Removed Attack","damage_taken":0,"max_hp_gain":0,"max_hp_loss":0,"event_name":"Falling","floor":45,"gold_loss":0}],"is_beta":false,"boss_relics":[{"not_picked":["White Beast Statue","Coffee Dripper"],"picked":"Snecko Eye"},{"not_picked":["HoveringKite","Calling Bell"],"picked":"Busted Crown"}],"items_purged_floors":[3,39],"is_endless":false,"potions_floor_spawned":[1,6,14,27,33,38,40,44],"ascension_level":15}