{"gold_per_floor":[113,124,143,158,32,57,57,71,124,150,150,163,163,196,208,220],"floor_reached":16,"playtime":1728,"items_purged":["Strike_G"],"score":140,"play_id":"eeef4894-a7f1-4c04-b8d0-634f3ed3fa3d","local_time":"20190112165023","is_ascension_mode":true,"campfire_choices":[{"data":"Bouncing Flask","floor":11,"key":"SMITH"},{"floor":13,"key":"REST"},{"data":"Sucker Punch","floor":15,"key":"SMITH"}],"neow_cost":"NONE","seed_source_timestamp":227141800781920,"circlet_count":0,"master_deck":["Defend_G","Defend_G","Defend_G","Defend_G","Defend_G","Strike_G","Strike_G","Strike_G","Survivor","Neutralize+1","Dagger Throw","Flying Knee","Bouncing Flask+1","Deflect","Adrenaline","Dagger Spray","Outmaneuver","Sucker Punch+1"],"relics":["Ring of the Snake","Bottled Flame","Ancient Tea Set","Sundial","MawBank"],"potions_floor_usage":[6,16],"damage_taken":[{"damage":0,"enemies":"Jaw Worm","floor":1,"turns":5},{"damage":0,"enemies":"Cultist","floor":2,"turns":3},{"damage":0,"enemies":"2 Louse","floor":3,"turns":2},{"damage":4,"enemies":"Exordium Wildlife","floor":4,"turns":4},{"damage":25,"enemies":"3 Sentries","floor":6,"turns":8},{"damage":0,"enemies":"2 Fungi Beasts","floor":8,"turns":3},{"damage":23,"enemies":"Gremlin Nob","floor":10,"turns":4},{"damage":12,"enemies":"Gremlin Gang","floor":12,"turns":4},{"damage":15,"enemies":"Lagavulin","floor":14,"turns":6},{"damage":17,"enemies":"Slime Boss","floor":16,"turns":5}],"seed_played":"-5279218027330875922","potions_obtained":[{"floor":4,"key":"SteroidPotion"},{"floor":8,"key":"PowerPotion"},{"floor":10,"key":"Energy Potion"},{"floor":12,"key":"Strength Potion"}],"is_trial":false,"path_per_floor":["M","M","M","M","$","E","?","M","T","E","R","M","R","E","R","B"],"character_chosen":"THE_SILENT","items_purchased":["Deflect"],"campfire_rested":1,"item_purchase_floors":[5],"current_hp_per_floor":[70,70,70,66,66,41,41,41,41,18,18,6,27,12,12,0],"gold":220,"neow_bonus":"UPGRADE_CARD","is_prod":false,"is_daily":false,"chose_seed":false,"campfire_upgraded":2,"win_rate":0,"timestamp":1547308223,"path_taken":["M","M","M","M","$","E","?","M","T","E","R","?","R","E","R","BOSS"],"build_version":"2019-01-10","purchased_purges":1,"victory":false,"max_hp_per_floor":[70,70,70,70,70,70,70,70,70,70,70,70,70,70,70,70],"card_choices":[{"not_picked":["Dodge and Roll","Bane"],"picked":"Dagger Throw","floor":1},{"not_picked":["Quick Slash","Reflex"],"picked":"Flying Knee","floor":2},{"not_picked":["Blade Dance","Dagger Throw","Caltrops"],"picked":"SKIP","floor":3},{"not_picked":["Dagger Spray","Noxious Fumes"],"picked":"Bouncing Flask","floor":4},{"not_picked":["Dagger Spray","Setup"],"picked":"Adrenaline","floor":6},{"not_picked":["Endless Agony","Quick Slash","Dagger Throw"],"picked":"SKIP","floor":8},{"not_picked":["Flying Knee","Expertise"],"picked":"Dagger Spray","floor":10},{"not_picked":["Slice","Flying Knee"],"picked":"Outmaneuver","floor":12},{"not_picked":["Blade Dance","Quick Slash"],"picked":"Sucker Punch","floor":14}],"player_experience":259331,"relics_obtained":[{"floor":6,"key":"Bottled Flame"},{"floor":9,"key":"Ancient Tea Set"},{"floor":10,"key":"Sundial"},{"floor":14,"key":"MawBank"}],"event_choices":[{"cards_removed":["Strike_G"],"damage_healed":0,"gold_gain":0,"player_choice":"Offered Basic","damage_taken":0,"max_hp_gain":0,"max_hp_loss":0,"event_name":"Bonfire Elementals","floor":7,"gold_loss":0}],"is_beta":false,"boss_relics":[],"items_purged_floors":[5],"is_endless":false,"potions_floor_spawned":[4,8,10,12],"killed_by":"Slime Boss","ascension_level":3}