{"gold_per_floor":[112,61,76,94,40,73,84,84,84,104,104,119,179,179,179,284,284,295,27,27,44,44,44,60,76,102,121,38,68,68,68,68,68],"floor_reached":33,"playtime":2953,"items_purged":["Strike_B"],"score":305,"play_id":"e83d878e-5909-4b9a-aee2-0c849cece937","local_time":"20190113055423","is_ascension_mode":true,"campfire_choices":[{"floor":8.0,"key":"REST"},{"data":"Barrage","floor":11.0,"key":"SMITH"},{"data":"Barrage","floor":15.0,"key":"SMITH"},{"data":"Streamline","floor":23.0,"key":"SMITH"},{"floor":32,"key":"REST"}],"neow_cost":"NONE","seed_source_timestamp":272547944531057,"circlet_count":0,"master_deck":["Strike_B","Strike_B","Defend_B","Defend_B","Defend_B","Defend_B","Zap","Dualcast","Cold Snap","Streamline+1","Beam Cell","Barrage+1","Barrage+1","Redo","Chill","Leap","Rebound","Seek","Cold Snap","Capacitor","Glacier","Cold Snap","Bandage Up","Self Repair+1","Glacier+1"],"special_seed":0,"relics":["FrozenCore","Lantern","Bag of Preparation","Odd Mushroom","Letter Opener","Frozen Eye","Blood Vial","Toxic Egg 2"],"potions_floor_usage":[33],"damage_taken":[{"damage":10.0,"enemies":"Small Slimes","floor":1.0,"turns":3.0},{"damage":1.0,"enemies":"2 Louse","floor":3.0,"turns":3.0},{"damage":0.0,"enemies":"Jaw Worm","floor":4.0,"turns":3.0},{"damage":21.0,"enemies":"3 Sentries","floor":6.0,"turns":7.0},{"damage":19.0,"enemies":"Exordium Wildlife","floor":7.0,"turns":4.0},{"damage":1.0,"enemies":"The Mushroom Lair","floor":10.0,"turns":3.0},{"damage":0.0,"enemies":"Gremlin Gang","floor":12.0,"turns":3.0},{"damage":8.0,"enemies":"3 Sentries","floor":13.0,"turns":6.0},{"damage":19.0,"enemies":"Hexaghost","floor":16.0,"turns":8.0},{"damage":3.0,"enemies":"Shell Parasite","floor":18.0,"turns":6.0},{"damage":18.0,"enemies":"Colosseum Slavers","floor":20.0,"turns":5.0},{"damage":11.0,"enemies":"Spheric Guardian","floor":21.0,"turns":6.0},{"damage":6.0,"enemies":"Centurion and Healer","floor":24.0,"turns":5.0},{"damage":9.0,"enemies":"Cultist and Chosen","floor":25.0,"turns":7.0},{"damage":12,"enemies":"Shelled Parasite and Fungi","floor":27,"turns":6},{"damage":20,"enemies":"Slavers","floor":29,"turns":9},{"damage":44,"enemies":"Automaton","floor":33,"turns":6}],"seed_played":"4564282862190027277","potions_obtained":[{"floor":1.0,"key":"EssenceOfSteel"},{"floor":4.0,"key":"FocusPotion"},{"floor":6.0,"key":"SpeedPotion"},{"floor":12.0,"key":"AttackPotion"},{"floor":21.0,"key":"SteroidPotion"},{"floor":29,"key":"AttackPotion"}],"is_trial":false,"path_per_floor":["M","$","M","M","$","E","M","R","T","?","R","M","?","?","R","B",null,"M","$","?","M","?","R","M","M","T","M","$","E","?","?","R","B"],"character_chosen":"DEFECT","items_purchased":["Streamline","Barrage","Frozen Eye","Bandage Up"],"campfire_rested":2,"item_purchase_floors":[2,5,19,28],"current_hp_per_floor":[65,65,64,64,64,43,24,46,46,45,45,45,37,37,37,18,75,72,72,54,43,43,43,37,28,28,18,18,4,4,4,26,0],"gold":68,"neow_bonus":"REMOVE_CARD","is_prod":false,"is_daily":false,"chose_seed":false,"campfire_upgraded":3,"win_rate":0,"timestamp":1547355263,"path_taken":["M","$","M","M","$","E","M","R","T","?","R","M","?","?","R","BOSS","M","$","?","M","?","R","M","M","T","?","?","E","?","?","R","BOSS"],"build_version":"2019-01-10","purchased_purges":1,"victory":false,"max_hp_per_floor":[75,75,75,75,75,75,75,75,75,75,75,75,75,75,75,75,75,75,75,75,75,75,75,75,75,75,75,75,75,75,75,75,75],"card_choices":[{"not_picked":["Steam Power","Hello World"],"picked":"Cold Snap","floor":1.0},{"not_picked":["Storm","Skim"],"picked":"Beam Cell","floor":3.0},{"not_picked":["Reprogram","Rip and Tear"],"picked":"Barrage","floor":4.0},{"not_picked":["Meteor Strike","Sweeping Beam"],"picked":"Redo","floor":6.0},{"not_picked":["FTL","Redo"],"picked":"Chill","floor":7.0},{"not_picked":["Stack","Redo"],"picked":"Leap","floor":12.0},{"not_picked":["Steam","Chaos"],"picked":"Rebound","floor":13.0},{"not_picked":["Buffer","Meteor Strike"],"picked":"Seek","floor":16.0},{"not_picked":["Stack+1","Auto Shields"],"picked":"Cold Snap","floor":18.0},{"not_picked":["Undo+1","Aggregate"],"picked":"Capacitor","floor":21.0},{"not_picked":["Rebound","Hello World"],"picked":"Glacier","floor":24.0},{"not_picked":["Go for the Eyes","Doom and Gloom","Steam"],"picked":"SKIP","floor":25.0},{"not_picked":["Beam Cell+1","Consume"],"picked":"Cold Snap","floor":27},{"not_picked":["Rebound+1","Barrage"],"picked":"Self Repair+1","floor":29}],"player_experience":266643,"relics_obtained":[{"floor":6.0,"key":"Lantern"},{"floor":9.0,"key":"Bag of Preparation"},{"floor":10.0,"key":"Odd Mushroom"},{"floor":26.0,"key":"Blood Vial"},{"floor":29,"key":"Toxic Egg 2"}],"event_choices":[{"damage_healed":0.0,"max_hp_gain":0.0,"max_hp_loss":0.0,"gold_gain":0.0,"event_name":"Mushrooms","player_choice":"Fought Mushrooms","floor":10.0,"gold_loss":0.0,"damage_taken":0.0},{"damage_healed":0.0,"max_hp_gain":0.0,"max_hp_loss":0.0,"gold_gain":0.0,"event_name":"Dead Adventurer","player_choice":"Searched \u00272\u0027 times","floor":13.0,"gold_loss":0.0,"damage_taken":0.0,"relics_obtained":["Letter Opener"]},{"damage_healed":0.0,"max_hp_gain":0.0,"max_hp_loss":0.0,"gold_gain":0.0,"event_name":"Shining Light","player_choice":"Ignored","floor":14.0,"gold_loss":0.0,"damage_taken":0.0},{"damage_healed":0.0,"max_hp_gain":0.0,"max_hp_loss":0.0,"gold_gain":0.0,"event_name":"Colosseum","player_choice":"Fight","floor":20.0,"gold_loss":0.0,"damage_taken":0.0},{"damage_healed":0.0,"max_hp_gain":0.0,"max_hp_loss":0.0,"gold_gain":0.0,"event_name":"Colosseum","player_choice":"Fled From Nobs","floor":20.0,"gold_loss":0.0,"damage_taken":0.0},{"damage_healed":0.0,"max_hp_gain":0.0,"max_hp_loss":0.0,"gold_gain":0.0,"event_name":"N\u0027loth","player_choice":"Ignored","floor":22.0,"gold_loss":0.0,"damage_taken":0.0},{"damage_healed":0,"gold_gain":0,"player_choice":"Ignored","damage_taken":0,"max_hp_gain":0,"max_hp_loss":0,"event_name":"Ghosts","floor":30,"gold_loss":0},{"damage_healed":0,"gold_gain":0,"player_choice":"Copied","damage_taken":0,"max_hp_gain":0,"max_hp_loss":0,"event_name":"Duplicator","floor":31,"gold_loss":0,"cards_obtained":["Glacier"]}],"is_beta":false,"boss_relics":[{"not_picked":["Velvet Choker","Astrolabe"],"picked":"FrozenCore"}],"items_purged_floors":[19],"is_endless":false,"potions_floor_spawned":[1,4,6,12,20,21,29],"killed_by":"Automaton","ascension_level":3}