{"gold_per_floor":[111,131,151,164,181,181,181,181,211,251,276,297,297,340,340,460,460,473,493,493,91,116,116],"floor_reached":23,"playtime":1762,"items_purged":["Strike_R"],"score":215,"play_id":"e7ce84cf-9e82-458b-9c97-91c7615ca791","local_time":"20190113171259","is_ascension_mode":true,"campfire_choices":[{"data":"True Grit","floor":6,"key":"SMITH"},{"data":"Juggernaut","floor":13,"key":"SMITH"},{"data":"Spot Weakness","floor":15,"key":"SMITH"}],"neow_cost":"NONE","seed_source_timestamp":314868358422831,"circlet_count":0,"master_deck":["Strike_R","Strike_R","Strike_R","Defend_R","Defend_R","Defend_R","Defend_R","Bash+1","Pommel Strike","Spot Weakness+1","Juggernaut+1","True Grit+1","Flame Barrier","Iron Wave","Juggernaut","Demon Form","Iron Wave","Double Tap","Dark Embrace"],"relics":["Black Blood","Golden Idol","Tiny Chest","Orichalcum","Bottled Lightning","CultistMask","HandDrill"],"potions_floor_usage":[10,16,22],"damage_taken":[{"damage":1,"enemies":"Cultist","floor":1,"turns":3},{"damage":9,"enemies":"2 Louse","floor":2,"turns":2},{"damage":1,"enemies":"Jaw Worm","floor":3,"turns":5},{"damage":14,"enemies":"Large Slime","floor":4,"turns":7},{"damage":13,"enemies":"Red Slaver","floor":5,"turns":2},{"damage":30,"enemies":"3 Sentries","floor":10,"turns":11},{"damage":10,"enemies":"Blue Slaver","floor":11,"turns":4},{"damage":9,"enemies":"Exordium Wildlife","floor":12,"turns":5},{"damage":7,"enemies":"Lagavulin","floor":14,"turns":8},{"damage":15,"enemies":"Hexaghost","floor":16,"turns":8},{"damage":47,"enemies":"Spheric Guardian","floor":18,"turns":8},{"damage":10,"enemies":"Chosen","floor":19,"turns":5},{"damage":30,"enemies":"Centurion and Healer","floor":22,"turns":7},{"damage":20,"enemies":"Slavers","floor":23,"turns":1}],"seed_played":"31584519560732420","potions_obtained":[{"floor":3,"key":"Regen Potion"},{"floor":11,"key":"Energy Potion"},{"floor":12,"key":"Block Potion"},{"floor":14,"key":"Energy Potion"},{"floor":16,"key":"SteroidPotion"},{"floor":19,"key":"EssenceOfSteel"}],"is_trial":false,"path_per_floor":["M","M","M","M","M","R","?","?","T","E","M","M","R","E","R","B",null,"M","M","?","$","M","E"],"character_chosen":"IRONCLAD","items_purchased":["HandDrill","Iron Wave","Double Tap"],"campfire_rested":0,"item_purchase_floors":[21,21,21],"current_hp_per_floor":[80,77,80,72,65,65,65,65,65,56,52,49,49,48,48,39,74,37,37,37,37,17,0],"gold":116,"neow_bonus":"UPGRADE_CARD","is_prod":false,"is_daily":false,"chose_seed":false,"campfire_upgraded":3,"win_rate":0,"timestamp":1547395979,"path_taken":["M","M","M","M","?","R","?","?","T","E","M","?","R","E","R","BOSS","M","M","?","$","?","E"],"build_version":"2019-01-10","purchased_purges":1,"victory":false,"max_hp_per_floor":[80,80,80,80,80,80,74,74,74,74,74,74,74,74,74,74,74,74,74,74,74,74,74],"card_choices":[{"not_picked":["Anger","Corruption"],"picked":"Pommel Strike","floor":1},{"not_picked":["Havoc","Second Wind","Clothesline"],"picked":"SKIP","floor":2},{"not_picked":["Flex","Sever Soul"],"picked":"Spot Weakness","floor":3},{"not_picked":["Headbutt","Perfected Strike"],"picked":"Juggernaut","floor":4},{"not_picked":["Combust","Armaments"],"picked":"True Grit","floor":5},{"not_picked":["Anger","Uppercut"],"picked":"Flame Barrier","floor":10},{"not_picked":["Rampage","Offering"],"picked":"Iron Wave","floor":11},{"not_picked":["Thunderclap","Hemokinesis","Warcry"],"picked":"SKIP","floor":12},{"not_picked":["Exhume","Iron Wave"],"picked":"Juggernaut","floor":14},{"not_picked":["Reaper","Immolate"],"picked":"Demon Form","floor":16},{"not_picked":["Clash","Rupture+1","Flex+1"],"picked":"SKIP","floor":18},{"not_picked":["Clash","Sentinel","Flex"],"picked":"SKIP","floor":19},{"not_picked":["Clash","Cleave"],"picked":"Dark Embrace","floor":22}],"player_experience":275237,"relics_obtained":[{"floor":9,"key":"Tiny Chest"},{"floor":10,"key":"Orichalcum"},{"floor":14,"key":"Bottled Lightning"}],"event_choices":[{"damage_healed":0,"gold_gain":0,"player_choice":"Lose Max HP","damage_taken":0,"relics_obtained":["Golden Idol"],"max_hp_gain":0,"max_hp_loss":6,"event_name":"Golden Idol","floor":7,"gold_loss":0},{"cards_removed":["Strike_R"],"damage_healed":0,"gold_gain":0,"player_choice":"Forget","damage_taken":0,"max_hp_gain":0,"max_hp_loss":0,"event_name":"Living Wall","floor":8,"gold_loss":0},{"damage_healed":0,"gold_gain":0,"player_choice":"Trade","damage_taken":0,"relics_obtained":["CultistMask"],"max_hp_gain":0,"max_hp_loss":0,"event_name":"FaceTrader","floor":20,"gold_loss":0}],"is_beta":false,"boss_relics":[{"not_picked":["Lizard Tail","White Beast Statue"],"picked":"Black Blood"}],"items_purged_floors":[21],"is_endless":false,"potions_floor_spawned":[3,11,12,14,16,19],"killed_by":"Slavers","ascension_level":1}