{"gold_per_floor":[214,214,93,93,103,103,103,122,175,175,49,68,18,50,50,154,154,170,183,201,116,130,130,82,112,135,135,135,135,146,174,174,270,270,285,302,302,577,577,603,603,631,631,631,291,322,338,108,108,108],"floor_reached":50,"playtime":4884,"items_purged":["Strike_G","Strike_G"],"score":762,"play_id":"5ec8d2f2-489d-4d17-ae9f-87e26c9db305","local_time":"20190203204403","is_ascension_mode":true,"campfire_choices":[{"data":"Neutralize","floor":6.0,"key":"SMITH"},{"data":"Envenom","floor":10.0,"key":"SMITH"},{"floor":15.0,"key":"REST"},{"floor":23.0,"key":"REST"},{"floor":29.0,"key":"REST"},{"floor":32.0,"key":"REST"},{"data":"Well Laid Plans","floor":41.0,"key":"SMITH"},{"floor":44.0,"key":"REST"},{"floor":49.0,"key":"REST"}],"neow_cost":"NONE","seed_source_timestamp":0,"circlet_count":0,"master_deck":["Defend_G","Defend_G","Defend_G","Defend_G","Survivor","Neutralize+1","Flying Knee","Quick Slash","Dagger Throw","Poisoned Stab","Quick Slash","Envenom+1","Noxious Fumes","Sucker Punch","Dodge and Roll","Crippling Poison","Malaise","Backflip+1","Prepared+1","Well Laid Plans+1","Noxious Fumes+1","Leg Sweep","Cloak And Dagger","Wraith Form v2","Skewer","Mayhem","Acrobatics","Catalyst"],"special_seed":0,"relics":["Ring of the Snake","Prayer Wheel","Snake Skull","Juzu Bracelet","Velvet Choker","PreservedInsect","Blue Candle","Omamori","Enchiridion","Ice Cream","Busted Crown","Lantern","FossilizedHelix","Pen Nib","Ninja Scroll","Bag of Marbles"],"potions_floor_usage":[50],"damage_taken":[{"damage":10.0,"enemies":"Cultist","floor":1.0,"turns":6.0},{"damage":0.0,"enemies":"2 Louse","floor":5.0,"turns":2.0},{"damage":0.0,"enemies":"Jaw Worm","floor":8.0,"turns":3.0},{"damage":2.0,"enemies":"3 Louse","floor":12.0,"turns":3.0},{"damage":12.0,"enemies":"Lagavulin","floor":14.0,"turns":7.0},{"damage":44.0,"enemies":"Slime Boss","floor":16.0,"turns":12.0},{"damage":6.0,"enemies":"3 Byrds","floor":18.0,"turns":3.0},{"damage":13.0,"enemies":"Spheric Guardian","floor":19.0,"turns":5.0},{"damage":8.0,"enemies":"Chosen and Byrds","floor":20.0,"turns":5.0},{"damage":15.0,"enemies":"Shelled Parasite and Fungi","floor":22.0,"turns":6.0},{"damage":15.0,"enemies":"Gremlin Leader","floor":25.0,"turns":5.0},{"damage":0.0,"enemies":"3 Cultists","floor":30.0,"turns":5.0},{"damage":28.0,"enemies":"Slavers","floor":31.0,"turns":5.0},{"damage":25.0,"enemies":"Collector","floor":33.0,"turns":10.0},{"damage":0.0,"enemies":"Orb Walker","floor":35.0,"turns":4.0},{"damage":2.0,"enemies":"3 Darklings","floor":36.0,"turns":4.0},{"damage":20.0,"enemies":"Giant Head","floor":40.0,"turns":7.0},{"damage":32.0,"enemies":"Reptomancer","floor":42.0,"turns":6.0},{"damage":0.0,"enemies":"Nemesis","floor":46.0,"turns":5.0},{"damage":28.0,"enemies":"Writhing Mass","floor":47.0,"turns":5.0},{"damage":51,"enemies":"Time Eater","floor":50,"turns":10}],"seed_played":"-2511160333103620015","potions_obtained":[{"floor":14.0,"key":"Block Potion"},{"floor":19.0,"key":"Poison Potion"},{"floor":25.0,"key":"SteroidPotion"},{"floor":31.0,"key":"Strength Potion"},{"floor":33.0,"key":"Block Potion"},{"floor":40.0,"key":"Energy Potion"},{"floor":42.0,"key":"Regen Potion"}],"is_trial":false,"path_per_floor":["M","?","$","?","M","R","?","M","T","R","$","M","?","E","R","B",null,"M","M","M","?","M","R","$","E","T","?","?","R","M","E","R","B",null,"M","M","$","?","?","E","R","E","T","R","$","E","M","$","R","B"],"character_chosen":"THE_SILENT","items_purchased":["Quick Slash","Sucker Punch","Cloak And Dagger","Mayhem","Pen Nib","Catalyst","Bag of Marbles"],"campfire_rested":6,"item_purchase_floors":[3,11,24,45,45,48,48],"current_hp_per_floor":[60,42,42,42,42,42,42,42,42,42,42,40,40,28,49,5,70,64,51,43,43,28,49,49,34,34,34,18,39,39,11,32,7,70,70,68,68,68,68,48,48,16,16,37,37,52,24,24,45,0],"gold":108,"neow_bonus":"HUNDRED_GOLD","is_prod":false,"is_daily":false,"chose_seed":false,"campfire_upgraded":3,"win_rate":0,"timestamp":1549223043,"path_taken":["M","?","$","?","?","R","?","M","T","R","$","M","?","E","R","BOSS","M","M","M","?","M","R","$","E","T","?","?","R","M","E","R","BOSS","M","M","$","?","?","E","R","E","T","R","?","E","M","$","R","BOSS"],"build_version":"2019-01-23","purchased_purges":2,"victory":false,"max_hp_per_floor":[70,70,70,70,70,70,70,70,70,70,70,70,70,70,70,70,70,70,70,70,70,70,70,70,70,70,70,70,70,70,70,70,70,70,70,70,70,70,70,70,70,70,70,70,70,70,70,70,70,70],"card_choices":[{"not_picked":["Underhanded Strike","Eviscerate"],"picked":"Flying Knee","floor":1.0},{"not_picked":["Heel Hook","Slice"],"picked":"Dagger Throw","floor":5.0},{"not_picked":["Prepared","Underhanded Strike"],"picked":"Poisoned Stab","floor":5.0},{"not_picked":["Blur","Slice"],"picked":"Envenom","floor":8.0},{"not_picked":["Flying Knee","Concentrate"],"picked":"Noxious Fumes","floor":8.0},{"not_picked":["Accuracy","Deflect"],"picked":"Dodge and Roll","floor":12.0},{"not_picked":["Flechettes","Blade Dance"],"picked":"Crippling Poison","floor":12.0},{"not_picked":["Choke","Accuracy","Poisoned Stab"],"picked":"SKIP","floor":14.0},{"not_picked":["Tools of the Trade","Adrenaline"],"picked":"Malaise","floor":16.0},{"not_picked":["Blade Dance","Poisoned Stab+1"],"picked":"Backflip+1","floor":18.0},{"not_picked":["Sucker Punch","Dagger Throw+1","Slice"],"picked":"SKIP","floor":18.0},{"not_picked":["Noxious Fumes","Predator"],"picked":"Prepared+1","floor":19.0},{"not_picked":["Escape Plan","Dagger Throw+1"],"picked":"Well Laid Plans","floor":19.0},{"not_picked":["Expertise","Crippling Poison"],"picked":"Noxious Fumes+1","floor":20.0},{"not_picked":["Deadly Poison","Blade Dance+1","Envenom"],"picked":"SKIP","floor":20.0},{"not_picked":["Riddle With Holes","Quick Slash"],"picked":"Leg Sweep","floor":22.0},{"not_picked":["Slice","Bane+1","Accuracy"],"picked":"SKIP","floor":22.0},{"not_picked":["Flying Knee","Outmaneuver","Poisoned Stab"],"picked":"SKIP","floor":25.0},{"not_picked":["Bane","Cloak And Dagger","Blade Dance"],"picked":"SKIP","floor":30.0},{"not_picked":["Deadly Poison","Prepared","Blade Dance"],"picked":"SKIP","floor":30.0},{"not_picked":["Storm of Steel","Slice","Calculated Gamble"],"picked":"SKIP","floor":31.0},{"not_picked":["Die Die Die","Adrenaline"],"picked":"Wraith Form v2","floor":33.0},{"not_picked":["Finisher+1"],"picked":"SKIP","floor":35.0},{"not_picked":["Sucker Punch+1"],"picked":"SKIP","floor":35.0},{"not_picked":["Dagger Spray"],"picked":"SKIP","floor":36.0},{"not_picked":["Choke+1"],"picked":"SKIP","floor":36.0},{"not_picked":["Storm of Steel"],"picked":"SKIP","floor":40.0},{"not_picked":[],"picked":"Skewer","floor":42.0},{"not_picked":[],"picked":"Acrobatics","floor":46.0},{"not_picked":["Deflect+1"],"picked":"SKIP","floor":47.0},{"not_picked":["Escape Plan"],"picked":"SKIP","floor":47.0}],"player_experience":306974,"relics_obtained":[{"floor":9.0,"key":"Snake Skull"},{"floor":14.0,"key":"Juzu Bracelet"},{"floor":25.0,"key":"Blue Candle"},{"floor":26.0,"key":"Omamori"},{"floor":28.0,"key":"Enchiridion"},{"floor":31.0,"key":"Ice Cream"},{"floor":40.0,"key":"Lantern"},{"floor":42.0,"key":"FossilizedHelix"},{"floor":46.0,"key":"Ninja Scroll"}],"event_choices":[{"damage_healed":0.0,"max_hp_gain":0.0,"max_hp_loss":0.0,"gold_gain":0.0,"event_name":"Scrap Ooze","player_choice":"Success","floor":2.0,"gold_loss":0.0,"damage_taken":18.0,"relics_obtained":["Prayer Wheel"]},{"cards_removed":["Strike_G"],"damage_healed":0.0,"max_hp_gain":0.0,"max_hp_loss":0.0,"gold_gain":0.0,"event_name":"Wheel of Change","player_choice":"Card Removal","floor":4.0,"gold_loss":0.0,"damage_taken":0.0},{"damage_healed":0.0,"max_hp_gain":0.0,"max_hp_loss":0.0,"gold_gain":0.0,"cards_transformed":["Strike_G"],"event_name":"Living Wall","player_choice":"Change","floor":7.0,"gold_loss":0.0,"damage_taken":0.0,"cards_obtained":["Quick Slash"]},{"cards_removed":["Strike_G"],"damage_healed":0.0,"max_hp_gain":0.0,"max_hp_loss":0.0,"gold_gain":0.0,"event_name":"The Cleric","player_choice":"Card Removal","floor":13.0,"gold_loss":50.0,"damage_taken":0.0},{"damage_healed":0.0,"max_hp_gain":0.0,"max_hp_loss":0.0,"gold_gain":0.0,"event_name":"Addict","player_choice":"Obtained Relic","floor":21.0,"gold_loss":85.0,"damage_taken":0.0,"relics_obtained":["PreservedInsect"]},{"damage_healed":0.0,"max_hp_gain":0.0,"max_hp_loss":0.0,"gold_gain":0.0,"event_name":"Vampires","player_choice":"Ignored","floor":27.0,"gold_loss":0.0,"damage_taken":0.0},{"damage_healed":0.0,"max_hp_gain":0.0,"max_hp_loss":0.0,"gold_gain":0.0,"event_name":"Cursed Tome","player_choice":"Obtained Book","floor":28.0,"gold_loss":0.0,"damage_taken":16.0},{"damage_healed":0.0,"max_hp_gain":0.0,"max_hp_loss":0.0,"gold_gain":275.0,"event_name":"Golden Shrine","player_choice":"Desecrate","floor":38.0,"gold_loss":0.0,"damage_taken":0.0,"cards_obtained":["Regret"]},{"cards_removed":["Defend_G"],"damage_healed":0.0,"max_hp_gain":0.0,"max_hp_loss":0.0,"gold_gain":0.0,"event_name":"Bonfire Elementals","player_choice":"Offered Basic","floor":39.0,"gold_loss":0.0,"damage_taken":0.0}],"is_beta":false,"boss_relics":[{"not_picked":["Ring of the Serpent","Ectoplasm"],"picked":"Velvet Choker"},{"not_picked":["Lizard Tail","WristBlade"],"picked":"Busted Crown"}],"items_purged_floors":[3,11],"is_endless":false,"potions_floor_spawned":[14,19,25,31,33,40,42],"killed_by":"Time Eater","ascension_level":4}