{"gold_per_floor":[109,284,296,307,12,12,12,44,44,44,70,70,102,119,119,221,221,236,251,3,33,44,44,69,69,69,18,33,60,70,80,80,182,182,199,13,13,13,26,26,46,46,95,95,109,109,121,136,136,136],"floor_reached":50,"playtime":7174,"items_purged":["Strike_R"],"score":602,"play_id":"01e33060-f3f6-491d-8cf9-059bbe1d181d","local_time":"20180916020005","is_ascension_mode":true,"campfire_choices":[{"data":"Barricade","floor":6.0,"key":"SMITH"},{"floor":12.0,"key":"REST"},{"floor":15.0,"key":"REST"},{"data":"Iron Wave","floor":23,"key":"SMITH"},{"floor":32,"key":"REST"},{"data":"Disarm","floor":40,"key":"SMITH"},{"data":"Defend_R","floor":42,"key":"SMITH"},{"data":"Body Slam","floor":44,"key":"SMITH"},{"data":"Pommel Strike","floor":49,"key":"SMITH"}],"neow_cost":"NONE","seed_source_timestamp":76941848620613,"circlet_count":0,"master_deck":["Strike_R+1","Strike_R","Strike_R","Strike_R","Defend_R+1","Defend_R","Defend_R","Defend_R","Bash","Barricade+1","Pummel","Body Slam+1","Disarm+1","Flex","Pummel","Iron Wave+1","Combust+1","Shockwave+1","Demon Form+1","Rupture+1","Dropkick+1","Heavy Blade+1","Metallicize+1","Sword Boomerang+1","Carnage","Armaments+1","Bloodletting+1","Flame Barrier+1","Pommel Strike+1","Seeing Red+1","Demon Form+1","True Grit+1","Fire Breathing+1","Double Tap+1","Infernal Blade+1","Metallicize+1","Rupture+1","Bludgeon","Discovery+1","Pommel Strike+1","Pummel+1"],"special_seed":0,"relics":["Burning Blood","Self Forming Clay","Bronze Scales","Toxic Egg 2","Red Skull","Centennial Puzzle","Frozen Egg 2","Runic Dome","Whetstone","Red Mask","Lantern","Matryoshka","Gremlin Horn","Coffee Dripper","Turnip","Paper Frog","Potion Belt","Art of War"],"potions_floor_usage":[22,33,33,47,50],"damage_taken":[{"damage":8.0,"enemies":"Jaw Worm","floor":1.0,"turns":4.0},{"damage":0.0,"enemies":"2 Louse","floor":3.0,"turns":3.0},{"damage":4.0,"enemies":"Small Slimes","floor":4.0,"turns":4.0},{"damage":33.0,"enemies":"Gremlin Nob","floor":8.0,"turns":6.0},{"damage":32.0,"enemies":"3 Sentries","floor":11.0,"turns":6.0},{"damage":11.0,"enemies":"Lagavulin","floor":13.0,"turns":10.0},{"damage":2.0,"enemies":"Exordium Wildlife","floor":14.0,"turns":3.0},{"damage":24.0,"enemies":"The Guardian","floor":16.0,"turns":11.0},{"damage":3.0,"enemies":"3 Byrds","floor":18.0,"turns":2.0},{"damage":7.0,"enemies":"Chosen","floor":19.0,"turns":3.0},{"damage":18,"enemies":"Masked Bandits","floor":21,"turns":3},{"damage":19,"enemies":"3 Cultists","floor":22,"turns":4},{"damage":22,"enemies":"Book of Stabbing","floor":24,"turns":4},{"damage":8,"enemies":"Sentry and Sphere","floor":28,"turns":4},{"damage":29,"enemies":"Slavers","floor":29,"turns":4},{"damage":18,"enemies":"Snake Plant","floor":30,"turns":2},{"damage":4,"enemies":"Shelled Parasite and Fungi","floor":31,"turns":3},{"damage":18,"enemies":"Collector","floor":33,"turns":5},{"damage":15,"enemies":"3 Shapes","floor":35,"turns":3},{"damage":22,"enemies":"Mind Bloom Boss Battle","floor":37,"turns":7},{"damage":22,"enemies":"3 Darklings","floor":39,"turns":3},{"damage":0,"enemies":"Maw","floor":41,"turns":5},{"damage":24,"enemies":"4 Shapes","floor":45,"turns":3},{"damage":8,"enemies":"Reptomancer","floor":47,"turns":4},{"damage":8,"enemies":"Sphere and 2 Shapes","floor":48,"turns":2},{"damage":47,"enemies":"Awakened One","floor":50,"turns":3}],"seed_played":"-6093561877990867392","potions_obtained":[{"floor":3.0,"key":"AttackPotion"},{"floor":11.0,"key":"PowerPotion"},{"floor":13.0,"key":"Swift Potion"},{"floor":14.0,"key":"Poison Potion"},{"floor":16.0,"key":"GamblersBrew"},{"floor":19.0,"key":"PowerPotion"},{"floor":30,"key":"PowerPotion"},{"floor":35,"key":"Regen Potion"},{"floor":37,"key":"Block Potion"}],"is_trial":false,"path_per_floor":["M","?","M","M","$","R","T","E","T","?","E","R","E","M","R","B",null,"M","M","$","?","M","R","E","?","T","$","M","E","M","M","R","B",null,"M","$","?","?","M","R","M","R","T","R","M","?","M","M","R"],"character_chosen":"IRONCLAD","items_purchased":["Self Forming Clay","Flex","Heavy Blade","Whetstone","Armaments+1","Fire Breathing+1","Double Tap+1"],"campfire_rested":3,"item_purchase_floors":[5,5,20,20,27,36,36],"current_hp_per_floor":[78,78,80,80,80,80,80,53,53,53,27,51,46,50,74,56,80,80,79,79,67,54,54,38,64,64,64,62,39,27,29,53,41,80,71,71,55,55,39,39,45,45,45,45,27,27,48,46,46,0],"gold":136,"neow_bonus":"ONE_RANDOM_RARE_CARD","is_prod":false,"is_daily":false,"chose_seed":false,"campfire_upgraded":6,"win_rate":0,"timestamp":1537077605,"path_taken":["M","?","M","M","$","R","?","E","T","?","E","R","E","M","R","BOSS","M","?","$","?","M","R","E","?","T","$","M","E","M","M","R","BOSS","M","$","?","?","M","R","M","R","T","R","M","?","M","M","R","BOSS"],"build_version":"2018-09-06","purchased_purges":1,"victory":false,"max_hp_per_floor":[80,80,80,80,80,80,80,80,80,80,80,80,80,80,80,80,80,80,80,80,80,80,80,80,80,80,80,80,80,80,80,80,80,80,80,80,80,80,80,80,80,80,80,80,80,80,80,80,80,80],"card_choices":[{"not_picked":["Havoc","True Grit"],"picked":"Pummel","floor":1.0},{"not_picked":["Wild Strike","Cleave"],"picked":"Body Slam","floor":3.0},{"not_picked":["Dropkick","Second Wind"],"picked":"Disarm","floor":4.0},{"not_picked":["Evolve","Sever Soul"],"picked":"Pummel","floor":8.0},{"not_picked":["Cleave","Clothesline"],"picked":"Iron Wave","floor":11.0},{"not_picked":["Rupture","Twin Strike"],"picked":"Combust","floor":13.0},{"not_picked":["Perfected Strike","Sword Boomerang"],"picked":"Shockwave+1","floor":14.0},{"not_picked":["Double Tap+1","Berserk+1"],"picked":"Demon Form+1","floor":16.0},{"not_picked":["Pommel Strike+1","Headbutt"],"picked":"Rupture+1","floor":18.0},{"not_picked":["Havoc+1","Clothesline+1"],"picked":"Dropkick+1","floor":19.0},{"not_picked":["Flame Barrier+1","Power Through+1"],"picked":"Metallicize+1","floor":21},{"not_picked":["Flex+1","Searing Blow"],"picked":"Sword Boomerang+1","floor":22},{"not_picked":["Hemokinesis","Uppercut"],"picked":"Carnage","floor":24},{"not_picked":["Heavy Blade","Flex+1"],"picked":"Bloodletting+1","floor":28},{"not_picked":["Dark Embrace+1","Pommel Strike+1"],"picked":"Flame Barrier+1","floor":29},{"not_picked":["Thunderclap","Intimidate+1"],"picked":"Pommel Strike","floor":30},{"not_picked":["Shockwave+1","Power Through+1"],"picked":"Seeing Red+1","floor":31},{"not_picked":["Berserk+1","Immolate"],"picked":"Demon Form+1","floor":33},{"not_picked":["Clothesline+1","Headbutt"],"picked":"True Grit+1","floor":35},{"not_picked":["Headbutt+1","Anger+1"],"picked":"Infernal Blade+1","floor":37},{"not_picked":["Hemokinesis+1","Reckless Charge"],"picked":"Metallicize+1","floor":39},{"not_picked":["Anger","Thunderclap+1"],"picked":"Rupture+1","floor":41},{"not_picked":["Bloodletting+1","Pommel Strike"],"picked":"Bludgeon","floor":45},{"not_picked":["Secret Technique+1","Bandage Up+1"],"picked":"Discovery+1","floor":46},{"not_picked":["Clothesline+1","Armaments+1"],"picked":"Pommel Strike+1","floor":47},{"not_picked":["Blood for Blood+1","Warcry+1"],"picked":"Pummel+1","floor":48}],"player_experience":382899,"relics_obtained":[{"floor":7.0,"key":"Bronze Scales"},{"floor":8.0,"key":"Toxic Egg 2"},{"floor":9.0,"key":"Red Skull"},{"floor":11.0,"key":"Centennial Puzzle"},{"floor":13.0,"key":"Frozen Egg 2"},{"floor":21,"key":"Red Mask"},{"floor":24,"key":"Lantern"},{"floor":26,"key":"Matryoshka"},{"floor":29,"key":"Gremlin Horn"},{"floor":37,"key":"Turnip"},{"floor":43,"key":"Potion Belt"},{"floor":43,"key":"Art of War"}],"event_choices":[{"event_name":"Liars Game","player_choice":"agreed","floor":2.0,"damage_taken":0.0},{"event_name":"Living Wall","player_choice":"Forget","floor":10.0,"damage_taken":0.0},{"event_name":"Masked Bandits","player_choice":"Fought Bandits","floor":21,"damage_taken":0},{"event_name":"The Library","player_choice":"Heal","floor":25,"damage_taken":0},{"event_name":"MindBloom","player_choice":"Fight","floor":37,"damage_taken":0},{"event_name":"WeMeetAgain","player_choice":"Potion","floor":38,"damage_taken":0},{"event_name":"SensoryStone","player_choice":"Memory 1","floor":46,"damage_taken":0}],"is_beta":false,"boss_relics":[{"not_picked":["Orrery","Black Star"],"picked":"Runic Dome"},{"not_picked":["Pandora\u0027s Box","Philosopher\u0027s Stone"],"picked":"Coffee Dripper"}],"items_purged_floors":[20],"is_endless":false,"potions_floor_spawned":[3,11,13,14,16,18,19,21,30,31,35,37],"killed_by":"Awakened One","ascension_level":3}