{"gold_per_floor":[113,113,125,125,145,145,145,145,175,175,200,53,68,86,86,179,179,198,216,239,239],"floor_reached":21,"playtime":2846,"items_purged":["Defend_G"],"score":285,"play_id":"d474e63c-a24f-4753-93d7-b32211ba8eeb","local_time":"20181116224258","is_ascension_mode":true,"campfire_choices":[{"data":"Neutralize","floor":6,"key":"SMITH"},{"floor":8,"key":"REST"},{"floor":15,"key":"REST"}],"neow_cost":"TEN_PERCENT_HP_LOSS","seed_source_timestamp":172088478023186,"circlet_count":0,"master_deck":["AscendersBane","Defend_G","Defend_G","Defend_G","Defend_G","Strike_G","Strike_G","Strike_G","Strike_G","Strike_G","Survivor","Neutralize+1","A Thousand Cuts+1","Quick Slash","Backflip","Backflip","Well Laid Plans","Terror","Bouncing Flask","Bullet Time","Blur","Sucker Punch+1","Die Die Die"],"relics":["Ring of the Snake","Golden Idol","Tiny Chest","Black Star"],"potions_floor_usage":[16,19],"damage_taken":[{"damage":11,"enemies":"Jaw Worm","floor":1,"turns":5},{"damage":6,"enemies":"Small Slimes","floor":3,"turns":3},{"damage":1,"enemies":"Cultist","floor":5,"turns":4},{"damage":31,"enemies":"Gremlin Gang","floor":11,"turns":5},{"damage":7,"enemies":"Blue Slaver","floor":13,"turns":4},{"damage":7,"enemies":"Looter","floor":14,"turns":4},{"damage":25,"enemies":"Slime Boss","floor":16,"turns":10},{"damage":14,"enemies":"Chosen","floor":18,"turns":6},{"damage":22,"enemies":"Shell Parasite","floor":19,"turns":6},{"damage":3,"enemies":"Snecko","floor":20,"turns":4},{"damage":13,"enemies":"Centurion and Healer","floor":21,"turns":4}],"seed_played":"-8016181053728487355","potions_obtained":[{"floor":3,"key":"Ancient Potion"},{"floor":5,"key":"Fire Potion"},{"floor":16,"key":"EssenceOfSteel"},{"floor":19,"key":"FearPotion"},{"floor":20,"key":"Strength Potion"}],"is_trial":false,"path_per_floor":["M","?","M","?","M","R","?","R","T","?","M","$","M","M","R","B",null,"M","M","M","M"],"character_chosen":"THE_SILENT","items_purchased":["Terror"],"campfire_rested":2,"item_purchase_floors":[12],"current_hp_per_floor":[52,52,46,51,50,50,33,53,53,53,22,22,15,8,28,3,52,38,16,13,0],"gold":239,"neow_bonus":"THREE_RARE_CARDS","is_prod":false,"is_daily":false,"chose_seed":false,"campfire_upgraded":1,"win_rate":0,"timestamp":1542426178,"path_taken":["M","?","M","?","?","R","?","R","T","?","M","$","M","M","R","BOSS","M","M","M","M"],"build_version":"2018-11-15","purchased_purges":1,"victory":false,"max_hp_per_floor":[63,63,63,68,68,68,68,68,68,68,68,68,68,68,68,68,68,68,68,68,68],"card_choices":[{"not_picked":["Die Die Die","Doppelganger"],"picked":"A Thousand Cuts","floor":0},{"not_picked":["Flying Knee","Dagger Spray"],"picked":"Quick Slash","floor":1},{"not_picked":["Infinite Blades","Concentrate"],"picked":"Backflip","floor":3},{"not_picked":["Sucker Punch","Quick Slash"],"picked":"Backflip","floor":5},{"not_picked":["Dodge and Roll","Bullet Time"],"picked":"Well Laid Plans","floor":11},{"not_picked":["Calculated Gamble","Flying Knee"],"picked":"Bouncing Flask","floor":13},{"not_picked":["Bane","Prepared","Outmaneuver"],"picked":"SKIP","floor":14},{"not_picked":["Grand Finale","Wraith Form v2"],"picked":"Bullet Time","floor":16},{"not_picked":["Deflect","Infinite Blades"],"picked":"Blur","floor":18},{"not_picked":["Prepared","Terror"],"picked":"Sucker Punch+1","floor":19},{"not_picked":["Flying Knee","Eviscerate"],"picked":"Die Die Die","floor":20}],"player_experience":765322,"relics_obtained":[{"floor":9,"key":"Tiny Chest"}],"event_choices":[{"damage_healed":0,"gold_gain":0,"player_choice":"Grow","damage_taken":0,"max_hp_gain":0,"max_hp_loss":0,"event_name":"Living Wall","floor":2,"gold_loss":0,"cards_upgraded":["A Thousand Cuts"]},{"damage_healed":0,"gold_gain":0,"player_choice":"Donut","damage_taken":0,"max_hp_gain":5,"max_hp_loss":0,"event_name":"Big Fish","floor":4,"gold_loss":0},{"damage_healed":0,"gold_gain":0,"player_choice":"Take Damage","damage_taken":17,"relics_obtained":["Golden Idol"],"max_hp_gain":0,"max_hp_loss":0,"event_name":"Golden Idol","floor":7,"gold_loss":0},{"damage_healed":0,"gold_gain":0,"player_choice":"Bought 0 Potions","damage_taken":0,"max_hp_gain":0,"max_hp_loss":0,"event_name":"The Woman in Blue","floor":10,"gold_loss":0}],"is_beta":false,"boss_relics":[{"not_picked":["Empty Cage","Calling Bell"],"picked":"Black Star"}],"items_purged_floors":[12],"is_endless":false,"potions_floor_spawned":[3,5,11,16,19,20],"killed_by":"Centurion and Healer","ascension_level":13}