{"gold_per_floor":[116,127,144,144,144,144,163,163,217,242,242,258,258,258,258,258],"floor_reached":16,"playtime":1143,"items_purged":[],"score":229,"play_id":"75a48758-ded0-419f-b1e9-62224dbc7711","local_time":"20190204000004","is_ascension_mode":true,"campfire_choices":[{"floor":6,"key":"REST"},{"floor":11,"key":"REST"},{"floor":15,"key":"REST"}],"neow_cost":"PERCENT_DAMAGE","seed_source_timestamp":95457348023579,"circlet_count":0,"master_deck":["AscendersBane","Strike_B","Strike_B","Strike_B","Defend_B+1","Defend_B","Defend_B","Defend_B","Zap","Dualcast","BootSequence","BootSequence+1","Conserve Battery","Chill","Conserve Battery","Go for the Eyes"],"relics":["Cracked Core","Tiny Chest","Centennial Puzzle"],"potions_floor_usage":[8,16],"damage_taken":[{"damage":9,"enemies":"Jaw Worm","floor":1,"turns":3},{"damage":2,"enemies":"2 Louse","floor":2,"turns":3},{"damage":0,"enemies":"Small Slimes","floor":3,"turns":3},{"damage":8,"enemies":"3 Louse","floor":7,"turns":4},{"damage":0,"enemies":"Gremlin Nob","floor":8,"turns":2},{"damage":8,"enemies":"3 Sentries","floor":10,"turns":14},{"damage":30,"enemies":"Gremlin Gang","floor":12,"turns":7},{"damage":60,"enemies":"Slime Boss","floor":16,"turns":13}],"seed_played":"-402076084183974360","potions_obtained":[{"floor":3,"key":"SmokeBomb"},{"floor":7,"key":"EssenceOfSteel"},{"floor":12,"key":"SmokeBomb"}],"is_trial":false,"path_per_floor":["M","M","M","?","?","R","M","E","T","E","R","M","?","?","R","B"],"character_chosen":"DEFECT","items_purchased":[],"campfire_rested":3,"item_purchase_floors":[],"current_hp_per_floor":[51,49,49,23,23,48,40,40,40,32,57,27,32,25,52,0],"gold":258,"neow_bonus":"TWENTY_PERCENT_HP_BONUS","is_prod":false,"is_daily":false,"chose_seed":false,"campfire_upgraded":0,"win_rate":0,"timestamp":1549256404,"path_taken":["M","M","M","?","?","R","M","E","T","E","R","M","?","?","R","BOSS"],"build_version":"2019-01-23","purchased_purges":0,"victory":false,"max_hp_per_floor":[85,85,85,85,85,85,85,85,85,85,85,85,90,90,90,90],"card_choices":[{"not_picked":["Redo","Capacitor"],"picked":"BootSequence","floor":1},{"not_picked":["Conserve Battery","Tempest"],"picked":"BootSequence","floor":2},{"not_picked":["Turbo","Genetic Algorithm"],"picked":"Conserve Battery","floor":3},{"not_picked":["Ball Lightning","Sweeping Beam"],"picked":"Chill","floor":7},{"not_picked":["Beam Cell","Genetic Algorithm"],"picked":"Conserve Battery","floor":10},{"not_picked":["Amplify","Heatsinks"],"picked":"Go for the Eyes","floor":12}],"player_experience":994969,"relics_obtained":[{"floor":9,"key":"Tiny Chest"},{"floor":10,"key":"Centennial Puzzle"}],"event_choices":[{"damage_healed":0,"gold_gain":0,"player_choice":"Entered Light","damage_taken":26,"max_hp_gain":0,"max_hp_loss":0,"event_name":"Shining Light","floor":4,"gold_loss":0,"cards_upgraded":["BootSequence","Defend_B"]},{"damage_healed":0,"gold_gain":0,"player_choice":"Ignored","damage_taken":0,"max_hp_gain":0,"max_hp_loss":0,"event_name":"Liars Game","floor":5,"gold_loss":0},{"damage_healed":0,"gold_gain":0,"player_choice":"Donut","damage_taken":0,"max_hp_gain":5,"max_hp_loss":0,"event_name":"Big Fish","floor":13,"gold_loss":0},{"cards_removed":["Strike_B"],"damage_healed":0,"gold_gain":0,"player_choice":"Card Removal","damage_taken":7,"max_hp_gain":0,"max_hp_loss":0,"event_name":"Golden Wing","floor":14,"gold_loss":0}],"is_beta":false,"boss_relics":[],"items_purged_floors":[],"is_endless":false,"potions_floor_spawned":[3,7,12],"killed_by":"Slime Boss","ascension_level":17}