{"gold_per_floor":[116,116,139,31,31,31,52,67,67,110,135,135,154,154,154,274,274,274,214,214,214,214,214,214,214],"floor_reached":25,"playtime":2756,"items_purged":[],"score":303,"play_id":"814eba59-3cd6-4cc9-a444-f29f31952a44","local_time":"20181017132924","is_ascension_mode":true,"campfire_choices":[{"floor":6,"key":"REST"},{"floor":12,"key":"REST"},{"floor":15,"key":"REST"},{"floor":23,"key":"REST"}],"neow_cost":"PERCENT_DAMAGE","seed_source_timestamp":0,"circlet_count":0,"master_deck":["Defend_G","Defend_G","Defend_G","Defend_G","Defend_G+1","Strike_G","Strike_G","Strike_G","Survivor","Neutralize+1","Glass Knife","Poisoned Stab","Poisoned Stab","Footwork","Flying Knee","Malaise","Dagger Throw","Dagger Spray","Deflect","Doppelganger","Corpse Explosion","Predator","Cloak And Dagger","Backflip","Bouncing Flask","Outmaneuver"],"special_seed":0,"relics":["Ring of the Snake","Golden Idol","The Specimen","Mango","Ectoplasm","Art of War"],"potions_floor_usage":[22,22,24,25],"damage_taken":[{"damage":0.0,"enemies":"Cultist","floor":1.0,"turns":3.0},{"damage":0.0,"enemies":"Small Slimes","floor":3.0,"turns":3.0},{"damage":0.0,"enemies":"Jaw Worm","floor":4.0,"turns":3.0},{"damage":24,"enemies":"Gremlin Nob","floor":7,"turns":4},{"damage":0,"enemies":"Jaw Worm","floor":8,"turns":3},{"damage":21,"enemies":"Lagavulin","floor":10,"turns":7},{"damage":5,"enemies":"Gremlin Gang","floor":11,"turns":3},{"damage":11,"enemies":"Large Slime","floor":13,"turns":6},{"damage":11,"enemies":"The Guardian","floor":16,"turns":15},{"damage":14,"enemies":"Spheric Guardian","floor":18,"turns":4},{"damage":21,"enemies":"2 Thieves","floor":19,"turns":3},{"damage":31,"enemies":"Shelled Parasite and Fungi","floor":20,"turns":4},{"damage":4,"enemies":"Snake Plant","floor":22,"turns":5},{"damage":13,"enemies":"Centurion and Healer","floor":24,"turns":3},{"damage":17,"enemies":"Book of Stabbing","floor":25,"turns":3}],"seed_played":"-1400396082429285049","potions_obtained":[{"floor":3.0,"key":"AttackPotion"},{"floor":11,"key":"AttackPotion"},{"floor":13,"key":"LiquidBronze"},{"floor":16,"key":"GhostInAJar"},{"floor":22,"key":"Fire Potion"}],"is_trial":false,"path_per_floor":["M","?","M","$","?","R","E","M","T","E","M","R","M","?","R","B",null,"M","M","M","T","M","R","M"],"character_chosen":"THE_SILENT","items_purchased":["Footwork","Flying Knee"],"campfire_rested":4,"item_purchase_floors":[4,4],"current_hp_per_floor":[45,45,45,45,38,59,35,35,35,28,23,48,37,20,45,34,72,58,37,6,6,2,27,14,0],"gold":214,"neow_bonus":"TRANSFORM_TWO_CARDS","is_prod":false,"is_daily":false,"chose_seed":false,"campfire_upgraded":0,"win_rate":0,"timestamp":1539797364,"path_taken":["M","?","M","?","?","R","E","M","T","E","M","R","M","?","R","BOSS","M","?","M","?","M","R","?","E"],"build_version":"2018-10-11","purchased_purges":0,"victory":false,"max_hp_per_floor":[70,70,70,70,70,70,70,70,70,84,84,84,84,84,84,84,84,84,84,84,84,84,84,84,84],"card_choices":[{"not_picked":["Dodge and Roll","Blur"],"picked":"Poisoned Stab","floor":1.0},{"not_picked":["Bane","Setup","Finisher"],"picked":"SKIP","floor":3.0},{"not_picked":["Bane","Prepared"],"picked":"Malaise","floor":7},{"not_picked":["Slice","Deflect"],"picked":"Dagger Throw","floor":8},{"not_picked":["Underhanded Strike","Prepared"],"picked":"Dagger Spray","floor":10},{"not_picked":["Poisoned Stab","Outmaneuver"],"picked":"Deflect","floor":11},{"not_picked":["Outmaneuver","Deflect"],"picked":"Doppelganger","floor":13},{"not_picked":["Night Terror","Wraith Form v2"],"picked":"Corpse Explosion","floor":16},{"not_picked":["Accuracy","Expertise+1"],"picked":"Predator","floor":18},{"not_picked":["Dagger Throw+1","Blade Dance+1"],"picked":"Cloak And Dagger","floor":19},{"not_picked":["Predator+1","Outmaneuver"],"picked":"Backflip","floor":20},{"not_picked":["Quick Slash","Deflect"],"picked":"Bouncing Flask","floor":22},{"not_picked":["Accuracy+1","Eviscerate"],"picked":"Outmaneuver","floor":24}],"player_experience":607193,"relics_obtained":[{"floor":9,"key":"The Specimen"},{"floor":10,"key":"Mango"},{"floor":21,"key":"Art of War"}],"event_choices":[{"event_name":"Golden Idol","player_choice":"Take Wound","floor":2.0,"damage_taken":0.0},{"event_name":"Golden Wing","player_choice":"Card Removal","floor":5,"damage_taken":0},{"event_name":"Shining Light","player_choice":"Entered Light","floor":14,"damage_taken":0}],"is_beta":false,"boss_relics":[{"not_picked":["Velvet Choker","Pandora\u0027s Box"],"picked":"Ectoplasm"}],"items_purged_floors":[],"is_endless":false,"potions_floor_spawned":[3,11,13,16,18,20,22],"killed_by":"Book of Stabbing","ascension_level":9}