{"gold_per_floor":[369,369,369,33,51,86,86,49,49,76,76,93,123,137,137,238,538,548,14,14,34,34,64,78,78,108,138,149,230,241,251,251,352,352,366,366,18,64,82,108,29,47,119,138,153,167,167,197,197,197],"floor_reached":51,"playtime":10013,"items_purged":["Strike_B","Writhe","Injury"],"score":855,"play_id":"e133da12-1c0f-43d5-a80f-441511c4fd74","local_time":"20180801225528","is_ascension_mode":true,"campfire_choices":[{"data":"Strike_B","floor":7.0,"key":"SMITH"},{"floor":11.0,"key":"REST"},{"floor":15.0,"key":"REST"},{"floor":25.0,"key":"REST"},{"floor":32.0,"key":"REST"},{"floor":47,"key":"REST"},{"data":"Secret Technique","floor":49,"key":"SMITH"}],"neow_cost":"TEN_PERCENT_HP_LOSS","seed_source_timestamp":0,"circlet_count":0,"master_deck":["Strike_B+1","Strike_B","Strike_B","Defend_B","Defend_B","Defend_B","Zap","Dualcast","Conserve Battery+1","Compile Driver","Undo","Ball Lightning","Hello World","Capacitor","Redo","Heatsinks","Glacier","Machine Learning","Capacitor+1","Loop","Hologram","Defragment+1","Static Discharge+1","Fission","Conserve Battery+1","Reboot","Coolheaded","Secret Technique+1","Deep Breath","Dark Shackles","Heatsinks","Master of Strategy","Self Repair","Glacier+1","Ball Lightning+1","Doom and Gloom","Seek","Streamline+1","Sweeping Beam+1","Go for the Eyes+1"],"special_seed":0,"relics":["Cracked Core","Mummified Hand","Pear","Pen Nib","Orichalcum","Symbiotic Virus","Calling Bell","Old Coin","Anchor","Matryoshka","Pantograph","Gremlin Horn","Tiny Chest","Calipers","Ancient Tea Set","Bag of Marbles","Meat on the Bone","Sozu","Gambling Chip","Unceasing Top","Ornamental Fan","Prayer Wheel"],"potions_floor_usage":[],"damage_taken":[{"damage":4.0,"enemies":"Jaw Worm","floor":1.0,"turns":4.0},{"damage":1.0,"enemies":"Cultist","floor":5.0,"turns":3.0},{"damage":14.0,"enemies":"3 Sentries","floor":6.0,"turns":6.0},{"damage":14.0,"enemies":"Lagavulin","floor":10.0,"turns":7.0},{"damage":0.0,"enemies":"2 Louse","floor":12.0,"turns":2.0},{"damage":28.0,"enemies":"Gremlin Nob","floor":13.0,"turns":5.0},{"damage":2.0,"enemies":"Blue Slaver","floor":14.0,"turns":2.0},{"damage":39.0,"enemies":"Hexaghost","floor":16.0,"turns":10.0},{"damage":0.0,"enemies":"Shell Parasite","floor":18.0,"turns":5.0},{"damage":12.0,"enemies":"3 Byrds","floor":21.0,"turns":6.0},{"damage":51.0,"enemies":"Gremlin Leader","floor":23.0,"turns":10.0},{"damage":11.0,"enemies":"Snake Plant","floor":24.0,"turns":3.0},{"damage":0.0,"enemies":"Book of Stabbing","floor":27.0,"turns":6.0},{"damage":7.0,"enemies":"Cultist and Chosen","floor":28.0,"turns":7.0},{"damage":15.0,"enemies":"3 Cultists","floor":30.0,"turns":6.0},{"damage":0.0,"enemies":"Centurion and Healer","floor":31.0,"turns":7.0},{"damage":16.0,"enemies":"Champ","floor":33.0,"turns":12.0},{"damage":19,"enemies":"3 Darklings","floor":35,"turns":5},{"damage":15,"floor":38,"turns":4},{"damage":0,"enemies":"Flame Bruiser 1 Orb","floor":39,"turns":6},{"damage":0,"enemies":"Nemesis","floor":40,"turns":11},{"damage":7,"enemies":"4 Shapes","floor":42,"turns":3},{"damage":11,"enemies":"Sphere and 2 Shapes","floor":44,"turns":5},{"damage":0,"enemies":"Flame Bruiser 2 Orb","floor":45,"turns":4},{"damage":16,"enemies":"Transient","floor":46,"turns":5},{"damage":2,"enemies":"Giant Head","floor":48,"turns":7},{"damage":35,"enemies":"Time Eater","floor":50,"turns":10}],"seed_played":"-7575367426674998498","potions_obtained":[{"floor":1.0,"key":"AttackPotion"},{"floor":13.0,"key":"LiquidBronze"},{"floor":16.0,"key":"FearPotion"},{"floor":18.0,"key":"FairyPotion"}],"is_trial":false,"path_per_floor":["M","?","?","$","M","E","R","$","T","E","R","M","E","M","R","B",null,"M","$","?","M","$","E","M","R","T","E","M","T","M","M","R","B",null,"M","?","$","?","M","E","$","M","T","M","M","M","R","E","R","B"],"character_chosen":"DEFECT","items_purchased":["Mummified Hand","Compile Driver","Hello World","Loop","Pantograph","Hologram","FairyPotion","Heatsinks","Master of Strategy","Doom and Gloom"],"campfire_rested":5,"item_purchase_floors":[4,4,8,19,19,19,19,37,37,41],"current_hp_per_floor":[64,64,57,57,56,52,52,52,52,38,61,61,33,31,54,15,78,78,78,78,66,66,15,4,27,27,27,20,20,17,29,52,61,78,59,49,49,46,53,60,60,60,60,56,63,54,77,78,78,50],"gold":197,"neow_bonus":"TWO_FIFTY_GOLD","is_prod":false,"is_daily":false,"chose_seed":false,"campfire_upgraded":2,"win_rate":0,"timestamp":1533178528,"path_taken":["M","?","?","$","?","E","R","$","T","E","R","M","E","M","R","BOSS","M","$","?","M","?","E","M","R","T","E","M","?","?","M","R","BOSS","M","?","$","?","?","E","?","M","T","M","M","M","R","E","R","BOSS"],"build_version":"2018-07-26","purchased_purges":3,"victory":true,"max_hp_per_floor":[68,68,68,68,68,78,78,78,78,78,78,78,78,78,78,78,78,78,78,78,78,78,78,78,78,78,78,78,78,78,78,78,78,78,78,78,78,78,78,78,78,78,78,78,78,78,78,78,78,78],"card_choices":[{"not_picked":["Undo","Stack"],"picked":"Conserve Battery","floor":1.0},{"not_picked":["Stack","Redo"],"picked":"Undo","floor":5.0},{"not_picked":["Stack","Blizzard"],"picked":"Ball Lightning","floor":6.0},{"not_picked":["Force Field","Seek"],"picked":"Capacitor","floor":10.0},{"not_picked":["Stack","Streamline"],"picked":"Redo","floor":12.0},{"not_picked":["Genetic Algorithm","Gash"],"picked":"Heatsinks","floor":13.0},{"not_picked":["Coolheaded","Compile Driver"],"picked":"Glacier","floor":14.0},{"not_picked":["Meteor Strike","Fission"],"picked":"Machine Learning","floor":16.0},{"not_picked":["Steam","Undo"],"picked":"Capacitor+1","floor":18.0},{"not_picked":["Go for the Eyes","Redo"],"picked":"Defragment+1","floor":21.0},{"not_picked":["Sweeping Beam","Stack"],"picked":"Static Discharge+1","floor":23.0},{"not_picked":["Rebound","Auto Shields","Beam Cell"],"picked":"SKIP","floor":24.0},{"not_picked":["Doom and Gloom","Rebound+1"],"picked":"Fission","floor":27.0},{"not_picked":["Sweeping Beam","Leap","Barrage"],"picked":"SKIP","floor":28.0},{"not_picked":["Hello World","Rebound"],"picked":"Conserve Battery+1","floor":30.0},{"not_picked":["Scrape","Steam","Glacier"],"picked":"SKIP","floor":31.0},{"not_picked":["Hyperbeam","Fission"],"picked":"Reboot","floor":33.0},{"not_picked":["Hologram+1","Conserve Battery"],"picked":"Coolheaded","floor":35},{"not_picked":["Mind Blast","Thinking Ahead"],"picked":"Secret Technique","floor":36},{"not_picked":["Trip","Flash of Steel"],"picked":"Deep Breath","floor":36},{"not_picked":["Good Instincts","Bandage Up"],"picked":"Dark Shackles","floor":36},{"not_picked":["Beam Cell","Hologram"],"picked":"Self Repair","floor":38},{"not_picked":["Lockon","Ball Lightning"],"picked":"Glacier+1","floor":39},{"not_picked":["Rebound","Undo+1"],"picked":"Ball Lightning+1","floor":40},{"not_picked":["Go for the Eyes+1","Beam Cell"],"picked":"Seek","floor":42},{"not_picked":["Beam Cell+1","Hologram"],"picked":"Streamline+1","floor":44},{"not_picked":["Turbo","Reboot"],"picked":"Sweeping Beam+1","floor":45},{"not_picked":["Consume","Recycle+1","Redo"],"picked":"SKIP","floor":46},{"not_picked":["Capacitor+1","Cold Snap+1"],"picked":"Go for the Eyes+1","floor":48}],"player_experience":211328,"relics_obtained":[{"floor":6.0,"key":"Pear"},{"floor":9.0,"key":"Pen Nib"},{"floor":10.0,"key":"Orichalcum"},{"floor":13.0,"key":"Symbiotic Virus"},{"floor":17.0,"key":"Old Coin"},{"floor":17.0,"key":"Anchor"},{"floor":17.0,"key":"Matryoshka"},{"floor":23.0,"key":"Gremlin Horn"},{"floor":26.0,"key":"Tiny Chest"},{"floor":26.0,"key":"Calipers"},{"floor":27.0,"key":"Ancient Tea Set"},{"floor":29.0,"key":"Bag of Marbles"},{"floor":29.0,"key":"Meat on the Bone"},{"floor":38,"key":"Gambling Chip"},{"floor":40,"key":"Unceasing Top"},{"floor":43,"key":"Ornamental Fan"},{"floor":48,"key":"Prayer Wheel"}],"event_choices":[{"event_name":"Upgrade Shrine","player_choice":"Upgraded","floor":2.0,"damage_taken":0.0},{"event_name":"Golden Wing","player_choice":"Card Removal","floor":3.0,"damage_taken":0.0},{"event_name":"Purifier","player_choice":"One Purge","floor":20.0,"damage_taken":0.0},{"event_name":"SensoryStone","player_choice":"Memory 3","floor":36,"damage_taken":0},{"event_name":"Mysterious Sphere","player_choice":"Fight","floor":38,"damage_taken":0}],"is_beta":false,"boss_relics":[{"not_picked":["Runic Pyramid","Astrolabe"],"picked":"Calling Bell"},{"not_picked":["Philosopher\u0027s Stone","Inserter"],"picked":"Sozu"}],"items_purged_floors":[4,19,37],"is_endless":false,"potions_floor_spawned":[1,13,16,18,21,24,30,33,40,44,45,46],"ascension_level":1}