{"gold_per_floor":[144,195,160,205,159,249,294,8,8,98,143,12,57,102,102,402,402,447,492,537,130,130,220,220,220,245,245,290,117,117,162,162,462,462,507,555,555,555,555,555,645,180,180,225,89,89,134,134,134,134],"floor_reached":51,"playtime":4131,"items_purged":["Pain"],"score":732,"play_id":"87d1be97-fe6e-480d-818b-a93644c37746","local_time":"20190112053722","daily_mods":["Shiny","Time Dilation","Midas"],"is_ascension_mode":false,"campfire_choices":[{"floor":15,"key":"REST"},{"floor":24,"key":"REST"},{"floor":27,"key":"REST"},{"floor":32,"key":"REST"},{"floor":40,"key":"REST"},{"floor":46,"key":"REST"},{"floor":49,"key":"REST"}],"neow_cost":"","seed_source_timestamp":0,"circlet_count":0,"master_deck":["Venomology","Corpse Explosion","Malaise","Phantasmal Killer","Die Die Die","Adrenaline","Envenom","Doppelganger","Wraith Form v2","Tools of the Trade","Night Terror","Unload","After Image","Bullet Time","Storm of Steel","Glass Knife","A Thousand Cuts","Prepared","Blade Dance","Cloak And Dagger","Backflip","Phantasmal Killer","Riddle With Holes","Calculated Gamble","Underhanded Strike+1","Flash of Steel","Concentrate","Concentrate","Backflip","Envenom+1","Blade Dance","Footwork+1","Accuracy+1","Secret Weapon","Prepared+1","Dash","Dramatic Entrance","Choke","Mayhem+1","Escape Plan","Bullet Time","Cloak And Dagger+1","Dagger Spray+1","Infinite Blades+1","Escape Plan","Backstab+1","Finisher","Bandage Up","Panache+1","Dark Shackles","Mind Blast","Endless Agony+1"],"special_seed":17908,"relics":["Ring of the Serpent","Bottled Flame","Frozen Egg 2","Ice Cream","Ornamental Fan","Black Star","Membership Card","Bottled Lightning","Snake Skull","Strawberry","Ancient Tea Set","WarpedTongs","Torii","Centennial Puzzle","Tough Bandages","The Courier","MealTicket","Ninja Scroll","PreservedInsect","Whetstone","Sundial"],"potions_floor_usage":[14,19,20,20,22,23,31,36,36,48,50,50],"damage_taken":[{"damage":11,"enemies":"Jaw Worm","floor":1,"turns":3},{"damage":0,"enemies":"Small Slimes","floor":4,"turns":1},{"damage":18,"enemies":"Gremlin Nob","floor":6,"turns":3},{"damage":0,"enemies":"Cultist","floor":7,"turns":2},{"damage":16,"enemies":"3 Sentries","floor":10,"turns":4},{"damage":0,"enemies":"Exordium Thugs","floor":11,"turns":2},{"damage":0,"enemies":"Blue Slaver","floor":13,"turns":2},{"damage":0,"enemies":"Gremlin Gang","floor":14,"turns":1},{"damage":10,"enemies":"Hexaghost","floor":16,"turns":8},{"damage":20,"enemies":"3 Byrds","floor":18,"turns":3},{"damage":16,"enemies":"2 Thieves","floor":19,"turns":4},{"damage":15,"enemies":"Snecko","floor":20,"turns":6},{"damage":0,"enemies":"Snake Plant","floor":22,"turns":1},{"damage":17,"enemies":"Gremlin Leader","floor":23,"turns":6},{"damage":0,"enemies":"Chosen and Byrds","floor":28,"turns":4},{"damage":6,"enemies":"Snecko","floor":31,"turns":2},{"damage":24,"enemies":"Collector","floor":33,"turns":5},{"damage":4,"enemies":"3 Darklings","floor":35,"turns":3},{"damage":61,"enemies":"2 Orb Walkers","floor":36,"turns":7},{"damage":17,"enemies":"Reptomancer","floor":41,"turns":3},{"damage":0,"enemies":"3 Shapes","floor":44,"turns":1},{"damage":0,"enemies":"3 Darklings","floor":47,"turns":1},{"damage":0,"enemies":"Transient","floor":48,"turns":3},{"damage":62,"enemies":"Time Eater","floor":50,"turns":9}],"seed_played":"-6985528776825621970","potions_obtained":[{"floor":10,"key":"Energy Potion"},{"floor":13,"key":"GhostInAJar"},{"floor":16,"key":"Weak Potion"},{"floor":19,"key":"PowerPotion"},{"floor":28,"key":"Ancient Potion"},{"floor":31,"key":"Energy Potion"},{"floor":44,"key":"FearPotion"}],"is_trial":false,"path_per_floor":["M","?","?","M","$","E","M","$","T","E","M","$","M","M","R","B",null,"M","M","M","$","M","E","R","?","T","R","M","$","?","M","R","B",null,"M","?","T","?","?","R","E","$","T","M","$","R","M","M","R","B",null],"character_chosen":"THE_SILENT","items_purchased":["Cloak And Dagger","Frozen Egg 2","Riddle With Holes","Flash of Steel","Concentrate","Membership Card","Secret Weapon","Bottled Lightning","Dramatic Entrance","Choke","Mayhem+1","MealTicket","Ninja Scroll","Escape Plan","Backstab","Finisher","PreservedInsect","Whetstone","Bandage Up","Panache+1","Dark Shackles","Mind Blast"],"campfire_rested":7,"item_purchase_floors":[5,8,8,12,12,21,21,21,29,29,29,42,42,42,42,42,42,42,42,45,45,45],"current_hp_per_floor":[59,59,70,70,70,52,52,52,52,36,36,36,36,36,57,47,70,50,34,19,19,19,9,32,32,32,55,55,55,55,49,72,48,77,73,12,12,12,12,35,18,18,18,18,33,56,56,56,77,19],"gold":134,"neow_bonus":"","is_prod":false,"is_daily":true,"chose_seed":false,"campfire_upgraded":0,"win_rate":0,"timestamp":1547289442,"path_taken":["M","?","?","M","$","E","?","?","T","E","M","$","M","M","R","BOSS","M","M","M","$","M","E","R","?","T","R","M","$","?","?","R","BOSS","M","?","?","?","?","R","E","$","T","M","$","R","M","M","R","BOSS"],"build_version":"2019-01-10","purchased_purges":1,"victory":true,"max_hp_per_floor":[70,70,70,70,70,70,70,70,70,70,70,70,70,70,70,70,70,70,70,70,70,70,77,77,77,77,77,77,77,77,77,77,77,77,77,77,77,77,77,77,77,77,77,77,77,77,77,77,77,77],"card_choices":[{"not_picked":["Skewer","Caltrops"],"picked":"Prepared","floor":1},{"not_picked":["PiercingWail","Poisoned Stab"],"picked":"Blade Dance","floor":4},{"not_picked":["Bane","Bouncing Flask"],"picked":"Backflip","floor":6},{"not_picked":["Underhanded Strike","Quick Slash"],"picked":"Phantasmal Killer","floor":7},{"not_picked":["Bane","Distraction"],"picked":"Calculated Gamble","floor":10},{"not_picked":["Backstab","PiercingWail"],"picked":"Underhanded Strike","floor":11},{"not_picked":["Riddle With Holes","Terror"],"picked":"Concentrate","floor":13},{"not_picked":["Dagger Throw","Blur"],"picked":"Backflip","floor":14},{"not_picked":["Night Terror","Grand Finale"],"picked":"Envenom+1","floor":16},{"not_picked":["Crippling Poison","Deadly Poison+1"],"picked":"Blade Dance","floor":18},{"not_picked":["Bouncing Flask","Skewer"],"picked":"Footwork+1","floor":19},{"not_picked":["Poisoned Stab+1","All Out Attack"],"picked":"Accuracy+1","floor":20},{"not_picked":["Predator","Bouncing Flask"],"picked":"Prepared+1","floor":23},{"not_picked":["Blur+1","Backflip"],"picked":"Dash","floor":28},{"not_picked":["Acrobatics","Expertise"],"picked":"Escape Plan","floor":31},{"not_picked":["Malaise","Envenom+1"],"picked":"Bullet Time","floor":33},{"not_picked":["Blade Dance","Flying Knee+1"],"picked":"Cloak And Dagger+1","floor":35},{"not_picked":["Deflect","Backflip"],"picked":"Dagger Spray+1","floor":36},{"not_picked":["Dagger Throw+1","Poisoned Stab"],"picked":"Infinite Blades+1","floor":41},{"not_picked":["Venomology","Catalyst","Crippling Poison"],"picked":"SKIP","floor":44},{"not_picked":["Dash+1","Cloak And Dagger+1"],"picked":"Endless Agony+1","floor":47}],"player_experience":77471,"relics_obtained":[{"floor":6,"key":"Bottled Flame"},{"floor":9,"key":"Ice Cream"},{"floor":10,"key":"Ornamental Fan"},{"floor":23,"key":"Snake Skull"},{"floor":23,"key":"Strawberry"},{"floor":26,"key":"Ancient Tea Set"},{"floor":36,"key":"Torii"},{"floor":37,"key":"Centennial Puzzle"},{"floor":41,"key":"Tough Bandages"},{"floor":41,"key":"The Courier"},{"floor":43,"key":"Sundial"}],"event_choices":[{"damage_healed":0,"gold_gain":51,"player_choice":"Gained Gold","damage_taken":0,"max_hp_gain":0,"max_hp_loss":0,"event_name":"Golden Wing","floor":2,"gold_loss":0},{"damage_healed":17,"gold_gain":0,"player_choice":"Healed","damage_taken":0,"max_hp_gain":0,"max_hp_loss":0,"event_name":"The Cleric","floor":3,"gold_loss":35},{"cards_removed":["Grand Finale"],"damage_healed":0,"gold_gain":0,"player_choice":"Elegance","damage_taken":0,"max_hp_gain":0,"max_hp_loss":0,"event_name":"Back to Basics","floor":25,"gold_loss":0},{"damage_healed":0,"gold_gain":0,"player_choice":"Rummage","damage_taken":0,"relics_obtained":["WarpedTongs"],"max_hp_gain":0,"max_hp_loss":0,"event_name":"Accursed Blacksmith","floor":30,"gold_loss":0,"cards_obtained":["Pain"]},{"damage_healed":0,"gold_gain":0,"player_choice":"Fight","damage_taken":0,"max_hp_gain":0,"max_hp_loss":0,"event_name":"Mysterious Sphere","floor":36,"gold_loss":0},{"cards_removed":["Burst"],"damage_healed":0,"gold_gain":0,"player_choice":"Removed Skill","damage_taken":0,"max_hp_gain":0,"max_hp_loss":0,"event_name":"Falling","floor":38,"gold_loss":0},{"damage_healed":0,"gold_gain":0,"player_choice":"Ignored","damage_taken":0,"max_hp_gain":0,"max_hp_loss":0,"event_name":"Tomb of Lord Red Mask","floor":39,"gold_loss":0}],"is_beta":false,"boss_relics":[{"not_picked":["Eternal Feather","Ectoplasm"],"picked":"Black Star"},{"not_picked":["HoveringKite","Runic Pyramid"],"picked":"Ring of the Serpent"}],"items_purged_floors":[42],"is_endless":false,"potions_floor_spawned":[10,13,16,19,28,31,44,47],"ascension_level":0}