{"gold_per_floor":[114,129,144,159,174,174,189,189,189,204,219,234,249,264,264,364,364,379,406,433,460,487,499,148,163,188,203,203,218,233,248,248,348,348,363,83,98,113,128,128,143,143,143,158,158,158,173,188,188,188],"floor_reached":51,"playtime":2862,"items_purged":["Strike_G","Strike_G"],"score":788,"play_id":"eae572fb-284b-4d60-8070-e531c0da5dee","local_time":"20190210201657","daily_mods":["Specialized","Vintage","Terminal"],"is_ascension_mode":false,"campfire_choices":[{"data":"Crippling Poison","floor":6,"key":"SMITH"},{"floor":8,"key":"DIG"},{"floor":15,"key":"DIG"},{"floor":23,"key":"DIG"},{"floor":28,"key":"DIG"},{"floor":32,"key":"DIG"},{"floor":40,"key":"DIG"},{"floor":42,"key":"DIG"},{"floor":45,"key":"REST"},{"floor":49,"key":"DIG"}],"neow_cost":"","seed_source_timestamp":0,"circlet_count":0,"master_deck":["Defend_G+1","Defend_G","Defend_G","Defend_G","Defend_G","Strike_G","Strike_G+1","Strike_G","Survivor","Neutralize+1","Crippling Poison+1","Crippling Poison","Crippling Poison","Crippling Poison","Crippling Poison+1","Envenom","Heel Hook","Noxious Fumes","Master of Strategy","Burst","Well Laid Plans+1","Infinite Blades+1","Noxious Fumes+1","Catalyst"],"special_seed":17938,"relics":["Ring of the Snake","Tingsha","Mummified Hand","Shuriken","Torii","WingedGreaves","Shovel","Snake Skull","Meat on the Bone","Question Card","Letter Opener","Smiling Mask","Juzu Bracelet","Bag of Preparation","Sundial","White Beast Statue","MawBank","Orichalcum","Potion Belt","Matryoshka","Blue Candle","The Courier","Membership Card","Molten Egg 2","Happy Flower","Omamori","Pen Nib","Oddly Smooth Stone","Mercury Hourglass","Regal Pillow","Dream Catcher","Bag of Marbles","Lizard Tail","Frozen Egg 2","Pear","War Paint","Dodecahedron","Singing Bowl","Bronze Scales","Gremlin Horn","Ninja Scroll","Whetstone","Anchor","Ginger","Lantern","Darkstone Periapt","Bottled Lightning","Incense Burner"],"potions_floor_usage":[5,16,21,31,33,39,50,50],"damage_taken":[{"damage":1,"enemies":"Cultist","floor":1,"turns":4},{"damage":0,"enemies":"Jaw Worm","floor":2,"turns":4},{"damage":0,"enemies":"2 Louse","floor":3,"turns":2},{"damage":7,"enemies":"Large Slime","floor":4,"turns":8},{"damage":0,"enemies":"Gremlin Gang","floor":5,"turns":3},{"damage":0,"enemies":"2 Fungi Beasts","floor":7,"turns":3},{"damage":0,"enemies":"Blue Slaver","floor":10,"turns":4},{"damage":0,"enemies":"Looter","floor":11,"turns":4},{"damage":0,"enemies":"2 Fungi Beasts","floor":12,"turns":3},{"damage":0,"enemies":"Exordium Wildlife","floor":13,"turns":4},{"damage":0,"enemies":"Large Slime","floor":14,"turns":8},{"damage":14,"enemies":"The Guardian","floor":16,"turns":10},{"damage":0,"enemies":"3 Byrds","floor":18,"turns":3},{"damage":1,"enemies":"2 Thieves","floor":19,"turns":4},{"damage":1,"enemies":"Centurion and Healer","floor":20,"turns":7},{"damage":1,"enemies":"3 Cultists","floor":21,"turns":4},{"damage":1,"enemies":"Chosen and Byrds","floor":22,"turns":5},{"damage":1,"enemies":"Sentry and Sphere","floor":25,"turns":4},{"damage":1,"enemies":"Snake Plant","floor":27,"turns":4},{"damage":0,"enemies":"Centurion and Healer","floor":29,"turns":4},{"damage":0,"enemies":"Cultist and Chosen","floor":30,"turns":4},{"damage":1,"enemies":"Snake Plant","floor":31,"turns":3},{"damage":13,"enemies":"Collector","floor":33,"turns":7},{"damage":2,"enemies":"3 Darklings","floor":35,"turns":3},{"damage":0,"enemies":"Orb Walker","floor":37,"turns":3},{"damage":0,"enemies":"Sphere and 2 Shapes","floor":38,"turns":3},{"damage":1,"enemies":"Maw","floor":39,"turns":5},{"damage":0,"enemies":"4 Shapes","floor":41,"turns":2},{"damage":0,"enemies":"Jaw Worm Horde","floor":44,"turns":2},{"damage":0,"enemies":"Transient","floor":47,"turns":5},{"damage":0,"enemies":"Spire Growth","floor":48,"turns":4},{"damage":0,"enemies":"Donu and Deca","floor":50,"turns":6}],"seed_played":"6339212738474030288","potions_obtained":[{"floor":3,"key":"Fire Potion"},{"floor":11,"key":"SpeedPotion"},{"floor":12,"key":"PowerPotion"},{"floor":13,"key":"Regen Potion"},{"floor":16,"key":"SkillPotion"},{"floor":19,"key":"Energy Potion"},{"floor":20,"key":"SpeedPotion"},{"floor":21,"key":"GamblersBrew"},{"floor":22,"key":"Fire Potion"},{"floor":31,"key":"Strength Potion"},{"floor":33,"key":"SpeedPotion"},{"floor":35,"key":"SneckoOil"},{"floor":37,"key":"Block Potion"},{"floor":39,"key":"Regen Potion"},{"floor":46,"key":"EntropicBrew"},{"floor":46,"key":"Dexterity Potion"},{"floor":47,"key":"EssenceOfSteel"}],"is_trial":false,"path_per_floor":["M","M","M","M","M","R","M","R","T","M","M","M","M","M","R","B",null,"M","M","M","M","M","R","$","M","T","M","R","M","M","M","R","B",null,"M","$","M","M","M","R","M","R","T","M","R","?","M","M","R","B",null],"character_chosen":"THE_SILENT","items_purchased":["Heel Hook","Membership Card","Noxious Fumes","Master of Strategy","Pear","Well Laid Plans+1","Infinite Blades+1","Noxious Fumes+1","War Paint"],"campfire_rested":1,"item_purchase_floors":[24,24,24,24,36,36,36,36,36],"current_hp_per_floor":[68,67,66,59,59,59,59,59,59,59,58,57,56,55,54,40,52,51,50,49,48,47,46,45,44,43,42,41,40,39,38,37,24,35,33,43,42,41,40,39,38,37,36,35,34,33,32,31,30,29],"gold":188,"neow_bonus":"","is_prod":false,"is_daily":true,"chose_seed":false,"campfire_upgraded":1,"win_rate":0,"timestamp":1549847817,"path_taken":["M","M","M","M","M","R","M","R","T","M","M","M","M","M","R","BOSS","M","M","M","M","M","R","?","M","T","M","R","M","M","M","R","BOSS","M","$","M","M","M","R","M","R","T","M","R","?","M","M","R","BOSS"],"build_version":"2019-01-23","purchased_purges":2,"victory":true,"max_hp_per_floor":[68,67,66,65,64,63,62,61,60,59,58,57,56,55,54,53,52,51,50,49,48,47,46,45,44,43,42,41,40,39,38,37,36,35,34,43,42,41,40,39,38,37,36,35,34,33,32,31,30,29],"card_choices":[{"not_picked":["A Thousand Cuts","Tools of the Trade","Phantasmal Killer"],"picked":"Envenom","floor":16},{"not_picked":["Wraith Form v2","Tools of the Trade","Doppelganger"],"picked":"Burst","floor":33},{"not_picked":["PiercingWail+1","Deflect","Flying Knee+1"],"picked":"Catalyst","floor":45}],"player_experience":131167,"relics_obtained":[{"floor":1,"key":"Tingsha"},{"floor":2,"key":"Mummified Hand"},{"floor":3,"key":"Shuriken"},{"floor":4,"key":"Torii"},{"floor":5,"key":"WingedGreaves"},{"floor":7,"key":"Shovel"},{"floor":8,"key":"Snake Skull"},{"floor":9,"key":"Meat on the Bone"},{"floor":10,"key":"Question Card"},{"floor":11,"key":"Letter Opener"},{"floor":12,"key":"Smiling Mask"},{"floor":13,"key":"Juzu Bracelet"},{"floor":14,"key":"Bag of Preparation"},{"floor":15,"key":"Sundial"},{"floor":18,"key":"MawBank"},{"floor":19,"key":"Orichalcum"},{"floor":20,"key":"Potion Belt"},{"floor":21,"key":"Matryoshka"},{"floor":22,"key":"Blue Candle"},{"floor":23,"key":"The Courier"},{"floor":25,"key":"Molten Egg 2"},{"floor":26,"key":"Happy Flower"},{"floor":26,"key":"Omamori"},{"floor":27,"key":"Pen Nib"},{"floor":28,"key":"Oddly Smooth Stone"},{"floor":29,"key":"Mercury Hourglass"},{"floor":30,"key":"Regal Pillow"},{"floor":31,"key":"Dream Catcher"},{"floor":32,"key":"Bag of Marbles"},{"floor":35,"key":"Frozen Egg 2"},{"floor":37,"key":"Dodecahedron"},{"floor":38,"key":"Singing Bowl"},{"floor":39,"key":"Bronze Scales"},{"floor":40,"key":"Gremlin Horn"},{"floor":41,"key":"Ninja Scroll"},{"floor":42,"key":"Whetstone"},{"floor":43,"key":"Anchor"},{"floor":43,"key":"Ginger"},{"floor":44,"key":"Lantern"},{"floor":47,"key":"Darkstone Periapt"},{"floor":48,"key":"Bottled Lightning"},{"floor":49,"key":"Incense Burner"}],"event_choices":[{"damage_healed":0,"gold_gain":0,"player_choice":"Got Potions","damage_taken":0,"max_hp_gain":0,"max_hp_loss":0,"event_name":"Lab","floor":46,"gold_loss":0}],"is_beta":false,"boss_relics":[{"not_picked":["Runic Pyramid","Runic Dome"],"picked":"White Beast Statue"},{"not_picked":["Black Star","Snecko Eye"],"picked":"Lizard Tail"}],"items_purged_floors":[24,36],"is_endless":false,"potions_floor_spawned":[3,11,12,13,16,18,19,20,21,22,25,27,29,30,31,33,35,37,38,39,41,44,47,48],"ascension_level":0}