{"gold_per_floor":[111,122,122,197,197,197,197,226,226,250,250,261,10,41,41,114,114,130,148,164,164,89,121,121,152,152,152,172,222,54,79,79,151,151,166,166,166,166,66,94,108,118,163,176,186,186,198,231,231,231,231],"floor_reached":51,"playtime":3808,"items_purged":["Strike_B","Strike_B"],"score":1517,"play_id":"b8be6d35-568b-4422-9d0c-f9eb9187b61d","local_time":"20190202231211","is_ascension_mode":true,"campfire_choices":[{"floor":6,"key":"REST"},{"data":"Barrage","floor":11,"key":"SMITH"},{"data":"Conserve Battery","floor":15,"key":"SMITH"},{"floor":24,"key":"REST"},{"floor":32,"key":"RECALL"},{"floor":49,"key":"REST"}],"neow_cost":"NONE","seed_source_timestamp":1383605914246403,"circlet_count":0,"master_deck":["AscendersBane","Strike_B+1","Defend_B","Defend_B","Defend_B","Defend_B","Zap+1","Dualcast","Ball Lightning","Barrage+1","Coolheaded","Sweeping Beam+1","BootSequence","Ball Lightning+1","Conserve Battery+1","Seek","Barrage+1","Cold Snap+1","Core Surge+1","Defragment+1","BootSequence","Coolheaded","Biased Cognition","Biased Cognition+1","Undo","Seek"],"relics":["Cracked Core","Dream Catcher","PreservedInsect","Blue Candle","Molten Egg 2","DataDisk","Oddly Smooth Stone","Regal Pillow","Fusion Hammer","Bag of Preparation","Symbiotic Virus","Nunchaku","Ice Cream","Busted Crown","Whetstone","Boot"],"potions_floor_usage":[16,23,40],"damage_taken":[{"damage":12,"enemies":"Small Slimes","floor":1,"turns":3},{"damage":4,"enemies":"Jaw Worm","floor":2,"turns":4},{"damage":7,"enemies":"Gremlin Nob","floor":8,"turns":3},{"damage":0,"enemies":"2 Louse","floor":12,"turns":2},{"damage":0,"enemies":"3 Sentries","floor":14,"turns":5},{"damage":10,"enemies":"Hexaghost","floor":16,"turns":8},{"damage":0,"enemies":"Spheric Guardian","floor":18,"turns":3},{"damage":0,"enemies":"3 Byrds","floor":19,"turns":4},{"damage":25,"enemies":"Shelled Parasite and Fungi","floor":20,"turns":4},{"damage":5,"enemies":"Book of Stabbing","floor":23,"turns":3},{"damage":7,"enemies":"Slavers","floor":25,"turns":3},{"damage":0,"enemies":"Sentry and Sphere","floor":28,"turns":3},{"damage":6,"enemies":"Book of Stabbing","floor":31,"turns":3},{"damage":11,"enemies":"Automaton","floor":33,"turns":11},{"damage":5,"enemies":"3 Shapes","floor":35,"turns":3},{"damage":29,"enemies":"Giant Head","floor":40,"turns":8},{"damage":0,"enemies":"Orb Walker","floor":41,"turns":2},{"damage":0,"enemies":"Maw","floor":42,"turns":6},{"damage":0,"enemies":"Sphere and 2 Shapes","floor":44,"turns":4},{"damage":0,"enemies":"Writhing Mass","floor":45,"turns":6},{"damage":0,"enemies":"Spire Growth","floor":47,"turns":4},{"damage":16,"enemies":"Reptomancer","floor":48,"turns":4},{"damage":41,"enemies":"Time Eater","floor":50,"turns":13},{"damage":22,"enemies":"Donu and Deca","floor":51,"turns":8}],"seed_played":"-6102457693161868756","potions_obtained":[{"floor":1,"key":"EssenceOfSteel"},{"floor":12,"key":"Block Potion"},{"floor":20,"key":"Block Potion"},{"floor":23,"key":"LiquidBronze"},{"floor":40,"key":"Explosive Potion"},{"floor":41,"key":"PowerPotion"},{"floor":42,"key":"LiquidBronze"}],"is_trial":false,"path_per_floor":["M","M","?","?","?","R","?","E","T","T","R","M","$","E","R","B",null,"M","M","M","?","$","E","R","E","T","?","M","?","$","E","R","B",null,"M","?","?","?","$","E","M","M","T","M","M","?","M","E","R","B","B"],"character_chosen":"DEFECT","items_purchased":["Ball Lightning+1","Conserve Battery","Oddly Smooth Stone","Biased Cognition"],"campfire_rested":3,"item_purchase_floors":[13,13,13,30],"current_hp_per_floor":[52,48,53,42,24,46,46,39,39,39,39,39,39,39,39,29,64,64,64,39,39,39,34,71,64,64,64,64,64,64,58,58,47,69,64,64,64,64,64,35,35,35,35,35,35,35,35,19,55,14,0],"gold":231,"neow_bonus":"UPGRADE_CARD","is_prod":false,"is_daily":false,"chose_seed":false,"campfire_upgraded":2,"win_rate":0,"timestamp":1549177931,"path_taken":["M","M","?","?","?","R","?","E","T","?","R","M","$","E","R","BOSS","M","?","M","?","?","E","R","E","T","?","?","?","$","E","R","BOSS","M","?","?","?","$","E","M","M","T","?","M","?","M","E","R","BOSS","BOSS"],"build_version":"2019-01-23","purchased_purges":2,"victory":false,"max_hp_per_floor":[71,71,76,76,76,76,76,76,76,76,76,76,76,76,76,76,76,76,76,76,76,76,76,76,76,76,76,76,76,76,76,76,76,76,76,76,72,72,72,72,72,72,72,72,72,72,72,72,72,72,72],"card_choices":[{"not_picked":["Static Discharge","Hologram"],"picked":"Ball Lightning","floor":1},{"not_picked":["Scrape","Doom and Gloom"],"picked":"Barrage","floor":2},{"not_picked":["White Noise","Rebound"],"picked":"Coolheaded","floor":6},{"not_picked":["Blizzard","Rebound"],"picked":"Sweeping Beam","floor":8},{"not_picked":["Turbo","Streamline+1"],"picked":"BootSequence","floor":12},{"not_picked":["Heatsinks","Blizzard+1","Steam Power"],"picked":"SKIP","floor":14},{"not_picked":["Multi-Cast","Rainbow"],"picked":"Seek","floor":16},{"not_picked":["Blizzard+1","Sweeping Beam+1"],"picked":"Barrage+1","floor":18},{"not_picked":["Hello World","Fusion","Stack"],"picked":"SKIP","floor":19},{"not_picked":["Steam","Ball Lightning+1"],"picked":"Cold Snap+1","floor":20},{"not_picked":["Sweeping Beam+1","Reprogram"],"picked":"Core Surge+1","floor":23},{"not_picked":["Self Repair","Hologram"],"picked":"Defragment","floor":24},{"not_picked":["Leap","Ball Lightning+1"],"picked":"BootSequence","floor":25},{"not_picked":["Streamline+1","Sweeping Beam+1"],"picked":"Coolheaded","floor":28},{"not_picked":["Go for the Eyes+1","Auto Shields+1","Stack"],"picked":"SKIP","floor":31},{"not_picked":["Core Surge+1","Thunder Strike+1"],"picked":"Biased Cognition","floor":33},{"not_picked":["Rebound+1"],"picked":"SKIP","floor":35},{"not_picked":["Recycle"],"picked":"SKIP","floor":40},{"not_picked":["Static Discharge"],"picked":"SKIP","floor":41},{"not_picked":[],"picked":"Undo","floor":42},{"not_picked":["Beam Cell+1"],"picked":"SKIP","floor":44},{"not_picked":["Chill+1"],"picked":"SKIP","floor":45},{"not_picked":["Auto Shields"],"picked":"SKIP","floor":47},{"not_picked":["Auto Shields"],"picked":"SKIP","floor":47},{"not_picked":["Stack"],"picked":"SKIP","floor":48}],"player_experience":812641,"relics_obtained":[{"floor":8,"key":"Blue Candle"},{"floor":9,"key":"Molten Egg 2"},{"floor":10,"key":"DataDisk"},{"floor":14,"key":"Regal Pillow"},{"floor":23,"key":"Bag of Preparation"},{"floor":25,"key":"Symbiotic Virus"},{"floor":26,"key":"Nunchaku"},{"floor":31,"key":"Ice Cream"},{"floor":40,"key":"Whetstone"},{"floor":48,"key":"Boot"}],"event_choices":[{"damage_healed":0,"gold_gain":0,"player_choice":"Donut","damage_taken":0,"max_hp_gain":5,"max_hp_loss":0,"event_name":"Big Fish","floor":3,"gold_loss":0},{"damage_healed":0,"gold_gain":75,"player_choice":"Gather Gold","damage_taken":11,"max_hp_gain":0,"max_hp_loss":0,"event_name":"World of Goop","floor":4,"gold_loss":0},{"damage_healed":0,"gold_gain":0,"player_choice":"Success","damage_taken":18,"relics_obtained":["Dream Catcher"],"max_hp_gain":0,"max_hp_loss":0,"event_name":"Scrap Ooze","floor":5,"gold_loss":0},{"damage_healed":0,"gold_gain":0,"player_choice":"Searched \u00271\u0027 times","damage_taken":0,"relics_obtained":["PreservedInsect"],"max_hp_gain":0,"max_hp_loss":0,"event_name":"Dead Adventurer","floor":7,"gold_loss":0},{"damage_healed":0,"gold_gain":0,"player_choice":"Searched \u00271\u0027 times","damage_taken":0,"relics_obtained":["PreservedInsect"],"max_hp_gain":0,"max_hp_loss":0,"event_name":"Dead Adventurer","floor":7,"gold_loss":0},{"cards_removed":["Strike_B"],"damage_healed":0,"gold_gain":0,"player_choice":"Purged","damage_taken":0,"max_hp_gain":0,"max_hp_loss":0,"event_name":"Purifier","floor":21,"gold_loss":0},{"damage_healed":0,"gold_gain":0,"player_choice":"Forge","damage_taken":0,"max_hp_gain":0,"max_hp_loss":0,"event_name":"Accursed Blacksmith","floor":27,"gold_loss":0,"cards_upgraded":["Defragment"]},{"damage_healed":0,"gold_gain":50,"player_choice":"Pray","damage_taken":0,"max_hp_gain":0,"max_hp_loss":0,"event_name":"Golden Shrine","floor":29,"gold_loss":0},{"damage_healed":0,"gold_gain":0,"player_choice":"Ignored","damage_taken":0,"max_hp_gain":0,"max_hp_loss":0,"event_name":"Tomb of Lord Red Mask","floor":36,"gold_loss":0},{"damage_healed":0,"gold_gain":0,"player_choice":"Max HP","damage_taken":0,"max_hp_gain":0,"max_hp_loss":4,"event_name":"Winding Halls","floor":37,"gold_loss":0},{"damage_healed":0,"gold_gain":0,"player_choice":"Upgraded","damage_taken":0,"max_hp_gain":0,"max_hp_loss":0,"event_name":"Upgrade Shrine","floor":38,"gold_loss":0,"cards_upgraded":["Biased Cognition"]},{"damage_healed":0,"gold_gain":0,"player_choice":"1 cards matched","damage_taken":0,"max_hp_gain":0,"max_hp_loss":0,"event_name":"Match and Keep!","floor":46,"gold_loss":0,"cards_obtained":["Seek"]}],"is_beta":false,"boss_relics":[{"not_picked":["Runic Dome","Empty Cage"],"picked":"Fusion Hammer"},{"not_picked":["Coffee Dripper","Lizard Tail"],"picked":"Busted Crown"}],"items_purged_floors":[22,39],"is_endless":false,"potions_floor_spawned":[1,12,20,23,40,41,42],"killed_by":"Donu and Deca","ascension_level":20}