{"gold_per_floor":[110,2,2,16,16,48,48,105,105,118,132,151,168,168,168,264,264,283,208,223,247,272,272,300,318,318,318,318,331,331,349,349,446,446,460,477,530,188,0,30,30,30,54,74,93,93,113,130,130,130],"floor_reached":50,"playtime":5409,"items_purged":["Strike_R"],"score":658,"play_id":"e0d4d132-d323-49b2-864f-92966a51947b","local_time":"20180914171200","is_ascension_mode":true,"campfire_choices":[{"data":"Perfected Strike","floor":7,"key":"SMITH"},{"floor":15,"key":"REST"},{"floor":23,"key":"REST"},{"floor":27,"key":"REST"},{"floor":30,"key":"REST"},{"floor":32,"key":"REST"},{"floor":41,"key":"REST"},{"floor":46,"key":"REST"},{"floor":49,"key":"REST"}],"neow_cost":"NONE","seed_source_timestamp":16207023240038,"circlet_count":0,"master_deck":["Strike_R","Strike_R+1","Strike_R+1","Defend_R","Defend_R+1","Defend_R+1","Bash","Fire Breathing","Fire Breathing","Uppercut","Blood for Blood","Armaments+1","Perfected Strike+1","Thunderclap","Dropkick","Wild Strike","Rampage","Shrug It Off","Double Tap","Iron Wave+1","Fire Breathing+1","True Grit+1","Shrug It Off","RitualDagger","Sever Soul+1","Clothesline","Double Tap","Flex+1","Fire Breathing+1","Fire Breathing","Whirlwind","Infernal Blade+1","Perfected Strike+1","Thunderclap+1","Pommel Strike+1","Warcry"],"relics":["Burning Blood","NeowsBlessing","Bottled Flame","Tiny Chest","Darkstone Periapt","Sozu","Bag of Marbles","PreservedInsect","Question Card","Letter Opener","Busted Crown","Gambling Chip","Whetstone","Red Mask","Molten Egg 2","Strawberry"],"potions_floor_usage":[16,40,40],"damage_taken":[{"damage":0,"enemies":"Cultist","floor":1,"turns":1},{"damage":0,"enemies":"2 Louse","floor":4,"turns":1},{"damage":0,"enemies":"3 Sentries","floor":6,"turns":1},{"damage":20,"enemies":"Gremlin Nob","floor":8,"turns":4},{"damage":10,"enemies":"Jaw Worm","floor":10,"turns":4},{"damage":5,"enemies":"Blue Slaver","floor":11,"turns":3},{"damage":8,"enemies":"Large Slime","floor":12,"turns":6},{"damage":8,"enemies":"3 Louse","floor":13,"turns":3},{"damage":41,"enemies":"Slime Boss","floor":16,"turns":10},{"damage":31,"enemies":"2 Thieves","floor":18,"turns":3},{"damage":22,"enemies":"Spheric Guardian","floor":20,"turns":4},{"damage":39,"enemies":"Book of Stabbing","floor":24,"turns":4},{"damage":5,"enemies":"Centurion and Healer","floor":25,"turns":5},{"damage":7,"enemies":"3 Cultists","floor":29,"turns":5},{"damage":29,"enemies":"Shelled Parasite and Fungi","floor":31,"turns":5},{"damage":72,"enemies":"Champ","floor":33,"turns":13},{"damage":12,"enemies":"3 Shapes","floor":35,"turns":5},{"damage":34,"enemies":"3 Darklings","floor":36,"turns":5},{"damage":23,"enemies":"Mysterious Sphere","floor":37,"turns":7},{"damage":27,"enemies":"Giant Head","floor":40,"turns":6},{"damage":12,"enemies":"Sphere and 2 Shapes","floor":44,"turns":3},{"damage":10,"enemies":"Spire Growth","floor":45,"turns":4},{"damage":0,"enemies":"Transient","floor":47,"turns":5},{"damage":19,"enemies":"4 Shapes","floor":48,"turns":3},{"damage":76,"enemies":"Awakened One","floor":50,"turns":6}],"seed_played":"-5822598573417346137","potions_obtained":[{"floor":1,"key":"EssenceOfSteel"},{"floor":4,"key":"SpeedPotion"},{"floor":6,"key":"SpeedPotion"},{"floor":13,"key":"EssenceOfSteel"},{"floor":16,"key":"GamblersBrew"}],"is_trial":false,"path_per_floor":["M","$","?","M","?","E","R","E","T","M","M","M","M","?","R","B",null,"M","?","M","T","T","R","E","M","T","R","?","M","R","M","R","B",null,"M","M","?","$","?","E","R","$","T","M","M","R","M","M","R"],"character_chosen":"IRONCLAD","items_purchased":["Fire Breathing","Uppercut","Whetstone","Fire Breathing","Whirlwind"],"campfire_rested":8,"item_purchase_floors":[2,2,38,38,38],"current_hp_per_floor":[80,80,80,80,80,80,80,66,66,62,63,61,59,43,67,32,80,55,55,39,39,39,63,30,31,31,55,49,48,72,49,73,7,80,74,46,29,29,29,8,32,32,39,33,29,55,61,48,74,0],"gold":130,"neow_bonus":"THREE_ENEMY_KILL","is_prod":false,"is_daily":false,"chose_seed":false,"campfire_upgraded":1,"win_rate":0,"timestamp":1536959520,"path_taken":["M","?","?","M","?","E","R","E","T","M","M","M","?","?","R","BOSS","M","?","M","?","?","R","E","M","T","R","?","M","R","?","R","BOSS","M","M","?","$","?","E","R","$","T","M","M","R","M","M","R","BOSS"],"build_version":"2018-09-06","purchased_purges":1,"victory":false,"max_hp_per_floor":[80,80,80,80,80,80,80,80,80,80,80,80,80,80,80,80,80,80,80,80,80,80,80,80,80,80,80,80,80,80,80,80,80,80,80,80,80,80,80,80,80,80,87,87,87,87,87,87,87,87],"card_choices":[{"not_picked":["Headbutt","Pummel"],"picked":"Fire Breathing","floor":1},{"not_picked":["Havoc","Clothesline"],"picked":"Armaments","floor":4},{"not_picked":["Thunderclap","Battle Trance"],"picked":"Perfected Strike","floor":6},{"not_picked":["Sword Boomerang","Offering"],"picked":"Thunderclap","floor":8},{"not_picked":["Entrench","Power Through"],"picked":"Dropkick","floor":10},{"not_picked":["True Grit","Searing Blow"],"picked":"Wild Strike","floor":11},{"not_picked":["Sever Soul","Thunderclap"],"picked":"Rampage","floor":12},{"not_picked":["Body Slam","Feel No Pain"],"picked":"Shrug It Off","floor":13},{"not_picked":["Exhume","Offering"],"picked":"Double Tap","floor":16},{"not_picked":["Armaments","Sword Boomerang"],"picked":"Iron Wave+1","floor":18},{"not_picked":["Blood for Blood","Battle Trance"],"picked":"Fire Breathing+1","floor":20},{"not_picked":["Clothesline","Clash"],"picked":"True Grit+1","floor":24},{"not_picked":["Armaments","Thunderclap","Iron Wave"],"picked":"Shrug It Off","floor":25},{"not_picked":["Heavy Blade","Havoc","Second Wind"],"picked":"Sever Soul+1","floor":29},{"not_picked":["Clash","Brutality","Heavy Blade"],"picked":"Clothesline","floor":31},{"not_picked":["Exhume","Offering","Limit Break"],"picked":"Double Tap","floor":33},{"not_picked":["Havoc"],"picked":"Flex+1","floor":35},{"not_picked":["Twin Strike+1"],"picked":"Fire Breathing+1","floor":36},{"not_picked":["Flex"],"picked":"Infernal Blade+1","floor":40},{"not_picked":["Feel No Pain+1"],"picked":"Perfected Strike+1","floor":44},{"not_picked":["Clash+1"],"picked":"Thunderclap+1","floor":45},{"not_picked":["Dual Wield"],"picked":"Pommel Strike+1","floor":47},{"not_picked":["Clothesline+1"],"picked":"Warcry","floor":48}],"player_experience":363884,"relics_obtained":[{"floor":6,"key":"Bottled Flame"},{"floor":8,"key":"Tiny Chest"},{"floor":9,"key":"Darkstone Periapt"},{"floor":21,"key":"Bag of Marbles"},{"floor":22,"key":"PreservedInsect"},{"floor":24,"key":"Question Card"},{"floor":26,"key":"Letter Opener"},{"floor":37,"key":"Gambling Chip"},{"floor":40,"key":"Molten Egg 2"},{"floor":43,"key":"Strawberry"}],"event_choices":[{"event_name":"Transmorgrifier","player_choice":"Transform","floor":3,"damage_taken":0},{"event_name":"Living Wall","player_choice":"Grow","floor":5,"damage_taken":0},{"event_name":"Shining Light","player_choice":"Entered Light","floor":14,"damage_taken":0},{"event_name":"Beggar","player_choice":"Gave Gold","floor":19,"damage_taken":0},{"event_name":"Nest","player_choice":"Joined the Cult","floor":28,"damage_taken":0},{"event_name":"Mysterious Sphere","player_choice":"Fight","floor":37,"damage_taken":0},{"event_name":"Tomb of Lord Red Mask","player_choice":"Paid","floor":39,"damage_taken":0}],"is_beta":false,"boss_relics":[{"not_picked":["Eternal Feather","Orrery"],"picked":"Sozu"},{"not_picked":["Calling Bell","Philosopher\u0027s Stone"],"picked":"Busted Crown"}],"items_purged_floors":[38],"is_endless":false,"potions_floor_spawned":[1,4,6,13,16,18,24,33,35,40,44],"killed_by":"Awakened One","ascension_level":3}